2075 2734
491 94 1675 169 DEDioAfTro.

303 200 666 264 doctissimus
705 190 1153 279 jurisconsultus
1197 190 1467 251 Thomas
1493 191 1868 275 Dempsterus

302 284 653 347 doctissimis
697 280 809 339 suis
847 278 1287 338 commentariis
1320 274 1633 337 illustravit
1656 321 1671 341 ,
1727 277 1876 336 Sere-

306 369 525 431 niffimi
550 366 838 446 Principis
860 359 1067 443 Jacobi
1091 362 1272 442 primi
1296 359 1535 440 Magnae
1561 362 1874 421 Britanniae

308 456 491 534 Regis
503 470 727 511 nomen
745 452 813 510 &
839 443 1044 505 titulos
1069 444 1167 503 sua
1194 441 1391 502 fronte
1414 440 1714 503 referebat.
1762 445 1876 503 Ex-

310 536 451 599 inde
465 533 641 595 multi
659 527 1048 615 Typographi
1063 576 1080 600 ,
1126 544 1253 585 tum
1269 529 1332 584 in
1347 525 1558 607 Belgio
1573 570 1586 590 ,
1638 544 1766 587 tum
1783 550 1878 589 ex-

312 640 397 682 tra
426 618 699 699 Belgium
724 617 828 698 qui
856 611 1154 684 habitant,
1199 608 1328 669 illas
1351 612 1566 692 aptiori
1587 608 1880 671 methodo

315 698 749 786 disposuerunt,
784 693 1076 778 variisque
1092 692 1382 777 opusculis
1403 692 1620 754 eodem
1631 689 1885 777 spestan-

316 788 474 849 tibus
492 799 771 844 auxerunt
788 826 802 846 ,
849 777 1283 861 elegantiffimis
1305 777 1502 859 figuris
1531 780 1594 836 in
1609 799 1678 837 aes
1694 776 1888 837 incifis

318 886 597 934 ornarunt
625 912 639 931 ‚
696 869 838 927 viris
880 866 1131 945 Europae
1176 861 1537 944 principibus
1582 859 1892 922 dedicave-

321 970 452 1017 runt
466 998 480 1020 ,
530 957 596 1018 &
612 948 884 1011 manibus
897 942 1262 1031 pedibusque
1275 942 1498 1005 obnixe
1527 948 1730 1005 omnia
1741 943 1894 1005 fece-'

323 1055 456 1101 runt
470 1088 486 1114 ‚
533 1052 599 1095 ut
616 1032 897 1096 omnibus
913 1082 930 1106 ,
975 1034 1037 1092 in
1053 1052 1307 1115 quorum
1320 1027 1648 1089 inciderent
1664 1051 1893 1104 manu3‚

324 1123 634 1208 placerent.
724 1120 798 1177 In
815 1115 926 1176 hac
940 1115 1208 1176 editione
1222 1136 1384 1175 nova
1397 1112 1545 1197 quid
1558 1135 1665 1174 nos
1680 1113 1897 1196 praesta-

328 1230 387 1267 re
411 1207 611 1265 conati
633 1201 918 1262 fuerimus
947 1249 963 1273 ,
1009 1198 1272 1283 proclive
1297 1200 1403 1258 erit
1428 1195 1779 1278 cognoscere
1803 1199 1897 1255 cui

332 1290 497 1352 illam
512 1286 792 1348 evolvere
807 1306 931 1346 non
943 1280 1122 1343 fuerit
1133 1304 1325 1365 grave.

414 1373 590 1433 Hanc
610 1377 718 1430 Viri
734 1371 1018 1448 Nobilzffimi
1032 1417 1047 1441 ‚
1067 1369 1360 1445 Gravtffimi
1371 1416 1387 1438 ,
1410 1369 1720 1443 eAmplifflmi
1730 1368 1901 1425 Omni

331 1460 521 1518 animi
536 1452 939 1514 summiffione
957 1450 1156 1515 Vobis
1181 1447 1486 1509 offerimus
1511 1452 1577 1512 ἓξ
1604 1445 1905 1519 sacramm,
1993 1466 1995 1474 ⁴

338 1544 420 1602 Et
437 1598 455 1617 ‚
500 1556 564 1599 ut
579 1538 744 1598 illam
760 1536 962 1603 Vobis
980 1532 1324 1594 offerremus
1344 1583 1359 1607 ,
1410 1531 1645 1592 sonticae
1671 1554 1780 1592 nos
1800 1536 1907 1594 im-

341 1624 610 1708 pulerunt
639 1617 831 1681 causae‚
920 1618 1159 1679 Illarum
1188 1621 1346 1701 prior
1383 1618 1451 1679 δί
1492 1620 1773 1700 praecipua
1825 1641 1856 1679 e

343 1709 480 1771 haeC.
554 1705 706 1766 Estis
735 1711 842 1762 Viri
859 1704 1183 1780 Nobilisstmt',
1235 1704 1561 1781 Gravisfimi,
1591 1703 1910 1780 &Amplisstmi

342 1790 649 1853 Musarum
665 1791 1033 1848 Mecoenates
1053 1788 1116 1848 ἃ
1135 1787 1375 1845 Patroni
1394 1835 1409 1859 ‚
1460 1789 1524 1848 ὅτ
1541 1788 1700 1845 Viros
1714 1784 1907 1845 erudi-

348 1894 441 1935 tos
487 1874 649 1934 almo
693 1871 818 1932 sinu
857 1868 1078 1930 fovetis
1109 1919 1125 1942 ,
1182 1871 1251 1931 &
1292 1867 1592 1927 beneficiis
1627 1873 1906 1930 oneratis:

349 1960 519 2019 omni
539 1978 777 2040 quoque
794 1957 980 2014 animi
1006 1955 1390 2013 contentione
1411 1950 1477 2011 id
1494 1954 1663 2033 agitis
1683 2003 1698 2028 ,
1744 1951 1913 2037 quod

350 2043 637 2102 Civitatis
655 2041 1002 2113 Trajeastinae
1020 2036 1365 2096 Academiae
1390 2035 1773 2097 celeberrimae
1796 2059 1912 2096 am-

351 2122 678 2208 plificandae
707 2125 775 2184 δί
812 2120 1158 2180 illustrandae
1195 2117 1379 2179 facere
1422 2118 1695 2179 videtur:
1751 2125 1911 2197 cujus

352 2208 669 2290 specimina
686 2206 1049 2285 temporibus
1066 2202 1265 2286 elapsis
1279 2204 1466 2262 multa
1479 2201 1912 2286 vidimusque-

353 2291 502 2353 ridie
526 2289 688 2373 plura
715 2288 1021 2363 Videmus,
1069 2291 1136 2352 ἃ
1182 2286 1453 2371 posteros
1486 2285 1911 2370 prodeuntibus

1765 2387 1911 2431 tem-
