2075 2734
389 117 446 143 472
689 110 1693 145 AxrxquwriffunRoiiimanumLam.

1017 169 1108 199 Tribus
1126 173 1210 199 XIII.
1230 170 1355 200 Cernelia.

432 219 493 248 Fuit
515 221 541 248 δε
556 219 610 248 haec
625 221 731 257 antiqua
746 219 824 248 tribur
840 220 853 249 ἱι
869 223 962 250 Servio
976 221 1066 250 Tullio
1081 221 1198 250 instituta
1208 242 1216 253 ‚
1245 231 1302 259 quae
1316 223 1398 251 veteri
1414 223 1526 251 nominc
1542 222 1648 251 dimitl‘o
1659 243 1666 255 ,
1693 224 1808 253 cornelia
1822 227 1910 262 postca
1926 237 1971 265 ap-

391 256 488 293 pellata
511 258 561 285 fuit
576 279 582 287 ‚
609 258 622 285 ὀ
643 266 723 294 gente
738 260 855 287 Con-clm
870 261 994 288 onmium
1011 258 1172 287 nobilissima
1185 267 1263 296 atque
1279 260 1439 296 amplissima
1453 281 1460 291 ‚
1486 262 1721 298 queamdmodum
1736 262 1833 299 legenti
1848 273 1971 294 veterum

390 294 500 332 scripta,
522 298 548 324 ἃ
563 295 683 323 Richm-d1
694 296 805 324 Samii
818 298 851 325 de
865 297 996 326 Gentibus
1012 300 1038 326 ἃ
1053 297 1170 326 Familiis
1186 299 1376 327 Romanorum
1393 298 1490 327 librum
1500 320 1508 331 ,
1529 299 1629 327 clatum
1645 299 1682 327 fit.
1714 301 1842 329 Meminit
1856 303 1912 339 ejus
1927 309 1971 332 Lt-

392 334 450 359 Tius
463 334 561 361 eodem
576 333 651 365 loco,
673 334 720 362 ubi
734 334 844 364 AEmilsae.

1034 379 1123 410 Tribus
1140 385 1217 409 XIV.
1239 380 1329 410 Fabia.

433 433 546 460 Nomen
560 433 676 462 obtinuit
692 433 747 462 haec
763 433 870 462 tribus&
885 433 1024 462 clarissima
1036 442 1117 471 gente
1132 432 1209 460 Fabia
1219 454 1225 464 ‚
1246 442 1302 470 quae
1316 434 1343 460 in
1361 442 1420 460 eam
1435 433 1517 460 relata
1531 433 1590 462 fuit.
1623 435 1728 461 Montio
1744 434 1800 470 ejus
1814 443 1886 464 extat
1900 438 1970 473 apud

391 470 539 497 Suetonium
560 472 587 498 in
608 473 742 509 Augusto:
769 471 888 499 Fabmnis
908 475 934 501 ἓ(
953 470 1131 510 διαγιὶεπβὺιιε
1144 470 1276 499 trtbulibus
1290 471 1340 499 suis
1360 471 1403 499 die
1428 472 1604 500 comitiorum
1618 471 1716 510 singula
1731 473 1816 501 millia
1829 474 1944 503 numum
1959 478 1973 503 ὰ

393 508 419 536 se
435 508 579 538 dividebat.
600 510 673 538 Item
687 511 756 548 apud
771 511 930 538 Horatium:

705 547 755 575 Hic
770 548 881 576 multum
895 548 921 575 in
936 547 1013 575 Fabia
1027 546 1110 579 valet,
1131 545 1172 573 ille
1186 545 1282 574 Velina.

1026 600 1119 628 Tribus
1137 603 1197 627 XV.
1217 602 1247 626 H
1246 598 1336 626 oraria.

433 647 514 685 Qod
530 657 633 676 nomen
647 648 791 685 antiquitus
804 647 865 676 huic
880 648 958 676 tribui
974 647 1069 677 suerit,
1091 648 1118 675 in
1132 654 1207 675 tanto
1220 654 1343 674 veterum
1358 646 1502 675 authorum
1519 647 1625 676 defectu
1639 646 1697 676 sciri
1711 659 1766 677 non
1779 650 1880 687 potest:
1902 652 1972 680 ditia

391 685 479 721 postca
493 685 543 713 fuit
556 685 666 714 Horatia
678 707 685 718 ‚
705 686 718 714 ἐι
732 686 853 715 nobili&
870 686 938 713 clam
951 694 1032 722 gente
1047 684 1166 713 Horatia.
1209 685 1371 721 Qanquam
1386 693 1476 713 autem
1494 685 1598 714 nullum
1614 688 1710 714 veteris
1724 687 1860 724 scriptoris
1874 690 1907 717 de
1922 691 1971 717 hac

390 721 458 750 :riba
477 724 663 752 testimonium
678 732 769 752 extet:
796 725 856 760 quia
871 733 962 752 tamen
978 726 1004 751 in
1018 725 1133 761 antiquis
1146 723 1264 758 lapidum
1281 722 1496 759 inscriptionibus
1510 724 1566 759 ejus
1581 725 1685 751 mentio
1699 725 1730 752 fit
1742 745 1750 756 ,
1777 726 1886 754 Carolus
1904 727 1971 764 Sigo-

389 760 448 787 nius
463 764 490 789 Sc
503 761 644 795 onuphrius
658 763 813 799 conjectura
827 762 899 789 duffl
908 783 914 793 ‚
934 772 994 790 cam
1010 763 1080 790 inter
1092 763 1193 798 primas
1208 760 1263 789 illas
1278 759 1292 788 ἐι
1304 762 1390 788 Servio
1406 763 1433 789 in
1439 761 1538 797 stitutus
1550 761 1708 792 retulerunt.
1727 762 1825 790 Paulus
1831 766 1970 794 Mrmutim

391 808 451 827 eam
466 800 560 827 novies
573 800 601 827 in
614 800 743 837 lapidibus
755 801 890 828 nominari
904 800 1002 829 stribit.

1011 850 1104 879 Tribm
1123 854 1174 878 XV
1180 854 1200 881 Ῑ,
1219 848 1347 878 λίέηεηὶα.

429 897 507 924 Hanc
524 896 624 925 tribum
640 896 787 924 Menenium
801 899 904 934 potius,
924 907 1005 934 quam
1020 895 1164 924 Mentinam
1178 897 1230 932 (uti
1243 898 1312 934 apud
1329 895 1469 933 Jofipbum
1485 896 1591 924 fortasse
1608 904 1733 935 corrupte
1747 897 1855 935 legitur)
1869 899 1970 927 dictam

389 932 465 960 suissi:
487 934 584 962 Paulus
605 934 741 963 Mmmim
757 938 784 964 ἃ
799 934 940 970 Onuphrim
954 935 1047 963 volunt
1061 956 1069 967 ,
1096 935 1238 964 accedente
1260 935 1404 972 praesertim
1426 933 1597 970 inscriptione
1617 937 1684 973 apud
1703 937 1826 963 Feltriam
1839 957 1849 968 ‚
1877 938 1904 964 in
1917 947 1968 974 qua

390 972 507 1006 expresse
526 972 656 1009 scriptum
677 975 713 1001 est
727 985 732 1000 :
753 976 785 1001 C.
807 975 826 1001 F
836 985 842 1002 ι
853 985 868 1001 u
878 982 952 1001 mro.
972 974 1005 1000 C.
1019 974 1048 1000 F.
1069 974 1099 1000 M
1110 983 1148 1001 [N
1160 981 1211 1001 EN.
1234 975 1260 1001 R
1272 985 1285 1000 υ
1296 984 1312 1001 F
1323 984 1331 1002 1
1341 982 1384 1001 No
1394 993 1401 1004 ‚
1422 974 1474 1000 δῖε.
1513 973 1650 1010 Integram
1672 974 1744 1002 illam
1765 973 1970 1012 inscriptionem

388 1007 468 1037 habet
482 1010 632 1044 Onuphrius.
667 1011 757 1039 Habet
770 1018 858 1039 autem
875 1020 978 1038 nomen
989 1011 1041 1038 hoc
1055 1011 1068 1038 ὲ
1079 1019 1160 1048 gente
1175 1011 1294 1039 Menenia
1306 1031 1313 1042 ‚
1342 1019 1400 1047 qua:
1412 1011 1508 1046 primis
1525 1011 1674 1047 reipublicae
1688 1012 1856 1048 temporibus
1872 1015 1970 1041 Romae

389 1046 483 1075 floruit
493 1069 499 1079 ‚
520 1049 675 1078 testantibus
687 1049 714 1076 id
727 1048 815 1081 Livio,
835 1047 963 1086 Dionysio,
984 1047 1136 1084 Caffiodoro,
1159 1051 1185 1078 δε
1200 1048 1320 1076 Richardi
1332 1046 1440 1076 streim'i
1453 1049 1487 1076 de
1507 1048 1622 1076 Familiis
1640 1051 1667 1077 &
1682 1050 1814 1077 Gentibus
1828 1052 1969 1079 Romano-

390 1093 451 1112 rum
465 1085 543 1114 libro.
584 1088 690 1115 Mentio
703 1087 779 1123 hujus
794 1087 876 1115 tribus
890 1095 962 1116 extat
976 1087 1045 1124 apud
1059 1086 1178 1115 Flavium
1191 1085 1328 1124 Josephum
1340 1086 1538 1122 Antiquitatum
1554 1086 1572 1114 1.
1589 1097 1629 1124 ¹3·
1644 1090 1676 1115 L.
1687 1087 1803 1126 Manlius
1818 1089 1848 1115 L.
1869 1090 1897 1115 F.
1912 1093 1968 1115 Me-

389 1122 480 1149 nenia:
498 1123 543 1152 ubi
557 1131 648 1153 tamen
661 1125 906 1162 (quemadmodum
921 1131 983 1153 ante
997 1127 1105 1161 monui)
1119 1126 1146 1153 in
1161 1125 1274 1162 vulgatis
1288 1123 1482 1160 exemplaribus
1495 1124 1593 1161 legitur
1606 1129 1733 1153 Mentmu.
1767 1126 1897 1155 Meminit
1912 1127 1968 1164 ejus

389 1160 473 1189 etiarn
485 1161 537 1191 ,Cic-
552 1161 569 1189 l.
584 1173 624 1201 ¹3·
639 1163 711 1200 epist.
723 1164 755 1192 ad
770 1163 926 1196 familiares,
948 1164 1020 1201 epist.
1031 1174 1056 1200 9.
1071 1165 1103 1192 ad
1118 1165 1157 1191 M.
1172 1164 1293 1192 Brutum.
1308 1164 1338 1190 P.
1352 1161 1476 1198 Rupilius
1489 1164 1523 1190 C.
1538 1163 1567 1190 F.
1585 1164 1660 1191 Men.

1015 1214 1106 1244 Tribus
1124 1218 1219 1243 XVII.
1238 1214 1354 1261 l'irpyria.

428 1262 452 1289 A
473 1269 553 1300 gente
573 1261 679 1303 Papyria
691 1284 698 1295 ‚
725 1264 800 1300 cujus
820 1262 926 1296 Livius,
946 1261 1076 1301 Dionysius
1091 1283 1098 1294 ‚
1118 1271 1148 1290 ac
1168 1262 1226 1294 alii,
1248 1265 1357 1292 &inter
1369 1264 1532 1292 recentiores
1547 1263 1686 1291 Richardus
1700 1263 1824 1292 streinius
1838 1267 1970 1294 memine-

390 1306 466 1332 runt,
486 1300 541 1329 haec
561 1300 641 1328 tribus
661 1311 761 1330 nomen
776 1303 887 1338 accepit.
914 1303 956 1329 Sic
970 1302 1042 1329 enim
1057 1305 1129 1328 Sext.
1144 1303 1289 1336 Pompejus:
1310 1301 1417 1338 Papyria
1431 1301 1514 1329 tribus
1527 1301 1541 1329 ἐι
1556 1301 1659 1340 Papyrio
1676 1310 1777 1330 vocata.
1808 1303 1850 1329 De
1864 1312 1893 1330 ea
1906 1303 1966 1331 Liv.

390 1336 408 1363 l·
417 1338 444 1366 8.
465 1340 685 1376 Memoriamque
699 1340 755 1376 ejus
769 1342 813 1368 irae
821 1339 976 1367 Tusculanis
989 1340 1015 1367 in
1022 1348 1108 1376 poenae
1123 1346 1179 1367 tam
1192 1341 1289 1367 atrocis
1302 1339 1426 1368 authores
1439 1340 1559 1368 mansisse
1571 1342 1604 1369 ad
1612 1347 1719 1377 patrum
1732 1347 1838 1369 aetatem
1853 1342 1968 1376 constat,

389 1384 440 1402 nec
454 1385 606 1415 quenquam
620 1377 709 1406 ferme
724 1388 756 1406 ex
770 1378 852 1406 Pollia
866 1378 937 1406 tribu
950 1378 1121 1406 candidatum
1134 1376 1269 1415 Papyrinm
1283 1378 1354 1406 ferre
1366 1377 1484 1406 solitum.

1014 1429 1104 1458 Tribus
1116 1434 1230 1459 XVIII.
1248 1430 1346 1469 Segia.

416 1478 644 1516 'Appellationem
657 1482 713 1510 haec
724 1483 807 1512 tribus
823 1483 940 1512 obtinuit
954 1482 968 1509 a
983 1488 1064 1519 gente
1077 1480 1164 1519 Sergia
1175 1501 1181 1511 ,
1200 1480 1234 1508 de
1247 1489 1299 1516 qua
1311 1477 1449 1506 nithardus
1462 1478 1596 1507 Streiniaes.
1628 1482 1758 1509 Meminit
1771 1480 1830 1517 ejus
1841 1483 1967 1519 QAfio-

391 1523 450 1541 ”¹¹1³
464 1520 486 1542 P
486 1517 608 1550 ssdiamss,
630 1521 662 1548 ad
671 1522 831 1549 Orationem
847 1522 985 1549 Ciceronis
998 1529 1048 1556 pro
1062 1518 1203 1547 Cornelio:
1226 1518 1316 1555 Sergia
1330 1519 1356 1546 δι
1371 1518 1484 1555 Qrina
1495 1518 1698 1549 damnaverunt.
1718 1520 1752 1546 Et
1761 1519 1928 1547 Frontinusl.
1940 1530 1966 1547 2.

387 1551 424 1579 de
439 1555 651 1593 Aquaducsffibus:
672 1559 769 1587 Tribus
779 1558 866 1597 Sergia
879 1559 1042 1596 principium
1057 1557 1116 1585 fuit.

1017 1607 1110 1636 Tribus
1129 1609 1206 1635 XIX.
1226 1605 1338 1634 Vetraria.

426 1651 533 1681 terasia
545 1653 626 1682 tribus
638 1655 652 1684 ὲ
664 1664 746 1694 gente
758 1656 876 1690 Veturia,
897 1667 955 1695 qure
968 1659 1041 1694 prius
1058 1656 1156 1695 Vetusta
1168 1656 1238 1686 dieta
1253 1656 1318 1687 fuit,
1337 1653 1431 1683 relicto
1446 1655 1530 1684 veteri
1543 1656 1668 1688 nomine,
1684 1655 1750 1685 hanc
1758 1656 1965 1693 appellationem

391 1692 501 1728 accepit.
522 1693 651 1722 Meminit
665 1696 722 1730 ejus
734 1695 826 1723 Livius
838 1696 855 1724 1.
867 1699 909 1733 3⁶-
921 1696 961 1723 his
975 1695 1074 1723 verbis:
1095 1695 1201 1723 Fulvius
1217 1696 1336 1722 Romam
1353 1693 1528 1721 comitiorum
1542 1694 1616 1722 causa
1628 1695 1780 1726 accersitus,
1802 1704 1864 1723 cum
1878 1697 1964 1724 comi-

390 1727 428 1755 tia
443 1729 602 1759 Consulibus
614 1733 739 1769 rogandis
759 1734 880 1766 haberet,
896 1733 1059 1771 praerogativa
1079 1733 1185 1761 Veturia
1197 1733 1337 1770 juniorum
1350 1731 1494 1759 declaravit
1514 1733 1570 1760 Tit.
1584 1733 1716 1761 Manlium
1731 1734 1915 1769 Torquatum,
1936 1737 1964 1763 δε

390 1769 448 1796 Tit.
461 1767 637 1801 Ostacilium,
658 1773 711 1799 δῖε.
746 1773 812 1810 Qo
824 1772 886 1800 loco
898 1774 980 1800 etiam
996 1771 1101 1799 Veturia
1108 1771 1237 1806 ssniorum
1253 1770 1390 1799 meminit.
1422 1772 1511 1806 Atque
1523 1770 1564 1798 hae
1575 1770 1634 1798 sunt
1645 1771 1836 1798 novemdecim
1849 1771 1899 1799 illae
1914 1773 1965 1800 tri-

389 1804 435 1833 bus
447 1827 456 1838 ‚
477 1807 505 1834 in
520 1816 583 1844 quas
594 1808 726 1844 populum
742 1811 900 1838 Romanum
913 1808 1031 1837 Serrium
1048 1810 1161 1837 Tullium
1176 1811 1282 1845 Regem
1298 1807 1427 1838 divisisse,
1449 1807 1556 1834 Carolus
1569 1808 1681 1845 Stgonius
1693 1807 1739 1836 lib.
1758 1819 1780 1835 1.
1796 1808 1829 1836 de
1844 1810 1964 1848 Antiquo

390 1843 449 1882 jure
463 1845 563 1873 civium
578 1847 696 1875 Roman.
709 1857 732 1875 c.
746 1858 770 1885 3.
784 1847 887 1880 scribit,
907 1854 1020 1885 quatuor
1034 1847 1151 1879 urbanae,
1171 1847 1326 1884 quindecim
1339 1846 1447 1873 rusticae.
1468 1845 1702 1874 Confiderabimus
1712 1845 1832 1883 reliquas,

995 1897 1089 1926 Tribus
1106 1902 1167 1926 XX.
1191 1896 1363 1936 Crtfiumina.

428 1947 519 1976 Livius
534 1947 580 1975 lib.
591 1958 615 1976 2.
635 1947 662 1975 in
676 1947 783 1976 historia
796 1948 858 1976 anni
872 1956 987 1974 cct.11x.
1008 1945 1099 1975 scribit
1112 1957 1146 1975 eo
1160 1955 1231 1975 anno
1246 1947 1343 1975 Romae
1355 1947 1452 1985 viginti
1465 1949 1492 1976 ὅτ,
1505 1955 1587 1975 unam
1599 1945 1679 1975 tribus
1694 1947 1776 1976 fastas
1790 1949 1842 1977 este
1855 1969 1862 1981 ,
1889 1951 1964 1987 quod

390 1987 472 2015 etiam
494 1986 582 2013 Florus
594 1987 621 2014 in
636 1987 765 2022 Epitome
777 1988 885 2015 testatur
897 2005 904 2016 ‚
931 1985 1051 2022 inquiens
1064 1996 1070 2012 2
1096 1987 1234 2014 Numerus
1246 1984 1358 2012 tribuum
1372 1985 1512 2023 ampliatus
1527 1986 1563 2013 est
1572 2005 1578 2016 ,
1599 1993 1629 2013 ut
1643 1985 1726 2014 effent
1739 1988 1837 2024 viginti
1848 1997 1900 2015 una
1914 1989 1963 2022 (fic

391 2026 465 2052 enim
479 2024 622 2062 legendum
638 2024 689 2051 effe
703 2034 732 2052 ca
746 2034 803 2062 quae
816 2026 844 2052 in
858 2023 1026 2060 sequentibus
1038 2024 1110 2052 libris
1122 2025 1156 2052 de
1168 2022 1282 2051 tribubus
1298 2023 1448 2052 scribuntur
1460 2045 1467 2056 ,
1487 2031 1635 2061 coarguunt
1647 2045 1654 2056 ,
1674 2033 1736 2052 cum
1751 2026 1779 2052 in
1791 2025 1904 2063 vulgatis
1918 2025 1964 2054 Li-

391 2061 429 2088 vii
443 2065 469 2090 ὅς
484 2062 551 2089 Flori
565 2062 758 2098 exemplaribus
771 2063 802 2091 fit
816 2063 925 2100 triginta
938 2063 1011 2096 una.)
1038 2064 1106 2100 Qae
1119 2071 1183 2092 vero
1197 2063 1309 2090 nomina
1322 2071 1414 2091 earum
1426 2062 1524 2091 fuerint
1534 2083 1542 2093 ,
1567 2071 1623 2088 non
1636 2063 1744 2090 addunt.
1775 2064 1881 2090 Carolus
1893 2063 1964 2101 διξο-

391 2098 448 2125 m'us
466 2100 620 2135 conjectura
633 2101 726 2128 duetus
737 2122 745 2133 ‚
765 2109 840 2136 putat
855 2100 905 2128 effe
918 2098 1108 2137 Crustuminum
1121 2103 1147 2130 &
1162 2099 1320 2135 Vey'entinam
1329 2120 1336 2131 ‚
1356 2110 1437 2138 quem
1451 2110 1500 2128 nos
1515 2100 1659 2136 sequimur.
1682 2100 1808 2134 onuphrio
1820 2102 1908 2138 placet
1917 2102 1963 2129 has

391 2136 455 2163 duas
466 2138 598 2165 addendas
611 2139 662 2166 ess'e
673 2138 863 2174 superioribus,
885 2140 911 2166 ὃς
924 2137 1068 2166 dicendum
1085 2139 1179 2177 viginti
1193 2141 1220 2168 &
1233 2148 1313 2166 unam
1330 2138 1362 2165 ab
1376 2137 1432 2174 ipso
1444 2139 1530 2166 Servio
1544 2137 1639 2170 factas,
1660 2148 1708 2166 nec
1722 2138 1775 2167 hoc
1787 2148 1857 2167 anno
1864 2147 1959 2167 nume·

390 2182 453 2200 rum
472 2174 583 2202 tribuum
604 2176 761 2212 ampliatum
777 2197 784 2208 ‚
812 2186 875 2205 cum
888 2175 988 2204 nullam
1003 2177 1060 2212 ejus
1073 2178 1112 2204 rei
1125 2177 1295 2205 mentionem
1309 2174 1439 2213 Dioryfius
1451 2176 1536 2205 faciat.
1578 2178 1660 2214 Qod
1672 2184 1761 2205 autem
1775 2178 1807 2205 ad
1821 2176 1960 2213 Crustumi-

390 2220 452 2238 num
459 2210 562 2243 tubum,
570 2222 626 2249 quae
632 2216 712 2242 etiam
719 2214 879 2251 Clustumina
887 2215 914 2242 in
921 2215 1035 2252 antiquis
1046 2214 1163 2251 lapidum
1170 2214 1381 2251 inscriptionibus
1396 2215 1549 2251 appellatur,
1557 2215 1732 2248 attinendieta
1739 2224 1768 2244 ea
1779 2217 1815 2243 est
1821 2214 1835 2242 ἐι
1843 2212 1961 2242 Thu-sco-

390 2258 453 2276 rum
465 2248 538 2276 Urbe
552 2250 722 2287 Clustumina,
741 2253 802 2281 alias
817 2251 993 2290 Crustumina,
1013 2253 1124 2282 testante
1137 2254 1248 2288 Pompejo
1261 2251 1344 2287 Festo:
1364 2254 1491 2282 meminit
1505 2254 1562 2290 ejus
1574 2261 1668 2289 praeter
1675 2254 1779 2281 Festum
1787 2250 1900 2281 Liviusl.
1909 2260 1958 2286 4²·

390 2286 418 2314 in
432 2287 553 2314 oratione
573 2289 615 2324 Sp.
633 2290 779 2326 Ligustini,
806 2291 867 2319 trib.
888 2290 973 2327 plebis
991 2291 1023 2319 ad
1035 2291 1174 2328 populum.
1195 2293 1239 2327 Sp.
1253 2290 1418 2327 Ligustinus,
1437 2291 1519 2319 tribus
1532 2291 1693 2327 Crustumina
1706 2313 1714 2324 ‚
1740 2300 1772 2319 ex
1786 2290 1885 2318 Sabinis
1898 2288 1958 2316 sum

389 2324 531 2355 oriundus,
552 2325 679 2360 QiriteS.
699 2328 733 2356 Et
745 2333 828 2356 Cicero
840 2330 962 2357 oratione
974 2338 1026 2366 pro
1038 2329 1150 2364 Planco,
1170 2330 1236 2359 item
1247 2337 1298 2367 pro
1313 2328 1409 2359 Balbo:
1428 2330 1460 2359 In
1473 2330 1575 2360 tribum
1588 2328 1778 2369 crustuminum
1788 2328 1912 2366 pervenit
1926 2329 1958 2356 L.

391 2362 532 2393 Cornelius
546 2362 651 2398 Balbus,
672 2363 737 2401 legis
750 2367 783 2394 de
796 2367 898 2396 ambitu
909 2368 1030 2404 praemio.
1898 2405 1924 2432 T
1944 2402 1949 2406 .

1924 2414 1959 2431 rx-

2046 1980 2059 2305 l

2029 2610 2051 2734 ΒΤ-Ἷ.
