2075 2734
402 99 457 133 85⁶
846 97 1177 125 PaerrM

402 145 482 176 itaque
490 160 497 171 ‚
515 142 591 167 homo
605 142 718 168 aedilicius
725 160 731 170 ,
752 143 872 175 praetotius
880 161 887 172 ‚
901 144 1049 171 consularis,
1063 143 1179 169 dicebant.

400 179 515 202 Praeterea,
522 183 577 199 cum
585 183 691 207 pretores
703 175 727 198 iu
734 175 797 206 leges
804 183 852 199 non
859 176 992 204 juraverint,
1000 184 1076 207 neque
1083 175 1170 200 sentent

402 207 445 231 tias
452 207 548 231 tulerint
556 225 562 235 ,
570 208 635 239 quod
643 208 665 231 ὅ(
673 207 758 230 Cicero
766 223 772 234 ,
780 207 803 230 δε
810 208 921 231 Pedianus
928 207 1126 239 docent,aJu11io
1137 216 1172 232 auv

403 246 453 263 tem
461 239 536 266 iudice
543 238 739 271 quaessionisideo
746 239 819 262 multa
826 240 896 270 petita
903 239 930 262 fit
937 257 942 267 ,
951 247 976 264 ut
983 241 1007 264 in
1015 241 1122 263 oratione
1129 247 1171 271 pro

406 272 522 295 Cluentio
530 271 632 301 legimus
639 287 645 296 ,
658 271 712 301 quia
719 271 743 294 in
750 271 828 301 legem
835 279 884 295 non
892 271 990 300 jurasset:
999 273 1055 302 (erat
1062 273 1128 295 enim
1136 272 1172 295 illi

405 302 528 331 jurandum
536 303 601 325 idem
609 304 675 334 quod
688 303 712 326 in
721 302 850 331 iudicibus,
870 303 933 334 leges
945 304 1046 327 omnino
1057 303 1079 327 se
1091 303 1135 327 esse
1147 304 1171 326 in

402 334 498 358 ferenda
505 334 616 357 sententia
623 333 780 365 servaturum)
792 333 949 363 fatiscentia,
962 336 1060 367 Junium
1068 352 1075 363 ‚
1083 343 1138 359 cum
1145 335 1174 359 de

405 366 539 398 Oppianico
546 365 651 397 quaefivit
658 382 664 392 ‚
670 373 793 398 praetorem
800 373 848 390 non
856 366 929 391 fuisse.
948 368 1019 398 Qod
1026 367 1042 391 si
1051 367 1173 400 quisdixe-

1217 106 1509 136 ΑΝῐΓΤῙῐ

1201 152 1233 170 tas
1240 146 1318 184 fuerit,
1326 155 1425 185 apparet,
1432 155 1487 172 cum
1494 148 1519 172 in
1526 153 1587 172 tanta
1593 147 1698 177 civitate,
1707 155 1788 182 perro:
1794 159 1875 182 annos,
1882 158 1968 181 venefi.

1202 179 1233 201 cii
1246 187 1346 203 nomine
1359 188 1382 203 ιη
1392 180 1506 209 judicium
1519 187 1612 205 vocatus
1625 189 1697 205 nemo
1710 182 1743 206 sit,
1769 186 1878 210 Cornelia
1891 189 1966 218 postea

1201 209 1254 237 fuit,
1265 215 1288 235 L.
1297 212 1369 241 Syllae,
1377 219 1456 243 quam,
1463 211 1528 236 bello
1534 213 1723 241 civiliconfec'to,
1731 215 1835 239 metator
1843 219 1903 246 tulit,
1911 227 1967 245 cum

1202 249 1260 265 unus
1267 244 1348 267 omnia
1356 249 1455 268 teneret:
1469 243 1535 276 quod
1542 251 1570 267 ex
1578 245 1613 268 his
1621 244 1695 268 verbis
1701 261 1708 271 ,
1725 253 1776 277 quae
1787 246 1968 279 scripfitrcicem

1201 281 1243 304 pro
1252 275 1364 299 Ciuentio
1370 283 1418 307 cap.
1428 284 1437 302 5
1443 284 1465 302 5.
1472 275 1621 300 manifestum
1627 276 1668 300 est.
1684 277 1763 306 Postea,
1771 279 1856 311 inquit*
1865 284 1892 305 L.
1899 285 1970 313 Sylla,

1201 306 1259 328 homo
1266 306 1279 328 ti
1286 309 1361 339 populi
1367 309 1430 337 causi
1436 308 1593 338 remotissimus,
1600 314 1683 335 tamen,
1691 317 1739 331 cum
1746 311 1793 340 ejm
1801 313 1968 343 reiquaefiionem

1202 338 1240 358 hac
1247 338 1292 369 ipsa
1299 340 1343 368 lege
1349 339 1478 367 constituere!
1486 356 1492 366 ‚
1503 348 1547 371 qua
1554 348 1591 362 vos
1598 341 1634 363 hoc
1641 342 1851 372 tempuresudicatir,
1859 348 1968 376 populum

1203 370 1263 391 Ram.
1275 376 1339 399 quem
1347 370 1415 393 abhoc
1422 379 1500 401 genere
1508 370 1600 394 liberum
1611 378 1732 403 acceperat,
1744 374 1836 404 alligare
1848 384 1900 398 novo
1913 385 1969 407 qua-

405 405 436 420 nt
446 414 452 424 ,
461 405 510 421 non
517 404 564 421 tam
571 398 669 428 Junium
676 398 778 426 iudicem
785 398 919 428 quaestionis
926 415 932 425 ‚
939 406 1010 431 quam
1017 402 1114 423 Verrem
1122 408 1173 435 prx-
1197 399 1349 430 stianirgenere
1356 402 1420 430 ausus
1427 402 1507 431 nonest.
1519 403 1716 435 quodfifieriposse
1728 405 1864 434 extstrmaffit
1872 424 1877 433 ,
1887 415 1924 437 pro
1931 410 1970 432 illa

406 435 498 457 torem,
516 430 541 453 in
549 430 587 453 illa
600 430 725 461 Oppianici
737 429 801 453 causa
813 430 937 461 quaeffiffe,
954 432 1008 462 quia
1022 431 1132 455 Pedianus
1146 438 1176 454 ita

405 460 468 484 dicat
481 468 486 483 :
505 462 587 489 Junius
599 463 695 492 quafitor
702 463 752 491 fuit
764 463 786 484 in
797 463 890 484 Cluentia
902 463 966 491 causis
978 479 985 489 ,
1001 466 1062 486 Verre
1073 470 1175 496 pretore,

407 492 432 516 ἃ
442 493 495 523 quia
502 492 567 516 idem
575 493 622 516 alio
628 493 684 516 loco
692 492 851 520 sortitionem,
860 495 883 517 ὃ(
891 492 1083 518 subsortitionem
1090 493 1103 518 ἐι
1110 497 1178 518 Verre

406 524 593 556 practorefafitam
601 525 735 548 tradiderit:
750 525 843 548 huicita
850 524 984 557 responderi
998 527 1097 558 poterit:
1111 525 1177 549 sorti·

405 557 512 582 tionem,
528 556 751 580 &subsortitionem
762 564 812 581 non
820 557 884 580 illius
897 558 972 581 modo
984 558 1066 587 iudicii
1075 575 1080 585 ,
1096 565 1176 581 verum

402 588 475 611 etiam
483 588 583 611 aliorum
589 588 645 612 ideo
653 587 786 620 pertinuisse
793 588 820 612 ad
828 590 857 613 C.
864 592 959 613 Verrem
971 606 977 617 ,
984 591 1038 621 quia
1044 597 1126 622 praetor
1134 592 1177 613 Ur-

400 618 441 646 ,bis
448 626 502 643 erat.
513 619 579 650 quod
586 619 634 651 ipse
642 621 737 645 declarat
744 621 830 644 Cicero
837 621 861 644 in
873 628 897 644 ea
905 629 947 653 pro
955 622 1078 646 Cluentio.
1095 629 1178 654 prztor

405 658 485 675 autem
498 652 596 675 urbanus
606 651 635 675 de
647 652 787 676 criminibus
801 659 850 676 non
863 653 989 684 quaerebat:
1003 661 1073 683 quare
1086 661 1127 677 nec
1134 661 1176 677 un—

405 690 478 714 quam
485 683 592 714 quaesrtor
598 684 723 711 dicebatur,
734 683 773 708 sed
779 685 814 714 jus
820 691 911 709 tantum
919 684 1017 713 dicebat,
1025 686 1070 710 hoc
1077 684 1108 709 est
1117 685 1176 713 iudi-

406 722 459 742 ces,
476 714 608 739 &formam
621 716 702 743 iudicii
712 715 785 741 dabat.
803 716 1023 748 idemquejudices,
1041 717 1126 749 quibus
1137 717 1175 741 alii

404 753 515 777 praetores
522 747 550 770 ad
557 746 729 778 cognoscendas
736 748 841 779 capitales
852 749 924 772 causas
931 755 1056 776 uterentur,
1066 749 1174 773 sortieba-

405 784 456 805 tur,
466 779 490 802 ὃ(
497 776 685 804 subsortiebatnr.
698 781 764 812 quod
770 787 797 803 ex
805 780 906 804 Pediano
913 797 919 806 ,
934 782 956 804 ἂ
963 789 992 804 ex
1000 780 1051 812 ipso
1057 781 1127 804 etiam
1134 782 1175 804 Ci-

408 817 494 833 cerone
504 810 557 834 satis
569 811 652 842 liquet.
670 812 765 836 Accedit
778 813 844 835 locus
855 812 952 835 exlibro
965 813 1138 836 Laccusationis
1152 813 1175 835 in

406 844 516 865 Verrem:
529 844 672 874 quoinloco
687 844 835 874 QCuttium
845 843 947 871 judicem
961 844 1095 875 quaestionis
1102 845 1176 875 appel-

405 873 438 896 lat
446 874 531 897 Cicero
539 891 545 899 ‚
562 875 587 897 in
594 874 656 898 causa
665 876 740 898 Vertis
751 875 945 907 repetundarum:
962 877 991 899 de
999 883 1042 907 qua
1053 882 1134 907 praetor
1142 879 1176 899 M.

406 906 498 928 Acilius
505 905 601 929 Glabrio
609 905 770 937 cognoscebat.
789 914 893 938 eumque
906 908 1016 931 Curtium
1030 907 1177 931 aitPedianus

406 933 545 960 hcicerone
558 937 601 961 esse
612 939 731 966 rejestum.
748 939 810 962 Illud
823 939 883 962 addo
892 956 898 965 ,
911 946 966 962 cum
980 940 1024 967 jam
1037 939 1161 963 docuerim
1170 956 1176 966 ‚

404 967 509 998 judicem
517 969 691 1000 quaestionis&
698 976 829 1000 praetorem,
837 971 860 993 δι
868 977 917 994 non
926 977 1056 1000 praerorem,
1063 971 1092 993 de
1098 971 1177 993 crimi-

405 1007 436 1023 ne
444 1001 534 1031 capitali
543 1000 679 1031 cognovisse
686 1018 692 1028 ‚
702 1002 796 1024 tertium
804 1009 877 1032 genus
884 1002 988 1029 judicum
995 1002 1130 1033 quaessionis
1143 1002 1177 1025 in-

406 1031 501 1055 terdum
507 1030 580 1058 fuisse,
588 1040 691 1063 quorum
698 1033 731 1061 jus
737 1034 895 1064 cognoscendi
901 1041 950 1056 non
956 1033 1012 1057 esset
1018 1050 1025 1061 ,
1032 1033 1070 1057 sed
1077 1040 1177 1057 tantum·

406 1063 484 1087 modo
497 1063 660 1087 subsortiendi.
674 1064 813 1096 quodlocus
826 1065 855 1088 de
863 1067 988 1096 QCurtio
1001 1066 1122 1096 proximus
1131 1066 1176 1095 jam

407 1094 524 1119 ostendit:
537 1103 610 1127 quem
616 1096 753 1127 cognovisse
766 1096 794 1120 de
801 1096 934 1128 repetundis
942 1113 948 1123 ‚
961 1097 1084 1121 absurdum
1093 1097 1123 1121 est
1130 1104 1176 1121 cre-

404 1126 474 1150 dere:
491 1134 546 1150 cum
555 1144 561 1154 ‚
577 1128 603 1151 in
610 1136 634 1151 ea
641 1126 702 1151 causa
710 1134 831 1160 praetorem
840 1128 949 1160 quaesiisse
962 1128 1116 1152 Glabrionem
1125 1145 1131 1155 ,
1149 1137 1176 1152 ex

405 1159 525 1182 Cicerone
533 1175 540 1185 ,
553 1160 577 1182 ὅ(
584 1160 685 1183 Pediano
693 1159 744 1183 satis
751 1160 846 1184 constet.
861 1161 939 1189 itaque
951 1161 1047 1184 tertium
1055 1161 1099 1184 hoc
1107 1168 1179 1191 genus

408 1191 540 1220 quaiitores
547 1190 594 1214 dici
604 1199 653 1214 non
661 1198 778 1222 poterant:
794 1192 842 1215 duo
850 1192 887 1215 illa
896 1192 1012 1224 superiora
1019 1200 1100 1224 genera
1108 1208 1114 1219 ,
1122 1200 1180 1224 quo-

409 1222 474 1245 niam
482 1222 580 1253 quidem
588 1230 716 1253 quaererent
725 1240 731 1251 ‚
744 1223 875 1255 quaesitores
883 1225 905 1247 ὅ(
914 1231 977 1247 erant
984 1242 991 1251 ,
1002 1225 1025 1248 ἃ
1039 1225 1134 1256 proprie
1145 1225 1177 1248 di>

409 1253 527 1278 cebantur.
543 1255 614 1284 Qod
621 1261 698 1278 autem
706 1254 718 1278 Ξι
725 1255 810 1279 Budaeo
818 1255 928 1287 scriptum
935 1256 967 1280 est
975 1273 982 1283 ,
998 1263 1107 1290 pretorem
1116 1258 1182 1280 Urbir

408 1285 444 1308 ubi
458 1287 483 1308 de
495 1287 621 1309 criminibus
633 1294 775 1318 quereretur,
788 1289 860 1316 filum
872 1291 1000 1319 cognevrsse,
1018 1288 1180 1319 apertesalsum

409 1316 454 1340 esse
468 1317 530 1341 dico.
542 1325 591 1341 non
605 1318 681 1341 modo
689 1319 754 1342 enim
762 1317 825 1342 solus
837 1327 887 1344 uon
900 1320 1092 1352 quxiivitprzctor
1099 1320 1181 1348 Urbis,

409 1347 449 1372 sed
458 1356 501 1372 nec
508 1349 610 1373 omnino
621 1349 732 1381 quafivit.
744 1349 793 1382 ipse
806 1351 839 1380 jus
852 1351 954 1374 dicebat:
974 1352 1039 1381 quod
1048 1369 1053 1378 ‚
1067 1360 1169 1384 quatere
1177 1371 1182 1379 ,

410 1388 460 1404 non
468 1380 507 1405 est.
522 1381 844 1414 quaetebantczrtericollegae‚
865 1391 920 1406 cum
934 1384 962 1406 iis
975 1383 1105 1411 iudicibus,
1123 1392 1184 1416 quos

409 1419 493 1443 praetor
501 1413 599 1436 Urbis&
607 1412 739 1442 sortitus‚&
747 1413 882 1438 subsortitus
888 1414 948 1438 esset.
962 1416 1127 1446 exemplorum
1138 1417 1182 1446 ple-

411 1452 438 1467 na
450 1444 502 1468 sunt
509 1445 603 1468 omnia:
618 1453 688 1469 unam
696 1463 702 1473 ,
711 1453 761 1476 quoe
770 1447 901 1470 multorum
909 1448 1074 1478 exemplorum
1082 1448 1137 1470 loco
1145 1448 1171 1471 fit
1179 1465 1184 1474 ,

409 1475 631 1500 rarionemafferam.
651 1477 745 1501 Accusat
755 1481 847 1501 Verrem
855 1478 940 1501 cicero
954 1479 978 1501 in
986 1478 1032 1502 suis
1045 1478 1110 1502 libris
1124 1486 1180 1502 acer-

398 1506 516 1530 biffime:
533 1513 655 1538 praturam
667 1508 779 1531 urbanam
791 1515 865 1531 toxam
879 1510 987 1539 exagitat·
999 1509 1081 1535 objicit
1095 1517 1124 1532 ne
1137 1518 1177 1533 un-

409 1546 482 1568 quam
488 1556 493 1564 ,
499 1538 563 1569 quod
572 1539 596 1562 in
603 1539 665 1562 causa
671 1547 708 1568 car
714 1540 762 1562 itali
769 1547 848 1563 contra
855 1540 917 1571 leges
925 1541 1013 1571 aliquid
1021 1540 1167 1564 commiserit
1177 1544 1182 1564 Ξ

410 1577 532 1602 nunquam
545 1577 614 1593 certe.
628 1578 705 1601 neque
712 1570 811 1594 dubium
821 1588 826 1596 ,
839 1573 898 1603 quin
908 1575 998 1598 Verres,
1015 1571 1030 1595 fi
1044 1572 1180 1603 potestatem

409 1602 476 1625 illam
487 1608 569 1633 praetor
582 1601 705 1629 habuisset,
721 1603 793 1626 multa
806 1602 875 1626 fuerit
888 1603 971 1634 inique
983 1604 1090 1627 facimus.
1108 1605 1171 1627 Addi

411 1633 490 1656 idem:
503 1640 616 1666 pretorem
629 1634 709 1660 Urbis,
726 1636 1003 1667 cumqmreret,jud1;em
1018 1637 1133 1665 quaestionis
1145 1637 1181 1664 effi>

410 1666 503 1688 ditium.
521 1664 566 1687 hoc
577 1672 719 1688 certenemo
733 1665 778 1695 (de
785 1665 900 1689 veteribus
913 1667 1012 1696 loquor:
1026 1666 1068 1689 hos
1076 1668 1140 1690 enim
1150 1669 1179 1691 se-

409 1703 472 1727 quor
482 1699 600 1726 )unquam
609 1696 716 1720 tradidit?
730 1698 853 1729 mirorque
860 1713 866 1724 ,
873 1705 912 1720 cur
920 1697 964 1721 hoc
972 1698 1012 1720 ille
1020 1714 1026 1723 ,
1034 1700 1074 1729 qui
1084 1698 1124 1721 suae
1133 1698 1181 1723 sen—

408 1728 487 1751 tentiae
495 1727 576 1752 testem
584 1736 633 1751 non
642 1729 742 1755 haberet,
749 1729 859 1759 placuerit
865 1728 984 1756 affirmare,
993 1728 1039 1756 sed,
1054 1736 1078 1753 ut
1085 1731 1180 1760 opinor⁴

407 1767 473 1783 error
481 1767 509 1783 ex
516 1767 593 1783 errore
600 1760 675 1784 fluxit.
688 1768 742 1784 nam
749 1768 804 1784 cnm
812 1778 817 1787 ‚
825 1767 948 1792 pratorem
957 1761 1026 1784 Urbis
1038 1768 1140 1792 quaerere
1153 1762 1181 1786 de

407 1790 562 1818 criminibus,
575 1792 621 1821 jam
628 1790 826 1822 sibipersuafisset:
839 1792 906 1824 quod
920 1793 1023 1815 omnino
1038 1791 1119 1816 sals'um
1134 1794 1178 1817 est:

406 1824 474 1855 sequi
487 1823 621 1850 videbatur,
635 1823 732 1847 utidem
745 1823 879 1854 questionis
892 1824 961 1852 judex
973 1824 1176 1855 appellari'poffet.

406 1863 453 1885 ego
461 1861 537 1880 autem
545 1854 635 1878 ostendi
649 1856 708 1883 iam,
722 1855 856 1887 quastionis
867 1855 969 1883 judicem
983 1855 1103 1878 interdum
1116 1862 1176 1886 quae-

405 1886 464 1911 fiisse
473 1904 479 1915 ‚
494 1888 517 1910 &
526 1893 649 1917 praetorem
657 1885 722 1910 fuisse
730 1904 736 1914 ,
755 1894 804 1910 non
812 1893 890 1909 tamen
897 1887 1011 1910 urbanum
1020 1904 1026 1914 ‚
1041 1893 1065 1910 ut
1073 1886 1175 1918 quafivit

404 1919 566 1950 Qvoconius
573 1918 602 1942 de
609 1918 736 1942 veneficio:
750 1925 872 1950 praetorem
881 1925 956 1942 autem
963 1918 1077 1942 urbanum
1085 1918 1174 1950 reipub.

404 1950 554 1981 temporibus
561 1949 715 1981 quaesiisse,aut
724 1950 826 1979 judicem
834 1949 967 1980 quaestionis
974 1957 1091 1976 vocatum,
1100 1958 1176 1982 neque

406 1983 435 2006 de
443 1982 558 2006 veteribus
568 1982 638 2006 video
646 1989 790 2013 quemquam
798 1981 864 2006 fuisse
875 1982 917 2014 qui
924 1982 1010 2005 dixerit
1017 1999 1022 2009 ,
1036 1989 1113 2013 neque
1119 1989 1174 2006 con-

406 2015 501 2042 iesturis
513 2014 614 2037 omnino
622 2014 675 2037 ullis
682 2013 763 2037 adduci
771 2012 862 2045 possum
870 2014 897 2037 ad
904 2013 1071 2045 suspicandum.
1094 2014 1178 2044 Quaesi-

406 2047 464 2069 toris
472 2053 542 2077 porro
550 2052 604 2072 erat,
611 2046 774 2073 accusatorem,
783 2043 929 2069 defensorem
937 2063 943 2072 ‚
956 2046 1037 2069 testem
1047 2063 1052 2072 ‚
1063 2046 1089 2069 in
1096 2045 1176 2070 officio

407 2084 529 2108 quemque
537 2078 577 2100 suo
585 2077 714 2101 continere.
732 2079 807 2109 Leges
815 2094 821 2104 ‚
834 2073 918 2107 quibus
926 2077 1066 2101 veneficium
1074 2078 1173 2101 vindica-

406 2116 468 2134 1etur
476 2125 481 2134 ‚
492 2112 573 2132 Rornae
580 2116 621 2140 per
627 2116 700 2132 anuos
707 2111 796 2133 multos
803 2110 870 2132 nullae
877 2108 980 2132 fuerunt.
993 2117 1042 2133 non
1050 2110 1115 2133 enim
1122 2117 1173 2141 pro-

405 2141 456 2172 prie
463 2139 490 2162 ad
498 2140 638 2164 veneficium
648 2142 800 2171 pertinetxll.
814 2140 859 2164 tab.
871 2141 910 2164 lex
923 2141 975 2164 illa:
990 2143 1041 2172 Qu·
1051 2143 1123 2171 fruges
1135 2150 1168 2163 ex-

405 2172 498 2201 canraffit
506 2187 512 2197 ‚
521 2172 544 2194 ὅ(
553 2189 558 2195 ,
573 2172 714 2201 ch‘malum
720 2172 938 2202 carmenimanraffit,
949 2173 1056 2196 cu'e‘rcetor.
1069 2172 1109 2196 etsi
1116 2180 1170 2196 con-

403 2203 550 2233 junffionem
558 2202 638 2226 habere
645 2204 758 2234 quandam
767 2204 859 2228 videtur
869 2211 924 2227 cum
936 2204 1041 2228 veneficii
1054 2204 1156 2228 crimine
1165 2222 1170 2232 ‚

403 2235 496 2266 proprie
503 2241 592 2260 vero,ac
601 2236 742 2259 nominarim
749 2243 778 2259 eo
786 2237 890 2268 primum
898 2244 969 2263 anno,
976 2244 1025 2268 quo
1033 2238 1060 2260 C.
1071 2237 1173 2260 Valerius

401 2268 492 2291 Flaccus
500 2283 506 2293 ‚
519 2268 554 2289 M.
563 2266 675 2289 Claudius
685 2269 804 2291 Marcellus
811 2266 968 2292 Consulatum
981 2267 1109 2299 gestierunt,
1128 2269 1169 2299 qui

401 2299 453 2330 post
461 2298 546 2322 Urbem
559 2297 678 2321 conditam
687 2314 693 2324 ‚
710 2298 725 2321 si
738 2299 805 2322 fastos
818 2298 951 2330 sequimur,
968 2308 1040 2323 annus
1053 2303 1167 2324 CDXXXI.

400 2331 456 2358 fiair,
464 2332 488 2352 de
495 2328 600 2358 veneficiis
607 2329 759 2359 essequaefimm
769 2347 775 2356 ,
783 2331 907 2361 legemque
913 2331 1063 2355 constitutam
1071 2347 1077 2357 ,
1088 2332 1169 2355 Livius

399 2363 463 2389 labro
469 2364 526 2387 vm.
533 2368 581 2392 cap.
593 2365 618 2386 ιε
624 2359 746 2392 .seripturn
753 2362 857 2394 reliquit.
871 2369 899 2386 ex
907 2370 965 2395 quo,
973 2371 1023 2396 quae
1030 2369 1081 2388 tum
1087 2363 1170 2395 probiae

1203 432 1248 452 odio
1257 448 1262 457 ‚
1280 434 1338 463 quod
1344 432 1420 455 habuit
1426 435 1447 456 in
1455 433 1569 465 equestrem
1576 437 1669 458 ordinem
1676 452 1682 461 ,
1700 437 1755 458 nihil
1761 437 1845 468 sertsset
1851 439 1952 462 libentius
1961 457 1968 467 ‚

1203 469 1271 492 quam
1284 472 1366 486 omnem
1380 465 1443 487 tuam·
1454 465 1593 488 acerbitatem
1602 468 1757 499 proscriptionis
1766 469 1810 497 sua
1822 485 1828 495 ,
1846 471 1930 501 questus
1944 473 1968 494 in

1204 495 1382 527 vereresjudires
1397 512 1403 523 ,
1421 498 1443 519 in
1456 499 1508 519 hanc
1522 505 1587 519 unam
1600 499 1733 528 questrcnem
1746 501 1871 529 contult-ffel»,
1894 503 1968 530 Hujus

1204 531 1281 549 autem
1289 527 1347 558 legis
1355 534 1424 558 poena
1431 527 1532 558 capitalis
1543 535 1593 552 non
1600 529 1626 552 ad
1634 529 1853 559 veneficostantum,
1862 532 1931 557 sedea
1942 535 1970 557 ad

1203 564 1244 580 eos
1256 559 1328 582 etiam
1342 560 1470 590 pertinuit,
1485 559 1527 591 qui
1540 560 1636 590 magicis
1647 561 1842 586 incantationibus
1859 564 1970 590 homines

1203 588 1351 617 occidissent,
1365 597 1402 614 aut
1410 592 1450 623 qui
1459 591 1518 614 mala
1525 591 1791 624 medicamentapublice
1802 595 1970 621 vendidissent:

1204 620 1334 655 omnesque
1341 622 1446 653 prorsus,
1461 623 1675 655 nemineexcepto,
1689 625 1732 648 viri
1741 626 1953 655 ,mulieres‚liberi
1962 646 1969 657 ‚

1203 653 1261 687 servi
1271 671 1278 681 ‚
1296 654 1336 677 hac
1346 655 1398 685 lege
1410 655 1435 678 in
1447 655 1562 684 judicium
1576 655 1721 679 vocabantur.
1746 658 1879 682 Permissum
1894 668 1971 685 autem

1202 684 1246 708 esse
1253 692 1303 712 ree,
1311 692 1370 709 utex
1377 687 1441 710 illius
1448 687 1574 713 voluntate,
1581 687 1689 713 clam,aut
1695 688 1776 718 palam,
1785 687 1796 711 Ξ
1805 690 1917 716 iudicibus
1925 693 1975 716 sen-

1205 718 1282 740 tentiat
1292 717 1413 745 ferrentur,
1425 725 1453 742 ex
1461 726 1486 742 ea
1494 735 1499 745 ‚
1508 726 1552 750 qua
1560 719 1588 742 de
1595 720 1704 749 proxime
1712 721 1858 745 mentionem
1867 723 1974 751 fecimus,

1204 749 1310 772 oratione
1322 749 1480 780 cognoscitur.
1499 751 1628 782 eademque
1642 751 1694 782 lege
1706 751 1736 775 de
1752 754 1866 787 corruptis
1882 755 1974 783 judiciis

1202 780 1333 811 quantum,
1345 782 1426 805 eadem
1434 781 1530 805 declarat
1537 784 1619 806 oratio.
1638 785 1716 806 Secuta
1722 782 1753 806 est
1760 785 1958 817 ConsularisJulia
1966 803 1973 814 ‚

1198 810 1232 834 C.
1239 812 1333 836 Cassaris
1341 829 1346 839 ‚
1357 815 1399 844 qui
1407 814 1430 837 &c
1438 812 1485 845 ipse
1494 814 1598 837 Dictator
1605 813 1658 837 fuit.
1670 822 1712 838 nec
1720 822 1796 839 tamen
1805 815 1890 840 deinde
1903 825 1930 841 ex
1938 819 1972 842 le-

1203 850 1232 876 ge
1238 843 1306 874 JuHa,
1317 843 1354 867 sed
1362 852 1390 868 ex
1397 846 1508 869 Cornelia
1518 862 1524 872 ,
1532 853 1666 877 quanquam
1673 846 1782 870 vetustior
1793 846 1863 871 fuerit
1871 866 1877 875 ‚
1890 849 1975 877 iudicia.

1203 875 1428 900 luntadministrata:
1444 883 1500 907 puto
1508 893 1514 902 ‚
1528 878 1582 907 quia
1590 884 1639 900 non
1647 876 1739 908 semper
1746 879 1858 909 posterior
1864 880 1902 903 lex
1909 883 1973 912 prio-

1203 908 1472 938 remcomprehendebat
1480 925 1485 934 ,
1500 908 1537 931 sed
1545 908 1663 931 interdum
1671 910 1759 940 aliquid
1766 917 1856 934 tantum
1864 912 1971 936 addebat:

1204 944 1229 960 ut
1235 939 1338 962 universa
1347 947 1404 970 pene
1411 940 1490 967 iudicii
1497 940 1554 963 ratio
1563 938 1575 962 a
1583 940 1660 970 priore
1668 941 1719 972 lege
1727 941 1842 972 penderet,
1852 950 1971 974 propterea

1204 970 1341 1006 Corneliam
1348 971 1436 1003 potius,
1444 978 1514 1003 quam
1520 971 1615 1003 Juliam,
1623 971 1759 1004 posteriores
1765 972 1922 1004 jurisconsulti
1927 983 1972 1002 no-

1205 1007 1333 1025 mrnarunt.

1401 1067 1425 1094 C
1446 1076 1463 1094 Λ
1484 1076 1498 1094 1⁷
1518 1074 1537 1093 υ
1557 1076 1574 1093 τ
1614 1068 1778 1096 XXVIII.

1463 1132 1540 1166 Leges
1557 1128 1588 1155 de
1607 1127 1716 1157 ambitu.

1207 1190 1293 1251 DE
1306 1190 1395 1214 ambitu
1402 1198 1453 1223 qux
1459 1192 1534 1223 prima
1542 1192 1583 1216 lata
1590 1192 1621 1216 est
1629 1210 1635 1220 ‚
1643 1192 1766 1217 tribunicia
1774 1194 1869 1219 Poetelia
1876 1194 1921 1220 fnit
1927 1213 1933 1221 ,
1942 1198 1975 1220 C·

1289 1224 1377 1246 Plautio
1385 1225 1482 1247 Proculo
1495 1223 1558 1248 Coss‘.
1573 1225 1659 1248 deinde
1666 1224 1800 1249 Consularis
1812 1228 1920 1251 Cornelia
1927 1230 1974 1251 13ae-

1204 1252 1249 1280 bia,
1257 1252 1270 1276 ἒι
1277 1254 1369 1278 duobus
1375 1254 1479 1283 eiusdem
1485 1256 1539 1280 anni
1548 1256 1690 1280 Consulibus
1698 1257 1751 1280 lata:
1761 1265 1810 1289 quae
1818 1267 1846 1282 ne
1853 1259 1974 1291 derogare-

1204 1291 1249 1311 tur,
1259 1288 1293 1309 M.
1302 1288 1369 1313 Cato,
1378 1287 1418 1310 ille
1425 1288 1500 1316 major
1509 1305 1515 1314 ,
1524 1287 1637 1315 dissuafit,
1646 1295 1670 1311 ut
1678 1288 1702 1311 in
1710 1288 1775 1312 Festo
1783 1290 1889 1321 legimus.
1904 1299 1955 1314 tum
1963 1309 1971 1319 ‚

1206 1324 1256 1348 qua:
1267 1319 1314 1341 Cn.
1322 1319 1438 1342 Cornelio
1453 1319 1575 1343 Dolabella
1583 1323 1617 1344 M.
1624 1320 1705 1343 Fulvio
1712 1320 1838 1345 Nobiliore
1846 1321 1907 1346 Coss.
1915 1323 1957 1346 lata
1964 1340 1971 1350 ‚

1205 1356 1229 1372 ut
1236 1356 1263 1371 ex
1271 1349 1377 1380 epitome
1384 1351 1476 1374 Liviana
1482 1351 1614 1382 colligitur:
1623 1359 1672 1383 quae
1680 1358 1758 1376 utrum
1765 1352 1889 1378 tribunicia
1895 1354 1974 1382 fuerit,

1204 1388 1232 1403 an
1239 1380 1385 1409 Consularis,
1399 1383 1514 1411 conjicere
1521 1391 1569 1406 non
1577 1383 1638 1406 licet.
1657 1384 1740 1407 Multis
1752 1384 1838 1409 deinde
1851 1385 1901 1416 post
1908 1387 1974 1410 annis

1205 1411 1341 1437 Consularis
1347 1414 1482 1445 Calpurnia:
1500 1422 1572 1445 quam
1579 1417 1605 1438 C.
1615 1415 1753 1446 Calpurnius
1759 1415 1810 1440 Piso
1817 1416 1920 1444 Consul,
1934 1425 1974 1440 an-

1206 1451 1237 1467 no
1244 1444 1271 1466 ab
1280 1446 1341 1468 Urbe
1347 1446 1440 1469 condita
1448 1447 1608 1469 DCLXXXVI.
1617 1447 1747 1476 graviorem
1755 1464 1761 1474 ,
1775 1455 1846 1479 qnam
1853 1454 1916 1471 autea
1924 1464 1930 1475 ‚
1938 1455 1974 1472 tu-

1203 1476 1243 1498 lit:
1253 1477 1277 1499 in
1285 1483 1338 1507 qua,
1347 1478 1483 1508 prateralias
1491 1478 1713 1507 poenas‚pecuniaxia
1720 1485 1816 1509 qnoque
1826 1485 1871 1502 erat
1879 1479 1972 1508 adjesta.

1205 1507 1258 1529 huic
1266 1507 1311 1537 legi
1319 1508 1350 1530 ob
1357 1508 1456 1531 nimiam
1467 1508 1515 1536 ejus
1525 1507 1671 1531 severitatem
1683 1516 1740 1540 puto
1748 1510 1837 1541 aliquid
1850 1510 1925 1541 postea
1933 1511 1973 1535 de-

1205 1544 1320 1568 rogatum.
1338 1540 1423 1562 namin
1432 1539 1545 1562 Oratione
1552 1546 1594 1570 pro
1607 1541 1774 1568 C.Cornelio,
1792 1541 1821 1564 de
1827 1549 1926 1573 quatuor
1933 1550 1973 1574 ge-

1206 1569 1314 1597 neribus,
1331 1570 1355 1593 in
1366 1570 1452 1600 quibus
1464 1579 1503 1601 per
1514 1571 1618 1594 senatum
1631 1578 1699 1594 more
1711 1573 1826 1599 majorum
1839 1573 1973 1599 statueretur

1203 1601 1291 1633 aliquid
1299 1601 1327 1624 de
1335 1603 1433 1633 legibus,
1439 1603 1536 1625 tertium
1543 1603 1627 1625 Cicero
1635 1609 1751 1626 memorat
1758 1603 1793 1626 his
1799 1604 1875 1628 verbis
1882 1607 1972 1636 Fragm.

1207 1640 1246 1657 13.
1265 1635 1362 1655 Tertium
1381 1634 1406 1662 est
1420 1634 1445 1655 de
1458 1637 1530 1663 legum
1549 1634 1726 1663 derogationibus.
1741 1643 1782 1666 quo
1795 1637 1821 1658 de
1835 1645 1911 1667 genere
1920 1645 1971 1668 per-

1200 1664 1251 1695 sepe
1266 1666 1289 1688 S.
1300 1665 1389 1694 &fiunt
1401 1680 1408 1691 ,
1425 1671 1450 1687 ut
1463 1673 1528 1695 nuper
1540 1666 1565 1687 de
1577 1665 1621 1694 ipsiu
1639 1666 1684 1695 lege
1697 1668 1811 1695 Calpurnia
1822 1685 1829 1694 ,
1852 1676 1898 1699 quai
1910 1670 1973 1691 dero-

1201 1702 1302 1725 gamm.
1321 1698 1449 1727 Nunquam
1462 1697 1528 1719 enim
1541 1697 1666 1727 Calpurnia
1678 1697 1715 1721 lex
1723 1697 1754 1721 est
1761 1697 1880 1730 abrogata:
1899 1707 1970 1732 quam

1205 1726 1284 1750 servari
1294 1728 1407 1751 Cicerone
1415 1727 1519 1751 Consule
1526 1744 1532 1754 ,
1549 1735 1578 1751 ex
1586 1728 1693 1753 oratione
1705 1736 1747 1760 pto
1755 1732 1852 1754 Murena
1858 1733 1972 1762 cognovi-

1205 1767 1270 1783 mus:
1279 1758 1317 1782 sed
1324 1760 1345 1782 ei
1353 1759 1490 1790 derogatum
1498 1759 1662 1791 aliquid,quod
1670 1761 1700 1783 ita
1707 1760 1795 1785 senatus
1802 1762 1928 1790 censuisset,
1935 1770 1971 1790 ea,

1203 1798 1253 1821 qua:
1266 1791 1372 1818 recitavi,
1386 1790 1454 1813 verba
1466 1791 1600 1821 fignificant.
1618 1791 1725 1822 Haclege
1736 1793 1902 1818 accusatoribus
1914 1802 1971 1825 prze-

1203 1823 1279 1845 mium
1287 1821 1379 1845 videtur
1385 1820 1452 1845 fuisse
1460 1837 1466 1847 ,
1479 1828 1503 1844 ut
1510 1838 1516 1848 ,
1526 1821 1541 1844 fi
1551 1821 1593 1852 ipsi
1604 1821 1814 1847 ambituadamnati
1820 1824 1904 1852 essent,
1912 1826 1971 1850 alio-

1200 1861 1301 1884 rumque
1307 1853 1393 1877 eodem
1401 1854 1425 1877 in
1432 1860 1516 1884 genere
1522 1853 1614 1884 culpam
1619 1853 1845 1882 demonstrass'ent‚in
1852 1858 1971 1888 integrum

1200 1885 1380 1909 restituerentur.
1390 1885 1416 1909 id
1423 1893 1478 1929 appa
1521 1885 1603 1915 (utalia
1610 1886 1871 1919 omittamusexempla)
1878 1896 1906 1911 ex
1914 1891 1972 1912 Ora-

1201 1919 1267 1941 tione
1275 1924 1317 1949 pro
1325 1918 1451 1940 Cluentio.
1463 1891 1536 1947 AEm
1549 1916 1600 1948 post
1613 1917 1763 1948 Calpurniam
1777 1919 1854 1950 legem
1868 1920 1970 1945 habitam

1200 1948 1253 1977 esse,
1265 1957 1293 1973 ex
1301 1956 1330 1972 eo
1337 1949 1432 1974 constat,
1441 1949 1494 1979 quia
1502 1955 1584 1979 praetot
1594 1948 1679 1972 Cicero
1685 1957 1736 1973 eam
1743 1950 1832 1974 causam
1838 1952 1894 1982 egit.
1902 1952 1968 1982 quod

1201 1981 1216 2004 si
1230 1981 1343 2005 accusator
1355 1981 1515 2012 magistratum
1528 1980 1673 2012 designatum
1689 1981 1714 2005 in
1727 1981 1842 2010 judicium
1856 1983 1969 2011 vocasset,

1200 2012 1516 2044 ejusqueculpamindicibus
1523 2010 1647 2042 probasset:
1665 2020 1716 2037 reus
1731 2014 1887 2044 magistratum
1900 2017 1972 2039 amit-

1201 2044 1262 2068 tebat
1269 2062 1275 2072 ,
1289 2044 1401 2068 accusator
1407 2045 1455 2073 ejus
1463 2045 1543 2067 locum
1550 2043 1719 2074 assequebatur:
1736 2045 1751 2068 fi
1761 2046 1835 2070 modo
1843 2048 1864 2070 ei
1873 2054 1912 2077 per
1918 2054 1970 2071 aeta-

1200 2084 1249 2100 tem
1258 2093 1264 2103 ,
1276 2077 1299 2100 &
1307 2077 1416 2108 perleges
1423 2074 1580 2106 magistratum
1587 2076 1658 2099 illum
1669 2083 1749 2108 capere
1760 2079 1847 2102 liceret.
1862 2077 1969 2110 suspicari

1200 2109 1254 2132 licet
1261 2108 1307 2131 hoc
1319 2106 1402 2138 eSyllae
1409 2107 1569 2137 Autroniique
1577 2107 1697 2131 notissimo
1710 2111 1830 2140 exemplo.
1844 2109 1929 2141 quibus
1938 2111 1968 2135 de

1200 2140 1298 2166 ambitu,
1306 2146 1361 2163 cum
1368 2138 1479 2170 designati
1486 2137 1601 2162 Consules
1609 2137 1688 2165 essent,
1696 2140 1821 2168 damnatis,
1830 2141 1969 2167 accusatores

1200 2179 1282 2196 eorum
1290 2174 1422 2202 Torquatus
1430 2171 1453 2194 ὃς
1461 2172 1531 2193 Cotta
1538 2169 1653 2194 Consules
1659 2170 1712 2195 facti
1726 2171 1784 2196 sunt.
1799 2173 1842 2197 nisi
1855 2172 1884 2200 fi,
1899 2174 1966 2205 quod

1199 2211 1244 2235 ego
1252 2204 1326 2226 verius
1333 2202 1444 2226 existimo
1452 2219 1459 2229 ,
1473 2201 1588 2225 Consules
1595 2210 1644 2226 non
1651 2203 1710 2234 legis
1716 2205 1814 2234 praemio
1821 2205 1892 2228 fastos
1899 2206 1968 2229 intel-

1198 2237 1255 2266 ligas
1263 2238 1410 2266 Torquatum
1418 2235 1441 2257 &
1449 2236 1553 2257 Cottam„
1562 2233 1600 2258 sed
1607 2235 1670 2266 quia,
1678 2236 1784 2259 comitiis
1791 2236 1840 2268 posi
1847 2238 1912 2267 Syllae
1920 2241 1968 2260 Au-

1197 2268 1320 2298 troniique
1326 2266 1502 2290 damnationem
1510 2266 1596 2289 iterum
1604 2266 1797 2298 habitis,populus
1803 2276 1843 2292 eos
1849 2269 1966 2293 creaverit.

1197 2299 1305 2323 Tertium
1319 2298 1442 2330 praemium
1456 2299 1508 2329 lege
1517 2298 1597 2321 datum
1609 2297 1749 2325 accusatori,
1768 2299 1814 2323 hoc
1827 2300 1923 2331 quidem
1937 2301 1963 2324 in

1195 2329 1379 2357 crimine‚tribus
1386 2331 1582 2360 permutationem
1591 2330 1688 2353 invenio
1696 2337 1702 2352 z
1710 2329 1725 2353 fi
1734 2331 1808 2354 modo
1816 2339 1839 2354 ea
1847 2330 1927 2356 tribus,
1937 2332 1964 2356 in

1195 2371 1240 2396 qua
1247 2369 1298 2388 rens
1304 2361 1550 2391 censeretur,n0bilior
1556 2360 1692 2394 ess‘et,quam
1698 2361 1771 2387 tribus
1777 2362 1966 2400 accusatorishot:

1938 2402 1966 2421 lu
