2075 2734
284 113 334 141 De
356 109 542 141 Tmiiums
568 104 738 138 murrum
763 104 981 136 Consumit»
1007 116 1230 138 Ροτεετᾼτε.
1271 105 1350 137 ΟΑΡζ
1372 107 1417 136 ιοζ
1582 108 1640 147 '509

67 164 120 194 viri
139 160 275 200 affumptis
294 161 408 189 civitatis
427 159 610 198 gubernaculis
623 178 631 189 ‚
657 156 768 194 aggreffi
781 155 841 185 sunt
855 157 1050 193 rempublicam
1066 157 1242 184 constituere:
1270 166 1351 194 penes
1365 167 1448 185 unum
1464 155 1544 185 fasces
1557 164 1648 189 erant,

67 206 97 233 &
114 201 214 238 reliqua
233 200 377 234 Confidam
391 197 519 234 potestatis
536 196 652 233 infignia.
694 196 718 221 Is
730 195 853 228 fi’vatum
873 195 1056 227 convocabat,
1079 196 1184 222 decreta
1205 196 1382 224 confirmabat
1395 217 1404 228 ‚
1423 203 1569 233 caeteraque
1587 205 1649 233 age-

69 241 115 269 bat
132 249 183 276 pro
202 239 285 275 imper
293 239 327 265 io.
367 237 473 273 Reliqui
495 234 607 271 (quibus
623 232 715 270 finguli
730 232 830 260 accenfi
845 233 1004 268 apparebant
1018 254 1025 264 ,
1053 234 1117 260 teste
1134 232 1206 260 Livio
1221 234 1290 261 libro
1306 235 1407 271 tertio)
1424 235 1456 262 ad
1470 235 1648 262 minuendam

67 278 204 316 potestatis
222 276 352 304 invidiam
369 284 423 302 non
437 272 554 301 multum
568 270 581 299 ἐι
594 271 704 308 privatis
719 270 877 298 differebant
889 270 988 298 habitu.
1008 271 1112 298 Deinde
1124 271 1188 298 alius
1202 272 1228 299 in
1238 273 1397 308 potestatem
1406 272 1577 303 succedebat,
1598 271 1652 299 ser-

70 317 139 344 vatis
154 314 269 345 vicibus,
290 314 370 350 idque
385 313 416 340 ad
431 318 518 338 certos
532 311 602 340 dies,
621 311 708 337 donec
722 308 867 336 elaberetur
881 317 987 344 tempus
1001 318 1129 336 annuum.
1155 311 1200 335 On
1215 319 1259 337 nes
1274 318 1363 337 autem
1380 309 1392 337 a
1408 320 1488 337 mane
1501 319 1550 346 pro
1565 309 1649 337 tribu-

70 354 124 382 nali
136 351 331 390 cognoscebant
345 349 430 378 causas
443 348 558 384 privatas
573 349 599 376 &
614 347 732 384 publicas
748 345 853 380 (Lwius
867 347 976 374 decimo
989 356 1096 383 quoque
1111 347 1154 373 die
1167 347 1192 373 id
1207 348 1218 374 ἐι
1233 348 1337 385 singulis
1351 348 1450 375 fac'tum
1463 348 1536 375 fuisse
1550 348 1649 380 docet,

69 400 131 420 rum
145 400 202 428 quae
214 390 246 417 ad
260 388 376 416 subditos
388 388 553 423 pertinerent
567 406 575 417 ,
604 388 630 414 ἃ
647 385 753 421 socios.)
792 385 825 411 Et
846 384 903 412 lites
918 384 1100 412 controversas
1112 385 1274 413 dirimebant
1292 387 1325 413 de
1337 386 1442 422 lingulis
1457 386 1649 422 disceptantes,

42 445 45 447 >
69 429 177 457 summa
194 428 316 464 aequitate
328 446 337 457 ‚
355 432 435 461 atque
453 424 566 460 justitia:
587 423 726 461 visumque
746 422 783 450 est
801 423 902 450 civitati
923 423 1060 457 optimum
1082 423 1138 458 ejus
1157 424 1217 449 anni
1236 424 1398 451 decem-mma>
1416 423 1557 459 imperium.
1596 424 1648 452 Sed

70 468 192 496 maxime
210 464 362 492 laudabatur
382 471 443 489 cura
461 461 630 499 plebejorum
651 462 795 489 hominum
807 480 815 492 ,
842 463 868 489 δε
888 459 1096 496 praesentaneum
1117 468 1210 499 contra
1225 470 1338 489 omnem
1355 463 1410 489 vim
1427 472 1505 500 atque
1521 462 1648 499 injuriam

68 505 206 533 auxilium.
237 501 440 540 Jadtabaturque
453 500 467 527 ὲ
482 500 574 527 multis
588 509 642 527 non
658 500 715 527 fore
729 508 794 535 opus
808 498 910 526 civitati
923 497 978 525 aliis
994 496 1062 537 magi
1083 496 1178 524 ratibus
1188 518 1195 529 ,
1216 508 1278 525 cum
1295 509 1360 527 unus
1374 501 1406 528 ad
1421 501 1543 528 obeunda
1555 501 1649 528 omnia

70 544 163 571 munia
176 541 243 568 mira
256 539 395 575 prudentia
409 537 530 566 sufficiat.
559 539 593 566 Et
608 548 688 566 mox:
708 538 746 565 Hi
759 536 894 564 decemviri
908 537 978 574 leges
991 536 1151 572 conici-iptas
1165 544 1224 562 tum
1239 546 1271 563 ex
1287 538 1444 565 Graecorum
1458 539 1516 574 jure
1527 560 1536 570 ,
1558 546 1617 566 tum
1633 537 1649 565 ὲ

69 581 159 618 patriis
178 577 412 607 consuetudinibus
431 575 627 614 proposuerunt
647 577 673 604 in
694 576 789 604 decem
810 574 901 603 tabulis
923 573 1119 611 cognoscendas
1139 573 1246 602 cuilibet
1260 595 1267 605 ‚
1295 573 1407 603 ferentes
1427 577 1568 604 admoneri
1588 576 1614 604 se
1632 575 1647 603 ἰὶ

68 617 178 656 privatis
197 615 365 646 hominibus,
386 616 413 643 &
428 615 480 642 hoc
495 622 615 652 agentes,
636 622 666 642 ut
678 612 750 651 leges
763 613 900 650 placerent
915 612 1041 640 omnibus
1055 623 1060 639 ;
1081 613 1180 649 diuque
1194 611 1407 641 consultaverunt
1421 624 1482 641 cum
1497 614 1650 650 proceribus

68 662 225 685 revocantes
238 655 270 682 ad
283 653 478 681 exactissimum
493 662 606 680 eramen
619 652 736 690 singulas.
778 651 831 679 Ubi
849 660 913 679 vero
928 650 988 678 viiae
1000 650 1059 678 sunt
1072 649 1140 678 bene
1154 649 1250 677 habere
1263 671 1272 682 ,
1297 651 1417 690 primum
1436 652 1525 680 senatu
1539 652 1648 683 ccasio,

68 694 180 722 nemine
207 692 406 721 contradicente
419 713 425 723 ‚
444 690 684 725 fianamftonfidrum
710 691 744 718 de
771 691 801 717 iis
821 688 962 717 fecerunt:
986 688 1083 716 deinde
1106 688 1254 716 centuriati:
1272 688 1377 715 comitas
1395 690 1422 716 in
1441 690 1576 724 praesentia
1588 699 1649 724 pon-

69 732 92 760 ti
112 741 168 758 cum
181 752 188 762 ‚
214 740 339 768 augurum
352 751 358 760 ,
378 729 546 766 aliorumque
569 729 735 756 sacerdotum
757 728 770 755 ἐι
788 737 817 754 re
841 728 931 755 divina
951 726 1056 758 exorsi,
1079 726 1191 754 calculos
1211 727 1342 754 dederunt
1359 736 1475 753 tenturus
1487 738 1493 750 .·
1520 736 1579 755 tum
1593 728 1650 762 ple-

69 769 150 804 bnftito
173 778 281 806 quoque
302 767 473 795 confirmatas
488 787 495 799 ‚
524 769 551 795 ἃ
572 768 599 795 in
614 776 691 795 aereas
704 766 842 793 columnas
856 765 947 792 incisas
963 786 970 796 ‚
997 774 1048 792 rna
1062 764 1126 792 lerie
1139 764 1333 801 preposuerunt
1347 765 1374 792 in
1388 765 1448 792 loco
1463 765 1514 792 fori
1532 767 1650 793 maxime

70 807 230 843 conspicuo,
252 809 303 835 &a
330 806 465 834 Hactenus
479 804 579 841 Dioygtfi
603 806 691 832 Finito
705 813 794 831 annuo
807 813 902 831 eorum
917 804 1033 839 imperio
1044 824 1051 834 ‚
1071 812 1134 831 cum
1148 803 1283 830 videretur
1296 803 1393 840 aliquid
1408 803 1493 830 dcesse
1509 804 1538 830 iis
1550 804 1651 841 legibus

70 845 317 882 (quemadmodum
334 844 407 871 idem
422 842 535 874 author,
555 845 580 871 Σκ-
595 852 657 870 curn
674 852 706 870 eo
721 841 825 870 Livius,
845 841 1006 872 Plutarchus,
1029 844 1055 870 δε
1069 842 1111 868 alii
1125 841 1279 874 testantur‚)
1295 841 1473 869 annitentibus
1487 842 1567 868 etiam
1582 851 1650 869 non-

71 883 149 911 nullis
163 892 194 911 ex
207 882 336 919 patribus,
357 888 386 908 ut
401 890 431 908 ea
443 882 546 907 ratione
562 879 697 907 tribunitia
706 878 809 914 potestas
824 879 1010 916 abrogaretur,
1032 878 1156 908 consensu
1171 878 1273 906 senatus
1288 882 1314 907 ὃῑ
1329 879 1411 914 plebis
1419 880 1535 906 etiamin
1543 879 1652 916 sequen-

70 930 128 950 tem
145 930 245 948 annum
259 918 396 946 decemviri
407 919 487 947 creati
500 917 572 950 sunt,
592 928 650 955 pars
664 919 774 954 quidem
789 927 883 945 eorum
899 927 930 945 ex
945 918 1077 953 prioribus
1090 917 1198 948 refecti,
1218 926 1276 953 pars
1289 917 1317 944 in
1333 918 1445 945 aliorum
1463 917 1520 944 loca
1530 917 1653 954 subroga-

70 960 110 991 ti,
131 966 161 987 ut
180 959 207 986 id
219 958 292 995 quod
306 968 332 985 x.
344 956 438 985 tabulis
452 956 565 988 deefl'et,
584 955 735 994 iupplerent
744 977 752 988 ‚
774 959 799 985 ἃ
812 956 905 992 legum
919 955 976 991 jam
990 955 1102 983 latarum
1116 954 1333 982 obieri-ationem
1348 954 1362 983 ὲ
1375 955 1524 983 volentibus
1536 955 1652 983 nolenti-

70 996 118 1025 bus
132 998 278 1033 exigerent.
313 996 385 1023 Cum
401 1004 465 1022 vero
477 993 504 1021 hi
519 995 608 1022 statim
623 995 700 1022 initio
714 994 763 1021 succ
777 993 1009 1022 administrationis
1023 993 1215 1022 clandestinum
1228 992 1316 1021 foedus
1329 994 1398 1022 inter
1413 993 1465 1021 sele
1478 994 1653 1029 jurejurando

71 1034 199 1066 ferirent,
218 1043 252 1061 ne
265 1034 322 1070 quis
337 1042 369 1061 ex
383 1033 496 1070 coEegio
510 1032 562 1059 ulla
574 1033 601 1059 in
616 1042 646 1060 re
657 1032 732 1060 alteri
747 1031 941 1063 adversaretur,
962 1031 1005 1058 sed
1020 1031 1092 1069 quod
1106 1031 1152 1058 uni
1167 1040 1262 1060 torum
1277 1031 1427 1068 placuiffer,
1448 1032 1519 1059 idem
1529 1031 1655 1069 probare-

71 1080 116 1101 tur
129 1072 271 1099 omnibus:
292 1080 360 1099 neve
370 1072 474 1100 comma
485 1069 626 1100 haberent,
645 1079 827 1108 perpetuoque
840 1071 987 1099 retinerent
1003 1070 1160 1107 imperium:
1183 1078 1249 1096 neve
1264 1079 1426 1107 quemquam
1443 1070 1523 1097 alium
1532 1071 1563 1097 ad
1573 1070 1598 1097 id
1607 1070 1654 1098 ad.-

71 1111 228 1142 mitterent,
248 1109 347 1146 ipfique
367 1109 424 1145 pari
437 1108 541 1136 honore
551 1129 558 1140 ‚
576 1109 633 1144 pari
646 1109 775 1145 potestate
790 1108 884 1139 effent,
896 1107 1127 1142 ftn.unj?onfflltis,
1143 1105 1344 1145 plebisque-[Eitis
1358 1108 1461 1135 nonnifi
1476 1117 1552 1138 raro,
1572 1108 1654 1144 idque

71 1148 216 1176 necessario
231 1155 382 1178 uterentur,
403 1147 553 1175 maximam
567 1154 672 1182 partem
685 1156 775 1175 rerum
788 1156 838 1183 pro
852 1147 983 1182 imperio,
1004 1146 1088 1174 multa
1097 1147 1234 1182 tyrannice
1241 1154 1363 1182 agerent:
1386 1147 1598 1183 cumqueprimo
1605 1146 1654 1174 ho-

72 1187 146 1214 noris
159 1187 201 1214 die
214 1186 272 1222 post
285 1185 390 1222 peraeta
403 1194 473 1212 iaci-a
487 1184 604 1212 solennia
617 1184 711 1221 finguli
725 1194 789 1212 cum
804 1184 909 1221 singulis
921 1183 1037 1221 inligniis
1050 1185 1129 1221 regiis
1142 1184 1281 1219 prodirent
1290 1204 1297 1214 ‚
1317 1184 1429 1219 praelatis
1443 1185 1538 1220 cuique
1552 1185 1654 1212 duode-

72 1225 127 1251 cim
149 1223 260 1251 fascibus
276 1225 302 1250 ὃ(
314 1221 445 1250 securibus
457 1243 464 1253 ,
485 1224 557 1259 quod
569 1231 646 1249 antea
660 1222 827 1259 antiquatum
845 1222 929 1249 fuerat
943 1242 950 1252 ‚
971 1223 1115 1250 accedente
1128 1222 1209 1249 etiam
1222 1222 1292 1248 caede
1304 1221 1388 1253 sict-ii,
1409 1221 1450 1253 ζῇ
1457 1221 1553 1255 judaia
1567 1222 1652 1259 Vitgi-

72 1261 133 1325 nub,
152 1260 284 1288 demmin
297 1259 427 1324 damngth
451 1262 477 1289 ὃῑ
492 1261 547 1288 haec
559 1259 673 1296 potestas
687 1260 716 1288 in
729 1259 882 1289 universum
896 1258 995 1288 sublata
1009 1260 1045 1288 est
1054 1281 1062 1293 ,
1083 1260 1165 1289 tertio
1179 1268 1250 1287 anno
1263 1259 1402 1297 postquam
1414 1260 1534 1296 primum
1545 1260 1572 1287 iu
1580 1269 1654 1294 rem-⁴

73 1308 108 1335 pu
129 1299 147 1327 l.
159 1298 245 1327 fuiffet
259 1298 368 1326 introdu
385 1306 421 1326 ta.

755 1360 781 1386 C
798 1368 815 1386 Α
838 1369 864 1387 r.
900 1360 973 1388 XX.

519 1419 573 1452 De
588 1417 713 1452 tribunis
731 1419 867 1452 militum
884 1419 1043 1464 Confidari
1052 1417 1205 1468 potestate.

71 1491 180 1556 UT
198 1492 377 1531 plurimorum
396 1493 508 1522 aliorum
524 1493 733 1532 magistratuum,
755 1496 791 1522 ita
805 1495 885 1523 etiam
901 1494 991 1530 hujus,
1013 1495 1046 1522 de
1058 1504 1112 1532 quo
1126 1495 1258 1533 agendum
1274 1495 1326 1528 est,
1345 1493 1468 1522 authores
1484 1493 1590 1522 fuerunt
1603 1492 1654 1520 tri-

172 1530 233 1558 bum'
240 1532 326 1566 plebis.
352 1533 485 1560 Dicuntur
498 1533 592 1560 trtbum
606 1532 734 1564 miluum,
755 1531 799 1560 vel
809 1532 904 1559 tribuni
916 1532 1041 1559 milrrares
1053 1533 1192 1560 Consulari
1204 1534 1347 1570 potestate,
1367 1533 1399 1558 ad
1414 1531 1594 1559 differentiam
1609 1541 1653 1559 eo-

171 1578 232 1595 rum
245 1590 252 1600 ,
272 1572 317 1606 qui
331 1570 469 1598 castrenses
482 1569 641 1609 magrstrams
655 1578 738 1598 erant.
768 1570 882 1599 Causam
897 1579 987 1598 autem
1003 1571 1033 1598 iis
1047 1572 1165 1599 creandis
1179 1572 1310 1598 dederunt
1323 1568 1504 1603 tribuniplebis
1513 1590 1520 1601 ‚
1542 1570 1602 1605 qui,
1622 1577 1652 1597 ut

74 1605 193 1633 refemnt
207 1605 298 1634 Livim
310 1607 380 1635 libro
390 1618 417 1642 4.
430 1609 523 1640 initio,
545 1612 571 1636 &c
585 1607 716 1646 Dionffius
729 1607 774 1636 lib.
793 1619 802 1636 1
812 1619 833 1636 r.
849 1619 912 1637 cum
928 1607 1013 1637 multa
1025 1608 1073 1636 alia
1086 1609 1223 1646 privilegia
1236 1606 1354 1645 patribus
1369 1610 1394 1636 &c
1407 1608 1523 1643 patriciis
1534 1615 1595 1634 ante
1608 1616 1654 1635 ex-

74 1643 219 1674 torfiffent‚
241 1645 350 1672 tandem
365 1647 446 1673 etiam
459 1645 511 1673 hoc
524 1646 559 1673 ad
570 1646 702 1682 populum
719 1646 849 1679 tulerunt,
869 1656 898 1674 ut
910 1647 1023 1674 alterum
1035 1647 1166 1681 Confidem
1180 1656 1213 1675 ex
1225 1645 1304 1683 plebe
1319 1646 1375 1673 fieri
1389 1645 1488 1673 liceret.
1511 1646 1653 1681 Rogarunt

74 1681 126 1709 hoc
141 1680 240 1708 tribuni
251 1682 330 1716 plebis
343 1704 350 1715 ,
378 1686 403 1712 εκ·
417 1684 568 1720 gravissime
582 1683 705 1711 urserunt
717 1693 787 1712 anno
800 1684 832 1711 ab
853 1683 928 1712 Urbe
941 1685 1050 1713 condita
1062 1694 1172 1714 ccc11x.
1192 1684 1263 1712 Coss.
1277 1689 1317 1711 M.
1335 1688 1442 1711 Genutto
1455 1703 1462 1712 ‚
1484 1682 1524 1714 ἐς
1539 1686 1569 1708 C.
1584 1685 1652 1709 Cur-

73 1727 119 1748 uo.
159 1721 231 1746 Cum
250 1729 340 1748 autem
358 1721 467 1755 patrtcii
484 1720 597 1749 tribunis
617 1720 668 1748 sese
685 1722 837 1757 gravissime
855 1730 1023 1759 opponerent
1036 1744 1044 1755 ‚
1070 1723 1135 1750 nihil
1154 1730 1245 1751 tamen
1270 1722 1381 1750 efficere>
1395 1721 1498 1756 poffent
1511 1740 1519 1751 ,
1544 1719 1653 1747 tribuni:

74 1756 140 1785 nihil
153 1758 187 1784 de
199 1756 246 1784 suo
260 1757 366 1786 fervore
380 1757 580 1787 remittentibus
590 1780 598 1791 ‚
626 1760 736 1787 tandem
749 1759 822 1788 suasu
836 1762 869 1789 C.
882 1760 987 1788 Claudii
999 1781 1005 1791 ‚
1026 1761 1077 1788 viri
1091 1761 1242 1788 Consularis
1253 1782 1260 1793 ‚
1280 1769 1314 1787 ne
1329 1759 1481 1793 Consulatus
1493 1767 1556 1785 cum
1572 1756 1650 1794 plebe

74 1795 340 1827 communicaretur,
352 1797 596 1831 ftnatuftonsulrum
617 1797 719 1824 fastum
739 1798 795 1830 est,
817 1806 847 1826 ut
867 1799 895 1826 in
913 1798 1004 1826 locum
1027 1799 1173 1827 Consulum
1193 1799 1235 1827 alii
1255 1795 1431 1835 magistratus,
1452 1796 1494 1823 vel
1512 1796 1652 1832 praetetsti,

73 1841 135 1869 pars
148 1842 181 1861 ex
195 1832 273 1869 plebe
283 1854 292 1865 ,
315 1836 340 1862 &
355 1843 415 1870 pars
431 1843 462 1862 ex
474 1833 593 1870 patribus
605 1842 772 1867 crearentur,
789 1836 950 1871 Canftalarem
963 1835 1110 1874 potestatem
1124 1835 1266 1868 habentes,
1287 1844 1401 1872 quorum
1423 1835 1568 1870 imperium
1584 1843 1649 1862 cum

74 1871 183 1899 finitum
202 1871 266 1899 elset
281 1892 288 1902 ‚
313 1871 415 1900 senatus
434 1871 559 1909 plebsque
577 1873 774 1905 convenirent,
800 1876 828 1903 δε
847 1874 1058 1912 cognoscerent,
1076 1882 1169 1903 utrum
1190 1874 1322 1908 Confflles,
1343 1882 1375 1900 an
1396 1872 1520 1907 Praesectos
1539 1872 1650 1901 mallent

74 1909 220 1944 imperium
240 1909 381 1947 suscipere:
402 1913 429 1940 ὅ(
449 1912 521 1947 quod
540 1910 668 1938 omnibus
686 1911 841 1948 suffragium
860 1911 1006 1939 ferentibus
1026 1912 1178 1943 videretur,
1198 1912 1309 1939 firmum
1329 1910 1400 1938 esset.
1441 1910 1523 1945 Qod
1539 1910 1653 1945 senatus:

73 1946 211 1981 consultum
231 1956 294 1974 cum
312 1947 412 1976 tribuni
431 1947 513 1985 plebis
534 1947 646 1975 summis
668 1947 787 1976 laudibus
807 1950 956 1979 extulissent
968 1969 976 1980 ,
1003 1948 1129 1985 plebsque
1147 1949 1286 1985 accepisset
1310 1949 1337 1975 in
1357 1956 1458 1975 annum
1477 1947 1651 1985 sequentem,

73 1985 121 2023 qui
141 1983 191 2011 fuit
210 1982 242 2011 ab
262 1984 336 2012 Urbe
355 1987 462 2014 condita
481 1996 572 2014 cccxx.
590 1986 685 2013 tribum·
705 1986 819 2015 milimm
838 1996 904 2018 tres,
925 1989 952 2014 ἃ
971 1987 1081 2023 quidem
1102 1997 1197 2014 omnes
1211 1987 1330 2022 patricii,
1351 1991 1381 2012 A.
1396 1989 1553 2019 Sempromus
1565 1990 1651 2015 Atra-

74 2031 161 2053 tmus,
184 2026 216 2049 T.
227 2021 330 2049 claelius
342 2024 455 2057 siculus,
474 2028 506 2051 L.
520 2024 632 2051 Andrus
653 2025 750 2061 Longus
771 2026 851 2052 creati
864 2025 931 2053 sunt.
973 2023 1049 2051 Plebs
1063 2034 1096 2051 eo
1109 2025 1229 2060 primum
1244 2031 1372 2052 contenta
1386 2023 1449 2055 fuit,
1470 2025 1542 2061 quod
1557 2024 1594 2052 sui
1609 2035 1652 2053 ra-

74 2061 115 2089 tio
134 2062 162 2087 in
180 2059 286 2087 caminis
304 2059 393 2089 habita
410 2061 505 2090 fuisset.
544 2063 595 2090 Sed
615 2062 697 2090 iidem
717 2062 796 2099 paulo
813 2063 885 2098 post,
906 2071 968 2090 cum
989 2062 1058 2089 vitio
1077 2061 1139 2089 fasti
1151 2062 1247 2093 essent,
1267 2060 1437 2093 abdicarunt,
1457 2063 1538 2098 inque
1552 2072 1649 2091 eorum

72 2098 166 2127 locum
186 2097 304 2132 Confides
322 2098 381 2127 sunt
401 2101 489 2129 creati.
527 2101 587 2127 Post
606 2100 707 2137 aliquot
726 2109 813 2128 annos
826 2100 912 2128 rursus
930 2099 1026 2126 mbuni
1045 2099 1122 2127 creati
1134 2121 1141 2131 ,
1167 2102 1193 2127 ὃς
1214 2100 1333 2136 primum
1353 2100 1462 2136 quidem
1481 2109 1534 2126 tres
1546 2121 1554 2132 ‚
1581 2111 1647 2129 mox

74 2143 205 2174 quatuor,
224 2138 251 2164 &
264 2136 374 2164 tandem
387 2137 438 2166 sex.
471 2139 532 2165 Nec
544 2138 631 2174 plures
645 2145 747 2165 creatos
760 2138 835 2165 fuiffe
847 2147 966 2176 unquam
978 2137 1094 2174 Stgoniur
1108 2139 1267 2166 Comment.
1283 2139 1309 2166 in
1325 2139 1405 2165 Fastis
1419 2139 1597 2170 demonstrat,
1617 2139 1649 2166 li-

74 2183 118 2203 cet
138 2173 273 2202 diversum
294 2175 439 2211 reperiatur
457 2176 525 2212 apud
541 2175 646 2204 Livium
658 2175 704 2204 lib.
715 2186 740 2212 5.
755 2177 833 2203 initio
845 2198 854 2208 ‚
881 2177 926 2213 qui
938 2185 992 2203 uno
1004 2177 1031 2202 in
1045 2176 1106 2204 loco
1119 2177 1184 2204 dicit
1197 2176 1261 2203 oCto
1273 2184 1376 2204 creatos
1392 2175 1466 2204 fuisse
1481 2187 1486 2203 z
1515 2186 1595 2214 quem
1610 2185 1655 2205 ta·

74 2222 141 2241 men
154 2212 246 2240 locum
260 2221 417 2249 corruptum
431 2214 481 2241 effe
495 2213 620 2242 credibile
634 2215 686 2245 est,
707 2224 768 2241 cum
783 2215 855 2250 apud
865 2215 969 2241 nullum
984 2213 1065 2241 alium
1082 2214 1221 2242 authorem
1237 2214 1293 2250 ejus
1305 2215 1344 2242 rei
1358 2216 1462 2242 mentio
1469 2224 1550 2243 emet.
1571 2216 1650 2242 Ideo-

73 2260 126 2289 que
141 2252 168 2279 in
185 2248 266 2286 Fastis
277 2252 357 2278 etiam
373 2250 496 2285 onuphrii
510 2252 646 2282 Pan-ninii.
667 2251 708 2285 Θ
722 2251 831 2279 Ηιιέενιὶ
844 2252 945 2281 colim
957 2259 1062 2280 tantum
1077 2252 1120 2280 sex
1134 2262 1167 2280 eo
1179 2262 1264 2284 anno,
1284 2262 1338 2290 quo
1351 2251 1441 2280 Limus
1454 2253 1517 2280 οξτο
1528 2253 1602 2281 fuifl‘e
1609 2254 1650 2280 di-

29 2288 32 2292 '
74 2290 112 2317 cit
124 2310 133 2321 ,
158 2296 303 2325 ponuntur.
342 2289 511 2326 Fueruntque
528 2289 554 2316 hi
575 2290 668 2317 tribuni
686 2299 879 2326 nonnunquam
894 2299 990 2317 omnes
997 2290 1102 2324 patricii
1114 2311 1121 2321 ,
1147 2300 1340 2328 nonnunquam
1353 2300 1385 2318 ex
1400 2290 1518 2327 patribus
1532 2294 1557 2318 ἃ
1572 2290 1652 2326 plebe

40 2359 44 2363 ,
74 2326 153 2355 fimul
179 2327 268 2354 creati.
308 2327 368 2353 Post
392 2335 493 2354 annum
518 2336 642 2356 cccxcvi.
667 2328 732 2355 nulli
758 2328 869 2363 amplius
888 2327 985 2355 tribuni
1004 2327 1121 2356 militum
1139 2330 1326 2365 reperiuntur:
1351 2337 1382 2357 ut
1401 2339 1456 2357 non
1475 2329 1506 2355 fit
1524 2329 1656 2357 dissimile.

35 2363 38 2367 '
74 2373 158 2399 Ανει-ο,
174 2374 219 2394 eos
238 2365 285 2403 qui
302 2374 373 2394 anno
392 2374 517 2395 cccxcw.
537 2367 618 2394 creati
634 2365 755 2400 fuerunt,
777 2366 887 2395 ultimos
906 2365 1071 2433 fuiffe.ss1ta
1088 2367 1132 2396 hic
1153 2366 1317 2406 magistratus
1336 2367 1395 2404 post
1414 2376 1515 2396 annum
1533 2377 1657 2395 Lxxvrr.

964 2405 982 2432 S
1038 2415 1053 2443 3
1572 2414 1658 2443 quam
