2075 2734
397 121 460 158 «7323v
693 112 1135 145 Autroni-rarum
1175 108 1696 138 RomananumLm-zx.

394 168 453 207 post
467 173 565 204 paucos
577 164 633 194 dies
653 173 745 193 verum
760 165 787 192 in
799 163 877 190 undis
891 160 1038 198 periculum
1055 160 1183 189 fecerunt.
1201 161 1337 190 Hactenus
1346 159 1468 200 Polybius.
1491 162 1556 188 Haec
1570 160 1651 198 igitur
1665 162 1752 197 prima
1765 162 1919 196 rudimenta
1930 170 1980 197 Ro-

393 215 540 236 manorum,
561 204 633 241 quod
645 203 677 230 ad
692 202 792 230 navalia
804 200 905 237 praelia,
926 200 1041 227 fuerunt.
1062 200 1087 227 Is
1101 200 1143 228 cui
1158 201 1301 238 imperium
1318 201 1344 228 in
1362 200 1450 237 copias
1465 198 1568 227 navales
1582 200 1739 228 mandatum
1755 210 1812 232 erat
1823 224 1831 236 ,
1851 206 1978 242 prastaam

393 244 471 280 classis
485 241 630 272 dicebatur.
649 241 791 269 Interdum
805 240 887 267 etiam
902 236 1034 266 duumviri
1046 237 1149 265 navales
1164 239 1332 268 creabantur:
1352 238 1386 266 de
1399 237 1494 276 quibus
1508 238 1624 266 diximus
1637 238 1706 266 libro
1718 239 1812 269 harum
1828 243 1986 282 Antiquita,.

396 289 455 312 tum
468 282 582 318 septimo
595 281 680 316 capite
692 290 740 315 40.

436 319 549 357 Singulae
561 320 627 346 item
642 327 721 346 naves
735 317 794 346 suos
802 315 925 352 prasefi‘os
937 314 1069 344 habebant
1085 335 1094 347 ‚
1114 315 1148 343 de
1164 314 1258 352 quibus
1272 324 1328 343 non
1350 315 1386 343 est
1399 314 1501 343 necesse
1517 314 1601 343 multa
1614 314 1694 343 verba
1708 316 1802 345 facere.
1842 319 1985 350 Caeterum.

396 359 530 396 potissima
545 366 604 393 pars
617 355 694 392 hujus
706 355 870 384 transsationis
886 354 1001 382 consistit
1016 354 1042 381 in
1056 352 1233 390 explicatione
1247 351 1369 386 navium,
1390 362 1536 390 earumque
1548 353 1664 389 partium
1678 375 1685 386 ‚
1707 356 1733 383 &
1748 365 1878 393 generum
1893 378 1901 390 ,
1921 360 1980 396 qui.

399 398 447 425 bus
460 395 587 432 cognitis,
608 393 708 431 reliqua
721 393 799 422 facile
813 392 939 430 intelligi,
958 391 1033 421 nullo
1045 393 1127 421 etiam
1143 393 1257 421 docente
1273 391 1389 428 possunt.
1429 392 1519 429 Qare
1532 392 1566 421 de
1578 390 1698 425 navibus,
1720 402 1852 431 quantum
1867 397 1986 433 quidem,

398 433 449 463 huc
459 434 594 470 pertinere
609 432 813 465 arbitrabimur,
834 432 963 460 dicemus.

1067 502 1091 529 C
1118 509 1133 528 Λ
1161 511 1184 529 r.
1230 501 1303 529 XX.

709 557 762 590 De
776 556 860 601 claffi’
876 562 923 591 ἔφ’
938 554 1087 597 navibus,
1114 566 1274 600 earumque
1286 551 1426 601 partibus
1443 559 1489 588 (φ’
1503 552 1672 601 generibus.

482 620 600 650 niversus
614 622 726 650 navium
738 630 876 659 apparatus
890 621 966 660 claffis
980 622 1132 654 dicebatur,
1152 626 1195 649 xuni
1209 626 1227 650 θ’
1239 626 1325 652 κακῶν,
1344 620 1396 647 hoc
1412 620 1462 652 est,
1483 618 1496 648 ὲ
1508 617 1595 656 lignis,
1617 626 1646 647 ut
1660 620 1759 648 docent
1771 621 1970 651 Grammaticiiv

521 661 606 689 Navis
617 668 706 689 autem
721 658 735 688 a
748 662 845 689 Graeco
858 667 907 695 γεω,
928 661 999 698 quod
1006 659 1060 699 fluo
1073 659 1214 697 fignificat,
1236 659 1278 687 vel
1290 658 1303 686 a
1318 659 1415 687 Latino
1427 668 1472 690 no,
1495 657 1567 695 quod
1581 658 1630 689 est,
1645 665 1717 689 nato,
1727 657 1768 685 vel
1782 657 1796 686 a
1809 669 1890 692 navo,
1906 660 1979 697 quod

485 698 620 726 rectorem
634 708 732 726 navum
750 699 824 727 navis
837 698 976 737 exposcat,
986 699 1038 727 hoc
1053 699 1104 732 est,
1119 699 1253 726 strenuum
1271 699 1298 726 ὃς
1311 696 1427 725 celerem
1436 717 1444 729 ,
1463 704 1566 724 nomen
1577 694 1666 725 habet.
1696 695 1810 723 Navium
1824 705 1911 734 partes
1924 698 1982 736 plu-

402 734 478 763 rimae
490 736 564 769 sunt,
584 745 648 773 quas
663 744 742 773 prout
755 736 835 764 nobis
848 744 1007 770 occurrent,
1029 737 1072 765 hic
1085 735 1268 765 recitabimus.
1522 772 1525 775 Α

441 773 539 802 Carina
555 775 592 802 est
607 784 666 811 pars
680 776 754 803 navis
770 775 863 802 infima
878 775 891 803 a
905 774 975 804 facili
988 775 1077 806 cursu,
1098 773 1169 812 quasi
1181 772 1283 801 currina
1296 781 1404 804 vocata;
1423 771 1555 809 Sallustius
1570 771 1673 800 alveum
1691 779 1777 801 vocat.
1811 773 1930 807 Quidam
1939 782 1984 804 to.

401 811 453 840 tius
466 813 540 840 navis
560 821 721 849 compagem
738 813 852 840 carinam
868 814 918 841 effe
932 815 1084 851 opinantur.
1117 815 1165 840 Hae
1178 813 1312 848 primum,
1333 812 1398 840 sicut
1412 813 1437 840 δε
1444 809 1608 849 statumina,
1628 821 1659 839 ex
1674 811 1850 851 levi-materia
1867 812 1980 845 fiebant,

401 849 533 887 reliquum
548 859 644 887 corpus
657 850 765 878 navium
781 851 922 879 viminibus
938 859 1094 881 contextum
1112 873 1121 883 ‚
1142 850 1221 878 coriis
1240 844 1415 887 integebatur.
1454 850 1564 886 Capitur
1585 850 1666 877 etiarn
1680 859 1766 877 curma
1780 851 1918 879 interdum
1932 860 1983 888 pro

402 886 497 916 infima
511 888 599 920 trabe,
620 897 671 926 qua
685 889 759 916 navis
773 889 913 920 fundatur,
932 897 962 918 ut
976 891 1011 917 est
1024 889 1087 918 illud
1104 888 1197 916 Ovidii
1209 898 1213 913 :

712 930 783 954 Dum
806 937 862 954 mea
880 928 963 964 puppis
982 937 1038 955 erat
1058 926 1145 955 valida
1158 925 1273 960 fundata
1291 925 1385 953 carina.

442 962 605 998 statumina,
628 973 685 1002 quae
700 966 726 993 &
732 963 862 1002 stamina,
886 967 913 994 δι
925 964 986 1003 costa
1001 966 1138 997 dicuntur,
1159 963 1230 1000 ligna
1244 962 1303 991 sunt
1315 964 1453 992 armetaria
1467 963 1494 992 in
1510 963 1637 992 interiore
1652 963 1712 991 alvo
1721 983 1730 994 ‚
1749 971 1806 1001 quae
1818 961 1900 992 latera
1912 965 1993 993 navis

400 1000 571 1039 suppingunt.

442 1039 550 1076 Pergula
564 1040 600 1068 est
613 1050 646 1068 ex
657 1040 732 1069 cursu
747 1049 796 1077 per
812 1047 899 1068 totam
913 1049 1009 1069 navem
1027 1048 1132 1077 apertus
1144 1040 1219 1068 locus
1232 1040 1263 1068 ad
1277 1040 1350 1068 navis
1364 1038 1453 1067 latera.
1492 1039 1580 1068 Festus
1598 1049 1686 1077 ugeam
1705 1045 1783 1067 vocat
1794 1059 1802 1071 ,
1822 1039 1896 1077 quod
1910 1039 1937 1068 in
1953 1048 1992 1068 ea.
2026 1046 2029 1048 '

404 1086 514 1116 quaeque
527 1088 567 1107 res
581 1080 699 1107 maxime
711 1080 753 1116 agi
767 1079 847 1107 soleat
856 1100 862 1109 ‚
883 1088 937 1116 quo
952 1079 1083 1108 vocabulo
1096 1079 1155 1106 usus
1169 1079 1205 1105 est
1218 1079 1332 1105 Ennius:

712 1117 800 1145 Multa
812 1118 869 1153 soro
884 1126 976 1151 ponent
990 1138 998 1150 ,
1026 1126 1138 1156 agereque
1155 1116 1228 1153 longa
1247 1115 1364 1150 repletur.

442 1154 574 1183 Nonnulli
588 1165 677 1193 ageam
688 1165 748 1184 earn
761 1156 833 1183 viam
847 1155 947 1182 dietam
962 1163 1070 1193 putant,
1089 1165 1137 1191 pei·
1154 1163 1234 1192 quam
1249 1155 1281 1182 ad
1294 1154 1411 1189 remiges
1423 1152 1545 1182 hortator
1557 1153 1668 1182 accedit.

443 1196 524 1220 Prora
540 1194 576 1221 est
590 1195 662 1222 navis
676 1204 732 1230 pars
747 1195 879 1225 anterior,
899 1194 933 1221 fic
948 1194 1017 1222 ᾱῑξὶα
1031 1194 1102 1232 quqfi
1114 1200 1217 1231 ng1552‚
1235 1192 1307 1230 quod
1322 1191 1453 1229 reliquam
1465 1193 1540 1220 navis
1555 1199 1661 1228 partem
1675 1192 1814 1228 praecedat.
1854 1193 1926 1221 Huic
1939 1193 1984 1230 qui

404 1230 510 1268 praeest,
525 1240 643 1266 proreta,
663 1235 757 1260 Graece
771 1239 877 1271 wgo-albe,
893 1232 1048 1268 appellatur.
1106 1240 1109 1242 ’
1971 1267 1974 1271 ,

443 1266 542 1304 Rostra,
565 1279 622 1306 pars
635 1272 709 1298 navis
722 1272 843 1306 primore
856 1272 882 1299 in
897 1280 976 1307 prora
985 1270 1169 1307 exporrezstior
1181 1292 1188 1302 ‚
1210 1271 1237 1298 8<
1252 1270 1329 1298 cunei
1348 1270 1375 1297 in
1395 1268 1510 1296 modum
1527 1270 1629 1297 acutior
1643 1291 1652 1302 ‚
1672 1278 1775 1297 nomen
1788 1268 1865 1297 habet
1878 1268 1892 1296 a
1905 1268 1987 1305 rostris

405 1306 512 1336 avium,
531 1308 562 1335 ad
577 1317 690 1345 quorum
704 1308 907 1338 similitudinem
923 1309 1035 1341 fiebant,
1055 1309 1126 1336 unde
1138 1306 1246 1346 rostrata
1259 1309 1350 1341 navis,
1371 1309 1398 1336 ὃ(
1409 1305 1515 1344 rostrata
1525 1316 1611 1335 corona
1621 1329 1629 1340 ,
1649 1309 1682 1336 de
1690 1306 1832 1345 quainfra:
1851 1309 1894 1336 De
1906 1306 1999 1345 'ffl’ss‘

402 1343 466 1372 loco
478 1343 530 1372 fori
546 1347 676 1378 Romani,
697 1346 773 1383 supra
787 1348 915 1376 diximus,

428 1420 432 1424 .
448 1382 538 1425 Ijuppis
553 1385 626 1412 navis
637 1394 696 1422 pars
712 1385 747 1412 est
759 1386 904 1422 posterior,
914 1385 983 1414 &est
991 1384 1065 1414 locus
1081 1386 1107 1413 in
1118 1385 1178 1412 navi
1191 1383 1341 1417 honestior,
1350 1384 1421 1422 quod
1431 1383 1467 1412 ibi
1480 1383 1567 1413 sedeat
1576 1384 1739 1421 gubernator
1746 1384 1823 1414 clavo
1836 1393 1931 1423 regens
1944 1392 1999 1412 nam

407 1428 521 1456 vigium.

446 1459 598 1492 Ammaia,
619 1460 670 1488 five
684 1459 763 1493 plutei
776 1461 895 1490 nai-ales,
915 1462 988 1498 tigna
1003 1462 1035 1489 ad
1050 1466 1174 1488 ornatum
1187 1469 1289 1497 prorae,
1309 1459 1456 1498 puppisque
1470 1461 1661 1495 prominentia,

447 1496 546 1524 Tutela
560 1499 647 1529 navis,
659 1496 763 1535 signum
777 1498 927 1527 dicebatur,
949 1501 976 1526 in
989 1508 1069 1534 prora
1081 1519 1087 1530 ‚
1108 1499 1178 1525 unde
1192 1500 1265 1526 navis
1281 1508 1384 1526 nomen
1397 1497 1550 1534 accipiebat.

448 1534 541 1561 oculus
554 1535 626 1563 locus
640 1543 710 1567 erat,
733 1537 774 1564 cui
787 1537 860 1563 navis
873 1546 976 1564 nornen
988 1535 1186 1564 inscribebatur.

447 1572 508 1599 fori
521 1571 600 1609 spatia
614 1572 672 1602 sunt
686 1573 713 1601 in
726 1573 836 1602 navibus
852 1575 996 1611 apertiora,
1011 1574 1054 1602 alii
1067 1574 1147 1602 latera
1158 1582 1274 1602 concava
1287 1573 1509 1609 interpretantur,
1521 1572 1653 1602 aferendo
1665 1584 1746 1602 onera
1754 1574 1834 1602 dieta.
1848 1573 1991 1610 Virgilius:

719 1610 904 1651 Implcffi‘mque
917 1611 984 1647 soror
997 1611 1120 1651 flammis.
1138 1626 1242 1635 ·—-—
1489 1609 1503 1621 ³

446 1647 549 1676 Servius
566 1653 710 1677 Honoratus·
721 1650 831 1677 navium
846 1649 963 1677 tabulata
977 1651 1102 1686 exponit,
1121 1650 1152 1678 ab
1166 1660 1213 1682 eo,
1233 1653 1305 1688 quod
1320 1649 1430 1678 incessus
1444 1648 1538 1677 ferant.
1570 1649 1647 1677 Idem
1661 1656 1753 1677 tamen
1768 1650 1822 1677 alio
1835 1649 1895 1677 loco
1910 1648 2001 1686 spatia.

410 1685 463 1715 'effe
478 1687 514 1715 ait
527 1687 554 1714 in
569 1687 679 1714 navibus
692 1694 796 1724 aperta,
817 1687 891 1716 velut
906 1689 932 1715 in
943 1687 1108 1725 gladiatoriis
1120 1688 1196 1716 ludis.

448 1728 525 1762 stega
537 1726 610 1753 ssavis
622 1725 657 1753 est
668 1725 853 1762 proscenium,
874 1726 899 1754 id
908 1726 958 1756 est,
976 1725 1123 1755 tabulatum
1132 1725 1208 1765 super
1221 1728 1294 1766 quod
1303 1732 1388 1756 nautae
1403 1726 1549 1755 ambulant.
1570 1725 1622 1754 Alii
1636 1725 1726 1754 locum
1743 1726 1815 1754 navis
1827 1725 1992 1758 contedtum,

416 1765 443 1792 &
456 1763 565 1798 perinde
580 1765 662 1792 etiam
675 1764 817 1801 tugurium.

451 1804 518 1827 Pons
532 1801 658 1839 fignificat
673 1801 797 1830 hocloco
810 1800 888 1829 scalas
901 1803 1020 1835 navales,
1041 1803 1135 1840 quibus
1150 1805 1333 1841 excipiuntur,
1352 1804 1436 1830 autin
1451 1809 1549 1830 terram
1567 1809 1736 1838 exponuntur
1757 1803 1882 1830 vestores.

446 1838 570 1876 {transtra
585 1839 642 1869 lunt
658 1840 763 1872 tabulae,
785 1841 812 1867 in
827 1840 919 1877 quibus
933 1842 1049 1879 remiges
1062 1840 1167 1873 sedent.
1188 1842 1258 1869 did‘ca
1271 1862 1278 1873 ,
1299 1849 1329 1871 ut
1343 1840 1375 1869 ab
1393 1841 1646 1878 aliquibussraditur
1659 1861 1666 1872 ‚
1686 1841 1757 1877 quod
1771 1842 1798 1868 in
1811 1838 1992 1868 transversum<

410 1875 532 1912 dispolim
544 1877 606 1909 lint,
628 1877 711 1915 vulgo
725 1878 812 1905 banchi
825 1878 949 1907 dicuntur
962 1878 976 1907 a
987 1881 1086 1912 nautis,
1107 1882 1134 1909 δί
1150 1879 1237 1917 trasti:
1257 1881 1346 1908 Poe'tae
1357 1879 1511 1916 etiamjuga
1525 1887 1631 1908 vocant.
1669 1877 1753 1916 Festus
1766 1878 1866 1907 tabulas
1879 1878 1989 1904 navium

408 1913 518 1950 dranstra
533 1914 656 1952 appellari
667 1924 752 1951 putat.

447 1952 609 1980 Columbaria
623 1955 649 1981 in
662 1954 775 1982 summis
793 1956 902 1984 navium
920 1955 1046 1985 lateribus
1065 1955 1124 1984 loca
1138 1965 1255 1985 concava
1269 1956 1321 1984 ess‘e
1333 1957 1419 1983 Gran}
1425 1954 1515 1982 marici
1538 1955 1647 1991 quidam
1668 1953 1798 1986 scribunt,
1818 1954 1889 1991 quod
1902 1953 1951 1981 fint
1964 1953 1995 1981 fi-

412 1990 485 2017 milia
498 1991 684 2021 columbarum
701 1991 828 2023 latibulis,
848 1994 875 2021 in
890 1995 984 2030 quibus
997 1994 1141 2022 nidificant.
1181 1994 1311 2022 Vitruvius
1321 1993 1392 2021 libro
1412 2003 1451 2020 io.
1470 2002 1533 2020 cum
1546 2001 1645 2030 organa
1661 1993 1692 2020 ad
1706 2002 1802 2029 aquam
1815 1992 1989 2019 hauriendam

413 2028 547 2059 describit,
568 2029 718 2057 columbaria
732 2038 809 2059 vocat
823 2040 886 2059 cava
901 2031 943 2060 seu
959 2032 1110 2064 foramina,
1129 2042 1177 2069 per
1192 2043 1249 2070 quae
1262 2041 1328 2070 aqua
1343 2038 1473 2067 concepta
1487 2031 1514 2057 in
1529 2038 1661 2067 tympano
1676 2031 1808 2058 educitur.
1833 2028 1916 2056 Lilius
1929 2033 1992 2056 Gre-

405 2075 493 2104 gorius
509 2067 630 2103 Gyraldus
643 2076 717 2104 putat
727 2089 736 2100 ‚
757 2069 906 2096 naviculam
921 2070 973 2098 effe
987 2070 1101 2098 claulam
1116 2071 1234 2107 undique
1249 2073 1275 2099 δε
1292 2070 1428 2098 obteetam
1440 2090 1447 2100 ,
1468 2067 1559 2095 multis
1571 2068 1705 2105 pertusam
1720 2067 1895 2096 foraminibus
1906 2087 1912 2096 ‚
1940 2077 1991 2104 qua

412 2103 486 2131 vivos
497 2104 577 2138 pisces
592 2104 692 2132 servare
704 2105 845 2141 piscatores
858 2108 1056 2136 consueverint.
1079 2108 1230 2135 Hadrianus
1241 2107 1333 2141 fimitis
1347 2117 1378 2134 ex
1390 2107 1493 2134 Isidoro
1506 2106 1608 2141 scribit,
1628 2105 1778 2134 columbaria
1793 2106 1844 2134 effe
1857 2105 1991 2133 foramina

413 2142 441 2168 in
455 2141 528 2167 navis
543 2141 680 2173 lateribus,
701 2152 747 2179 per
760 2154 816 2181 quae
831 2147 899 2173 remi
912 2148 1085 2182 prominent,
1105 2146 1198 2174 fimilia
1212 2146 1325 2175 latibulis
1344 2144 1541 2173 columbarum.

448 2177 561 2218 scalpam
575 2180 610 2206 est
627 2179 729 2216 lignum
745 2190 814 2209 teres
825 2204 833 2214 ‚
862 2186 904 2211 cui
914 2184 1058 2222 alligantur
1071 2185 1180 2221 pensiles
1200 2185 1270 2212 remi
1285 2184 1345 2211 loro
1358 2204 1366 2215 ‚
1387 2183 1460 2220 quod
1474 2181 1609 2219 struppum
1625 2190 1701 2212 vocat
1712 2181 1819 2222 Isidorus
1830 2202 1838 2213 ‚
1858 2182 1993 2219 stropham

414 2217 552 2256 Vitrqus.
580 2218 650 2244 Hinc
665 2220 860 2252 tmerftalmmm
876 2221 948 2251 locus
964 2232 1059 2250 vacuus
1071 2225 1096 2251 ὃς
1113 2223 1289 2251 intermedius
1303 2223 1373 2250 inter
1385 2221 1498 2249 scalmos
1512 2222 1657 2258 remigum.

452 2258 560 2281 Sentma
572 2255 608 2281 est
622 2263 681 2290 pars
697 2256 806 2284 inferior
821 2261 893 2287 navis
906 2282 910 2291 .
931 2260 976 2288 ubi
992 2260 1080 2288 sordes
1093 2261 1215 2290 defluunt
1230 2281 1237 2293 ,
1257 2268 1336 2298 atque
1354 2260 1416 2288 ideo
1430 2281 1438 2292 ,
1459 2259 1530 2296 quod
1551 2259 1587 2287 ibi
1602 2266 1670 2288 teter
1683 2260 1752 2287 odor
1766 2258 1891 2287 sentiatur
1905 2277 1914 2288 .
1931 2256 1990 2286 sunt

413 2293 458 2329 qui
474 2292 754 2332 distamarbitrentur.
776 2297 855 2323 Valer.
870 2302 944 2325 Max.
958 2298 1001 2327 lib.
1011 2309 1035 2326 2.
1052 2300 1086 2326 de
1097 2298 1231 2334 disciplina
1247 2298 1367 2329 militari,
1379 2308 1429 2335 pro
1445 2297 1505 2334 ipsis
1520 2297 1638 2325 sordibus
1651 2298 1778 2334 accepisse
1793 2299 1911 2329 videtur,
1924 2303 1987 2322 cum

412 2332 460 2358 ait:
483 2333 537 2356 Hac
549 2338 618 2364 turpt
631 2330 672 2362 ἐς
685 2331 842 2366 erubescenda
849 2336 951 2368 antma
965 2336 1123 2373 ivacuesaHus
1144 2336 1269 2364 exemtus
1288 2335 1375 2374 noster.
1415 2337 1465 2364 Per
1479 2336 1681 2364 transsationem
1696 2337 1778 2364 etiam
1796 2345 1845 2372 pro
1860 2333 1993 2361 malorum

413 2367 550 2396 consortio
559 2368 683 2397 sumitur.
703 2371 780 2397 Hanc
794 2373 903 2408 quidam
916 2373 1030 2403 cumbam
1045 2382 1157 2408 vocant,
1177 2375 1219 2403 sed
1234 2375 1289 2404 haec
1300 2384 1353 2403 vox
1367 2374 1478 2403 denotat
1492 2374 1584 2402 locum
1598 2375 1672 2402 navis
1686 2375 1773 2401 imum
1783 2393 1790 2405 ‚
1811 2371 1882 2410 quod
1895 2370 1994 2398 scilicet

411 2408 486 2443 aquis
499 2407 646 2435 incumbat.
1884 2407 1998 2438 Amlia.
2019 2444 2023 2446 .
2059 2399 2073 2426 ·’
