2075 2734
341 125 396 163 323
664 115 1686 157 AuriQurraruMRoMAuAnuMLu.v.'

996 198 1020 225 C
1041 206 1058 224 Α
1079 206 1094 224 1¹
1115 204 1133 222 υ
1153 206 1170 223 τ
1211 195 1288 224 VH.

1026 258 1077 290 De
1091 253 1252 303 tragoedia.

347 333 522 395 Tragoedia
542 335 555 363 ἐι
576 334 707 373 plerisque
727 342 834 373 putatur
854 336 988 372 antiquior
1005 334 1121 364 comoedia
1138 346 1146 362 z
1173 343 1268 363 verum
1288 331 1353 370 Jul.
1371 333 1430 368 Cast
1451 332 1541 370 scalig.
1560 334 1727 362 comoediam
1746 336 1927 373 antiquiorem

429 373 504 401 fuisse
519 395 526 405 ‚
551 376 578 402 ἃ
603 383 634 402 ex
659 374 708 402 hac
734 383 823 402 ortam
851 372 1001 411 tragaediam
1019 374 1203 401 demonstrat:
1230 380 1286 400 non
1305 378 1397 399 tamen
1416 379 1496 409 negat
1515 371 1665 409 tragoediam
1684 372 1756 409 prius
1775 374 1906 404 excultam
1918 397 1928 409 ,

347 419 429 446 quam
449 410 594 439 comoediam
611 411 672 440 esse.
712 412 793 440 Unde
810 421 912 440 nomen
929 410 1053 448 tragoediae
1073 412 1117 443 fit,
1140 413 1209 440 inter
1228 409 1429 438 Grammaticos
1443 419 1499 437 non
1513 411 1649 439 convenit.
1689 409 1824 438 Diomedes
1838 411 1885 440 lib.
1903 424 1927 450 3.

348 448 501 485 Tragoedia,
521 450 622 486 inquit,
642 457 673 478 ut
693 450 802 488 quidam
822 450 936 481 volunt,
958 450 1055 478 dicitur
1073 448 1087 476 ἐι
1103 454 1214 487 τςέγΘ,
1236 450 1263 476 &
1283 453 1341 478 ὠώὶ,
1363 449 1489 483 quoniam
1509 447 1577 475 olim
1598 447 1730 476 ad'toribus
1749 448 1853 486 tragici?
1872 456 1930 488 ergi-

347 491 411 520 φῶν,
434 487 451 513 i.
467 496 489 514 e.
502 486 605 519 hircus,
624 489 765 524 praemium
779 495 870 516 cantus
882 488 1094 524 proponebatur,
1115 488 1159 524 qui
1175 484 1352 515 Liberalibus,
1371 485 1416 512 die
1430 485 1512 518 festo,
1534 485 1632 514 Libero
1645 486 1714 523 patri
1727 486 1762 514 ob
1777 485 1830 516 hoc
1842 487 1929 525 ipsum

352 522 558 558 immolabatur,
580 526 640 562 quia
653 526 702 560 (ut
715 527 751 555 ait
762 527 857 561 ἔζη-νο)
871 525 986 562 depascit
1000 526 1093 553 vitem.
1122 526 1155 552 Et
1168 524 1290 550 Horatius
1304 524 1332 550 in
1345 529 1401 551 arte
1414 524 1532 559 poetica:

659 563 780 592 Carmine
792 563 838 603 qui
848 563 941 601 tragico
954 562 1032 590 vilem
1045 561 1152 590 certavit
1164 561 1192 589 ob
1205 561 1310 590 hircum.
1459 597 1462 601 .

390 599 443 628 Alii
456 608 549 639 putant
563 599 577 628 a
583 601 645 637 [ατε
658 621 665 631 ,
692 611 773 639 quam
787 604 945 630 Graecorum
961 601 1070 638 quidam
1084 606 1161 637 vrgo'ya
1176 599 1310 636 appellant
1324 620 1331 630 ‚
1355 599 1506 636 tragoediam
1520 600 1688 629 nominatam
1703 620 1710 632 ‚
1729 604 1929 638 permutatione

350 636 487 667 literarum
506 640 533 667 in
547 639 685 668 adversum
701 651 706 667 ;
734 641 863 677 quoniam
877 639 942 667 olim
958 639 1080 667 nondum
1095 637 1214 674 personis
1227 637 1240 665 a
1254 636 1387 674 Thespide
1400 637 1510 673 repertis
1519 657 1528 669 ,
1552 637 1616 666 tales
1633 638 1731 668 fabulas
1743 642 1865 677 peruncti
1879 642 1929 671 foe-

351 675 424 704 cibus
439 687 486 705 ora
498 676 648 715 agitabant,
667 686 697 706 ut
710 677 812 706 rursum
830 678 866 705 est
880 677 1002 704 Horatius
1014 677 1085 705 testis
1099 677 1136 704 ita
1148 675 1277 705 scn'bens:

658 720 774 754 (gnatum
787 714 882 753 tragica
889 725 968 753 genus
982 713 1099 752 imremffe
1113 718 1135 740 C
1134 724 1233 741 amaena

660 753 777 786 Dicitur,
799 754 833 787 (5-
842 752 960 791 plaustris
971 751 1065 790 vexiffe
1072 760 1190 787 poemata
1206 752 1318 788 Thespis,

660 796 722 831 Qae
734 800 850 819 canerent
859 813 867 824 ,
886 799 1036 830 agerentque
1045 789 1270 825 pertaenffisoecibus
1283 800 1334 818 ora.

394 829 434 856 Ex
453 829 547 866 quibus
567 830 681 858 verfibus
700 829 873 867 intelligimus
887 850 895 861 ,
922 829 992 856 hunc
1013 828 1116 863 Thespia
1135 829 1259 865 primum
1269 828 1377 866 pensiles
1389 827 1477 856 scenas
1490 828 1516 855 in
1530 827 1648 863 plaustris
1660 828 1842 866 circumegisse
1853 849 1860 861 ,
1887 831 1933 859 ad-

356 866 500 904 didisseque
514 869 591 896 nudis
606 867 695 896 oribus
709 868 809 896 foecem
824 877 873 904 pro
887 866 1006 903 persona.
1046 866 1098 894 Alii
1112 865 1125 893 ἐι
1137 864 1194 893 vino
1207 867 1382 897 arbitrantur,
1405 873 1545 903 propterea
1559 867 1630 903 quod
1644 865 1709 894 olim
1724 865 1815 894 vinum
1827 867 1931 897 diffita.

357 903 436 932 batur
456 910 530 942 τςὺξ,
545 906 558 933 a
573 916 628 944 quo
648 911 765 943 ‘rgo-psl&
785 905 866 933 hodie
878 914 984 941 quoque
998 904 1134 932 vindemia
1148 905 1184 931 est
1196 916 1200 932 :
1229 906 1289 941 quia
1303 903 1456 930 Liberalibus
1469 904 1537 939 apud
1553 905 1656 932 Atticos
1670 924 1677 935 ,
1703 905 1747 932 die
1760 904 1827 933 festo
1841 906 1932 934 Liberi

357 942 438 977 patris
447 963 454 974 ,
482 945 576 971 vinum
597 944 746 971 cantoribus
766 952 817 979 pro
831 942 971 971 corollario
985 942 1094 970 dabatur
1106 963 1113 974 ‚
1142 943 1215 979 cujus
1230 944 1267 970 rei
1281 943 1350 970 testis
1365 942 1400 969 est
1414 942 1523 968 Lucilius
1536 942 1562 968 in
1582 951 1621 968 12.
1643 942 1777 970 HaCtenus
1791 942 1933 972 Diomedes.

358 980 412 1007 Alii
434 988 515 1008 etlam
529 983 590 1010 alias
604 981 728 1019 quasdam
744 981 922 1017 etymologias
933 979 1056 1007 adferunt
1066 1000 1074 1011 ‚
1102 989 1166 1017 quas
1175 980 1219 1008 hic
1233 981 1342 1008 omitto.
1383 980 1449 1007 Non
1464 989 1555 1007 tamen
1568 980 1728 1015 repudianda
1742 981 1847 1009 videtur
1858 981 1934 1015 [sanci

358 1019 456 1045 veteris
470 1019 702 1048 Commentatoris
714 1020 801 1046 Giaeci
816 1018 983 1054 conJeClmi-a.
1006 1027 1062 1054 quae
1075 1019 1157 1045 etiarn
1174 1018 1244 1045 Aldo
1257 1016 1375 1044 Munatio
1391 1018 1461 1045 Pauli
1476 1019 1504 1044 F.
1520 1017 1614 1053 placet.
1654 1019 1679 1044 Is
1693 1019 1764 1045 enim
1779 1020 1933 1056 tragoediam

357 1057 479 1091 primum
496 1064 630 1094 τςαχαθίιν
651 1058 750 1085 ἀίέὶτιιῃ
771 1064 860 1092 putat,
881 1055 951 1093 quali
971 1062 1062 1092 τςιχὴν
1075 1061 1143 1091 ᾠδὴ,
1164 1057 1237 1093 quod
1257 1056 1319 1084 ess'et
1338 1055 1428 1092 aspera
1448 1056 1591 1085 cantilena,
1612 1063 1669 1092 quae
1688 1065 1729 1082 res
1743 1055 1860 1092 asperas,
1880 1057 1932 1085 dif-

356 1093 439 1122 ficiles
457 1090 681 1131 complecteretur
694 1105 700 1122 :
725 1095 815 1130 postea
835 1103 899 1121 vero
912 1092 990 1121 usum
1004 1093 1057 1121 hoc
1071 1103 1173 1121 nomen
1188 1114 1195 1125 ‚
1220 1101 1248 1122 ut
1262 1093 1347 1121 multa
1360 1093 1423 1126 alia,
1443 1093 1599 1130 corrupisse,
1620 1096 1645 1121 &
1660 1102 1710 1129 pro
1724 1103 1860 1132 τςαχῳδγα,
1878 1110 1933 1134 ⁷3³²·

355 1137 455 1167 wem,
475 1132 575 1161 dixisse.

397 1169 441 1196 Est
461 1177 553 1198 autem
572 1169 695 1208 tragoedia
716 1170 827 1198 heroicae
840 1169 953 1198 fortunae
966 1170 993 1196 in
1008 1169 1127 1209 adversis!
1133 1169 1335 1205 comprehensio
1349 1180 1355 1196 ι
1380 1168 1421 1197 vel
1435 1170 1551 1196 narratio
1566 1171 1592 1197 &
1606 1169 1676 1198 actio
1690 1170 1874 1206 repraesentans
1887 1182 1934 1200 ne-

358 1208 433 1243 gotia
447 1209 552 1243 gravia,
574 1210 601 1236 &
615 1218 656 1236 res
672 1217 795 1244 magnas,
816 1210 842 1235 δε
856 1216 967 1235 eventus
981 1215 1082 1235 atroces
1092 1228 1100 1238 ‚
1123 1206 1217 1235 collata
1232 1209 1258 1234 in
1272 1206 1395 1243 personas
1408 1207 1440 1233 ad
1454 1207 1509 1233 haee
1524 1208 1630 1242 negotia
1643 1209 1763 1238 idoneas,
1783 1209 1895 1237 heroum
1906 1213 1933 1239 δε

359 1246 468 1281 Regum
480 1265 487 1276 ,
511 1247 603 1282 imago
620 1247 680 1273 vitae
693 1245 844 1277 honoratae,
868 1246 1028 1281 &potentiae
1041 1265 1047 1275 ,
1068 1253 1147 1280 atque
1160 1245 1321 1281 principatus
1334 1245 1361 1271 in
1378 1245 1463 1272 terris.
1483 1244 1540 1280 Jul
1560 1247 1639 1278 Cesar
1651 1245 1762 1282 Scaliger
1777 1246 1867 1275 definit
1881 1248 1933 1275 hoc

360 1283 465 1309 modo:
486 1282 619 1321 Tragoedia
637 1283 670 1319 est
688 1283 800 1312 imitatio
812 1293 858 1317 per
876 1283 983 1310 aHiones
1001 1281 1102 1319 illustris
1112 1282 1237 1317 fortuna,
1256 1281 1330 1309 exitu
1348 1282 1456 1318 infelici,
1476 1282 1586 1308 oratione
1598 1292 1678 1319 gram
1696 1282 1808 1310 metrica.
1849 1287 1935 1321 Hujus

359 1319 458 1355 species
471 1318 484 1347 a
498 1320 560 1349 loco
573 1322 630 1350 duae
644 1321 704 1350 sunt
717 1342 724 1353 ,
747 1325 829 1348 Graeca
846 1324 871 1350 Sc
886 1321 996 1352 Latina,
1017 1329 1074 1357 quae
1085 1320 1135 1348 fuit
1144 1329 1308 1354 praetextata,
1329 1320 1411 1357 qualis
1425 1328 1479 1348 crat
1491 1323 1557 1346 Nero
1571 1323 1668 1348 Seneca.
1708 1320 1749 1348 Ab
1763 1330 1938 1358 argumento‘

360 1367 421 1385 rum
439 1367 504 1387 vero
524 1359 665 1397 generibus
678 1358 785 1387 diversae
799 1359 857 1386 sunt
871 1369 875 1386 :
902 1368 965 1386 nam
981 1357 1076 1385 Callias
1091 1357 1251 1392 Athenienfis
1262 1379 1270 1390 ‚
1298 1360 1342 1401 qui
1360 1359 1447 1393 major
1461 1367 1524 1385 natu
1540 1367 1619 1394 quam
1632 1357 1727 1386 Stratis
1743 1358 1809 1390 fuit,
1837 1368 1935 1398 tragoe-

361 1396 432 1423 diam
451 1396 528 1430 fecit,
547 1407 628 1434 quam
648 1396 847 1424 Grammaticam
866 1397 1029 1424 nominavit‘.
1050 1403 1191 1432 propterea
1210 1397 1281 1432 quod
1301 1406 1316 1423 e
1334 1396 1415 1423 literis
1437 1398 1463 1423 8<
1483 1395 1578 1423 sonum
1599 1397 1725 1428 ducebat,
1748 1399 1774 1425 &
1793 1407 1935 1436 argumen-

359 1442 430 1461 tum.
470 1436 545 1463 Nam
565 1436 648 1462 chorus
661 1434 727 1462 nihil
742 1435 811 1462 aliud
825 1444 905 1472 quam
920 1433 1021 1462 stltatio
1036 1433 1085 1461 suit
1099 1454 1105 1464 ‚
1132 1444 1164 1461 ex
1178 1434 1330 1461 nominibus
1343 1455 1351 1465 ,
1380 1436 1406 1462 tiz
1422 1433 1490 1460 sonis
1502 1453 1509 1463 ,
1538 1436 1563 1461 ἃ
1580 1435 1759 1471 temporibu5‚
1781 1438 1806 1463 ἃ
1821 1436 1935 1472 rythmis

361 1471 568 1501 elementorum.
610 1474 667 1500 Alia
682 1472 779 1509 species
797 1473 918 1500 continet
927 1473 1023 1510 satyros
1041 1471 1133 1498 mistos
1147 1471 1269 1499 heroibus
1285 1492 1291 1503 ,
1320 1473 1355 1499 ita
1368 1480 1397 1499 ut
1412 1472 1494 1498 etiam
1510 1470 1605 1498 leveris
1625 1472 1747 1500 hilariora
1762 1473 1935 1506 misceantur,

359 1509 512 1545 cujusmodi
526 1511 685 1547 Polyphemus
698 1518 770 1537 extat
789 1511 816 1537 in
832 1511 965 1546 Euripide.
1003 1510 1166 1535 Menedemus
1187 1509 1357 1546 Philosophus
1370 1509 1421 1536 hoc
1435 1510 1461 1536 in
1475 1518 1572 1545 genere
1586 1511 1718 1545 poematis
1729 1511 1830 1546 primas
1842 1511 1935 1539 tribuit

359 1545 484 1581 Sophocli,
510 1551 537 1576 ὅτ.
557 1549 653 1574 Achaeo.
692 1549 733 1575 De
751 1549 880 1584 tragoedia
898 1548 1012 1576 utilitate
1030 1548 1145 1574 notanda
1165 1547 1296 1575 Timoclis
1315 1547 1414 1575 comici
1434 1547 1512 1574 verba
1525 1567 1532 1578 ,
1553 1549 1598 1584 qui
1617 1548 1651 1574 ait
1664 1569 1672 1579 ‚
1692 1548 1761 1584 apud
1779 1548 1935 1585 tragoediam

360 1586 443 1614 totius
463 1586 523 1613 vitae
544 1588 570 1614 ὅ(
590 1586 752 1613 conditionis
771 1586 821 1612 elle
842 1586 975 1622 exempla,
995 1592 1073 1621 atque
1092 1585 1262 1613 documenta.
1305 1587 1378 1612 Nam
1399 1585 1417 1611 fi
1431 1594 1529 1621 pauper·
1547 1595 1574 1612 es
1587 1606 1593 1616 ,
1614 1586 1712 1621 inquit,
1733 1587 1851 1621 inopiam
1866 1587 1934 1614 ferre

362 1623 445 1651 disces
459 1622 472 1650 ὲ
485 1622 588 1657 Telepho
601 1634 608 1654 ς
629 1623 648 1651 fi
661 1623 707 1651 filii
720 1631 782 1651 ante
794 1624 865 1650 diem
881 1630 993 1660 pereunt
1007 1643 1013 1654 ‚
1033 1624 1046 1650 a
1059 1622 1148 1651 Niobe:
1171 1623 1189 1650 fi
1205 1623 1278 1650 furor
1292 1623 1400 1659 a.·ripuit
1409 1642 1415 1653 ,
1436 1623 1556 1650 furorem
1571 1622 1660 1650 sedare
1674 1623 1756 1650 disces
1770 1624 1801 1650 ab
1815 1624 1934 1651 Alcmeo·

361 1672 409 1688 ne:
429 1661 447 1688 fi
468 1661 550 1689 oculis
568 1668 674 1697 captus,
694 1661 708 1688 a
729 1660 824 1688 Phineo
842 1663 988 1689 caecitatem
998 1682 1005 1692 ,
1028 1668 1057 1689 ut
1070 1660 1083 1687 a
1098 1661 1232 1688 Philofiete
1244 1661 1427 1689 clauditatem:
1449 1660 1482 1687 sic
1495 1661 1526 1688 ab
1539 1661 1594 1689 aliis
1607 1661 1656 1688 alia
1669 1671 1744 1698 aequo
1758 1662 1850 1689 animo
1865 1661 1935 1689 ferre

361 1699 463 1727 disces:
488 1700 580 1727 omnia
598 1700 672 1726 enim
693 1699 795 1734 majora
807 1720 815 1731 ‚
848 1708 928 1736 quam
949 1708 1005 1735 quae
1024 1699 1123 1735 patitur
1149 1699 1296 1727 infortunia
1312 1720 1320 1731 ,
1353 1699 1399 1735 qui
1423 1697 1478 1726 aliis
1496 1699 1617 1727 accidisse
1636 1699 1854 1736 contemplatur,
1880 1700 1935 1728 suas

358 1738 438 1773 ipsius
457 1737 619 1766 calamitates
639 1737 735 1773 aequius
749 1757 755 1768 ‚
784 1736 935 1774 faciliusque
955 1737 1024 1764 ferre
1044 1737 1189 1765 consucvit.
1229 1738 1272 1764 Est
1291 1738 1373 1765 etiam
1393 1737 1461 1773 apud
1482 1738 1626 1764 Athfflaeum
1646 1737 1732 1774 legere
1744 1757 1751 1767 ‚
1779 1746 1836 1773 quae
1851 1738 1934 1765 docu-

364 1783 456 1802 menta
469 1785 501 1803 ex
514 1774 642 1814 tragoedia
656 1774 753 1802 habere
765 1776 908 1812 poffimus,
927 1774 973 1802 lib.
984 1786 1008 1811 7.
1023 1777 1049 1804 &
1064 1775 1184 1803 nonnihil
1199 1776 1268 1812 apud
1282 1774 1451 1804 Aristotelem
1463 1776 1490 1802 in
1505 1775 1619 1803 Po‘c‘tim.
1647 1779 1749 1803 Verum
1763 1775 1796 1801 de
1805 1776 1934 1812 tragoedia

359 1814 439 1850 paulo
451 1814 510 1850 post
525 1813 599 1850 plura
612 1813 740 1841 dicemus.

1028 1881 1051 1907 C
1072 1890 1089 1907 Α
1109 1890 1133 1908 r.
1175 1880 1270 1908 VIII.

361 1968 375 1984 ,
477 1947 528 1979 De
541 1943 704 1986 comoedia,
730 1950 777 1978 (ν’
792 1946 854 1993 ejus
868 1955 958 1993 atque
972 1944 1124 1993 tragoedia
1136 1944 1321 1992 differentia,
1348 1943 1385 1979 de
1398 1943 1554 1984 cothurno,
1582 1946 1655 1980 item
1672 1951 1717 1980 (φ’
1731 1945 1822 1990 [ὃτι-ο.

363 2022 509 2082 Sequitur
529 2024 597 2051 inter
620 2024 785 2051 scenicorum
804 2023 930 2051 ludorum
949 2024 1044 2062 species
1063 2024 1186 2052 comoedia
1201 2045 1208 2056 ,
1235 2034 1317 2062 quam
1336 2025 1445 2061 quidem
1467 2023 1573 2060 reliquis
1590 2025 1769 2061 antiquiorem
1783 2024 1858 2053 fuiffe
1868 2023 1932 2061 Jul.

424 2062 481 2091 Ces?
497 2061 589 2098 Scalig.
611 2062 698 2090 sentit.
737 2062 816 2090 Dicta
835 2063 871 2090 est
889 2064 1012 2091 comoedia
1026 2084 1033 2095 ,
1060 2063 1292 2100 quemadmodum
1308 2062 1396 2092 scribit
1410 2061 1541 2089 Diomedes
1553 2068 1597 2090 xm*
1610 2068 1627 2090 ἐν·
1640 2077 1729 2097 κωμων.
1765 2069 1842 2097 mutu
1857 2064 1929 2091 euim

362 2098 525 2133 appellantur
544 2108 603 2135 pag.
617 2111 639 2127 1.
660 2100 844 2128 conventicula
864 2101 1032 2129 rusticorum.
1075 2103 1148 2128 Nam
1164 2108 1288 2136 juventus
1307 2102 1349 2135 (ut
1362 2102 1398 2129 ait
1412 2101 1503 2135 Varro)
1519 2102 1607 2128 Attica
1616 2101 1718 2129 circum
1731 2099 1795 2128 vicos
1806 2102 1844 2128 ire
1854 2101 1930 2128 solita

362 2135 427 2165 fuit,
449 2138 475 2162 δε
489 2137 596 2171 quaestus
610 2137 645 2164 sui
660 2137 734 2165 causa
744 2137 797 2166 hoc
808 2148 892 2176 genus
904 2141 1029 2167 carminis
1042 2139 1247 2176 pronuntiabat.
1269 2146 1313 2166 aut
1325 2147 1397 2166 certe
1409 2137 1423 2164 a
1435 2137 1502 2166 vicis.
1543 2138 1616 2165 Nam
1633 2139 1803 2176 posteaquam
1817 2148 1849 2166 ex
1862 2139 1930 2175 agris

362 2172 478 2201 Athenas
495 2175 705 2211 commigratum
719 2176 754 2202 est
768 2197 775 2207 ,
797 2179 822 2204 ἃ
835 2177 862 2204 hi
876 2177 930 2204 ludi
943 2178 1079 2206 constituti
1092 2177 1164 2208 sunt,
1185 2178 1250 2204 ficut
1265 2178 1361 2203 Romae
1374 2175 1529 2210 compitalitii
1538 2198 1544 2209 ‚
1565 2177 1596 2204 ad
1610 2177 1758 2205 canendum
1771 2176 1928 2213 prodibant,

362 2213 390 2251 ξς
408 2210 440 2238 ab
453 2210 550 2237 urbana
563 2216 624 2244 κώμη
640 2215 666 2240 8<
677 2219 721 2247 ᾠδή
735 2214 859 2242 comoedia
871 2215 942 2242 dieta
955 2216 991 2243 cst
1005 2227 1010 2243 z
1031 2215 1073 2242 vel
1087 2221 1130 2244 xm
1144 2222 1163 2244 ἐι·
1174 2221 1320 2252 κωμωόρίων,
1342 2215 1359 2241 i.
1373 2215 1465 2243 viculis
1479 2234 1486 2244 .
1506 2215 1578 2251 quod
1592 2224 1621 2242 ea
1634 2214 1778 2242 humilium
1794 2215 1925 2241 domuum

362 2249 468 2290 fortuna
487 2248 726 2284 comprehendatur
739 2271 746 2281 ‚
772 2261 828 2279 non
841 2261 870 2281 ut
883 2253 910 2280 in
923 2252 1052 2291 tragoedia
1069 2253 1235 2290 publicarum
1248 2273 1255 2284 ‚
1280 2252 1467 2290 regiarumque
1478 2273 1484 2284 ‚
1512 2253 1554 2281 vel
1565 2260 1608 2282 xm
1622 2261 1649 2282 τε
1662 2260 1741 2288 κάμε,
1761 2254 1778 2280 i.
1793 2250 1926 2279 commes-

359 2288 460 2328 satione
474 2305 482 2316 ‚
502 2286 573 2321 quod
586 2285 652 2312 olim
666 2287 693 2314 in
707 2287 860 2323 hujusmodi
873 2290 964 2319 fabulis
977 2293 1125 2319 amantium
1137 2291 1268 2327 juvenum
1282 2297 1355 2324 κῶμοι
1367 2291 1519 2328 agebantur.
1551 2294 1617 2320 Haec
1629 2291 1771 2319 Diomedes.
1797 2288 1849 2316 Alii
1865 2297 1924 2317 eam

361 2325 460 2365 dietam
484 2322 577 2350 volunt
592 2330 639 2352 ‘mel
655 2330 674 2353 ἐν
686 2330 738 2355 ταῖς
751 2333 808 2358 ὁδοῖς
820 2334 940 2364 ἐκόμιξαν,
961 2331 1033 2366 quod
1055 2331 1082 2358 in
1103 2330 1152 2356 viis
1170 2328 1317 2357 lascivirent
1327 2347 1335 2357 ,
1356 2330 1382 2356 ἃ
1396 2328 1544 2365 petulanter
1557 2329 1685 2358 luderent.
1704 2326 1765 2364 Jul.
1781 2326 1841 2360 Caſs
1850 2327 1928 2353 Scali.

356 2372 405 2399 ger
424 2361 468 2389 hb·
485 2371 507 2390 1·
529 2362 604 2390 Poet.
624 2361 670 2390 ubi
689 2364 774 2392 multa
795 2368 821 2394 &
841 2376 898 2394 rara
917 2369 951 2395 de
970 2367 1093 2395 comoedia
1112 2370 1139 2396 ὅτ.
1157 2367 1286 2405 tragoedia
1301 2368 1329 2394 in
1342 2368 1465 2396 medium
1480 2366 1555 2396 affert
1569 2387 1576 2399 ,
1602 2366 1749 2395 comoediam
1762 2365 1861 2392 dicium
1876 2365 1929 2407 eise

1894 2410 1931 2432 art
