2075 2734
391 99 445 135 736
697 91 1692 127 ANthuirA-runRomiuixumLmX.

1052 160 1076 187 C
1102 169 1118 187 Α
1146 170 1169 188 r.
1218 160 1332 188 XVII.

480 220 534 255 De
549 219 703 254 machinis
719 218 839 254 bellicis
855 218 898 265 ad
915 221 1161 268 oppugnationem
1179 219 1298 253 urbium
1316 220 1480 259 necessariis
1497 245 1507 261 ‚
1536 227 1582 255 (γ’
1600 221 1746 255 Romanis
1763 221 1900 267 usitatis,

958 267 1078 314 ballista
1094 294 1104 309 ,
1130 271 1242 310 ariete,
1263 271 1426 316 scorpione.

401 340 551 402 Fuerunt
565 346 652 367 autem
670 341 697 367 ὃε
712 337 826 366 machine
839 340 958 376 quaedam
972 338 1059 366 bellica
1073 360 1081 371 ‚
1102 338 1196 376 quibus
1209 340 1240 367 ad
1255 340 1487 376 oppugnationem
1507 338 1615 367 urbium
1630 339 1666 368 usi
1679 338 1788 369 fuerunt
1799 361 1806 373 ‚
1827 338 1985 370 velutiballi-

468 377 525 414 sta.
547 389 625 406 aries.
639 378 761 412 fiorpms,
782 377 836 405 five
848 388 952 415 onager,
972 378 1005 405 de
1019 378 1113 414 quibus
1127 379 1208 406 etiam
1224 377 1346 406 nonnihil
1361 378 1506 405 dicendum
1521 377 1599 405 nobis
1609 379 1653 412 est.

439 419 551 452 Vegetius
564 416 634 442 libro
647 425 674 449 4.
696 416 766 442 inter
785 415 834 443 alia
847 423 1048 444 tormentorum
1064 425 1161 452 genera
1173 415 1298 453 ballistam
1312 417 1402 452 primo
1418 423 1555 443 enumerat
1571 426 1578 443 :
1598 426 1712 453 eamque
1731 416 1836 445 funibus
1850 437 1858 449 ,
1876 418 1964 446 nervis
1976 437 1985 449 ‚

402 453 558 490 chordisque
573 456 608 481 ita
621 453 695 480 tendi
706 454 757 484 ait,
777 461 806 481 ut
820 463 920 491 quanto
934 455 1037 491 majora
1050 454 1183 482 brachiola
1197 454 1317 485 haberet,
1337 454 1389 482 hoc
1405 454 1457 485 cst.
1477 462 1578 490 quanto
1594 455 1683 491 major
1700 455 1762 483 esset
1772 475 1780 488 ,
1801 463 1876 483 tanto
1888 456 1986 492 spicula

400 491 506 527 longius
527 492 657 519 mitteret.
702 492 806 519 Deinde
823 503 965 530 onagrum,
991 501 1045 529 quo
1067 492 1166 528 lapides
1188 493 1379 529 dirigebantur.
1420 492 1558 519 Postremo
1570 492 1706 527 scorpiones
1719 514 1727 524 ,
1751 494 1813 521 ideo
1834 493 1868 521 fic
1883 494 1987 528 dictos,

400 528 472 566 quod
487 531 588 565 parvis,
607 528 796 567 subtilibusque
810 529 916 566 spiculis
931 539 1051 558 mortem
1066 531 1204 558 inferrent.
1234 529 1341 568 Ballstae
1353 531 1417 558 licut
1433 532 1460 559 ὅτ.
1474 529 1577 560 araz-tis,
1598 530 1719 565 &storpt'i
1733 531 1926 567 descripriones
1941 541 1986 560 ex-

402 573 460 594 tant
470 568 539 603 apud
550 567 744 599 Marcellinum.
766 577 829 604 quas
845 578 931 604 operae
944 569 1062 606 pretium
1077 570 1113 597 est
1128 569 1179 597 huc
1197 569 1305 596 referre.
1331 570 1370 597 Ita
1384 578 1451 597 vero
1467 569 1488 596 is
1500 568 1569 596 libro
1584 578 1628 606 23.
1648 568 1754 604 Ballista
1769 569 1856 597 forma
1869 569 1925 597 hacc
1940 570 1985 598 est.

401 606 515 632 Ferrum
531 607 600 634 inter
613 606 731 634 axicu¹os
745 606 811 634 duos
826 606 937 634 firmum
952 609 1159 645 compaginatur
1180 609 1205 635 ὃ(
1220 608 1336 639 vastum,
1356 609 1382 635 in
1398 608 1512 635 modum
1531 607 1630 644 regulae
1642 608 1752 643 majoris
1766 614 1918 636 extentum:
1941 617 1987 636 cu-

401 643 443 679 jus
458 652 489 670 ex
504 644 643 672 volumine
658 645 735 672 tereti
749 665 755 674 ‚
776 645 849 681 quod
862 645 889 672 in
906 646 997 673 medio
1016 656 1057 673 ars
1076 645 1159 682 polita
1182 647 1323 682 componit
1337 666 1344 677 ‚
1365 646 1506 683 quadratus
1522 647 1624 673 eminet
1645 645 1724 682 stylus
1737 647 1868 674 extentius
1882 665 1889 674 ‚
1911 646 1986 674 resto

403 681 499 709 canalis
513 683 615 719 angusti
629 691 719 710 meatu
732 691 851 714 cavatuS,
873 686 898 712 δε
912 683 962 711 hac
976 684 1117 720 multiplici
1131 683 1231 712 chorda
1244 694 1389 711 nervorum
1405 683 1536 712 tortilium
1553 684 1667 721 illigatus
1680 693 1685 710 2
1707 685 1784 719 cique
1802 683 1915 712 cochleae
1929 686 1988 712 duae

402 719 497 756 ligneae
511 721 712 758 conjunguntur
730 721 863 757 aptiffime
873 743 879 752 ‚
904 731 1016 758 quarum
1028 732 1113 759 prope
1127 732 1209 751 unam
1225 722 1320 750 adiistit
1333 721 1427 750 artifex
1444 720 1674 758 contemplabilis,
1695 723 1720 749 ὃς
1734 720 1862 749 subtiliter
1876 723 1987 758 apponit

404 758 432 784 in
448 760 566 786 temonis
578 759 717 787 cavamine
734 759 858 796 sagittam
877 758 993 796 ligneam
1009 760 1108 797 spiculo
1123 761 1227 796 majore
1243 760 1455 797 conglutinatam
1471 771 1476 787 2
1495 760 1600 797 hocque
1614 759 1685 786 fausto
1697 759 1760 787 hinc
1776 759 1839 786 inde
1853 759 1932 787 validi
1945 760 1988 796 ju-

403 805 485 823 venes
500 796 602 825 verlant
616 796 721 834 agiliter
734 797 874 825 rotabilem
891 799 1004 827 flexum.
1044 800 1138 836 Qum
1155 800 1187 826 ad
1206 800 1407 826 extremitatem
1423 809 1569 826 nervorum
1582 807 1696 826 acumen
1711 797 1815 825 venerit
1827 795 1966 825 summum
1979 818 1987 830 ‚

403 835 506 870 percita
518 836 626 863 interno
636 834 710 871 pulsu
724 834 738 862 a
749 834 846 863 ballista
864 845 896 864 ex
910 837 1094 866 oculistevolat
1109 858 1115 868 ‚
1136 837 1273 864 interdum
1287 837 1375 865 nimio
1393 838 1489 865 ardore
1500 836 1643 866 scintillans
1656 846 1662 862 :
1682 838 1709 865 δε
1721 835 1813 863 evenit
1827 834 1918 872 saepius
1930 856 1938 868 ‚
1958 843 1990 865 ut

401 879 548 909 antequam
564 872 647 901 telum
662 881 799 905 cernatur,
818 874 897 902 dolor
909 874 1003 903 lethale
1015 876 1109 904 vulnus
1120 874 1256 913 agnoscat.

448 909 582 945 Scorpionis
594 918 684 939 autem
700 932 706 942 ‚
727 921 808 948 quem
821 912 953 948 appellant
972 923 1043 943 nunc
1060 924 1181 952 onagrum
1195 935 1202 945 ‚
1224 912 1378 950 hujusmodi
1397 912 1487 941 forma
1501 913 1538 941 est
1552 923 1556 939 :
1578 911 1711 940 Dolantur
1725 922 1786 941 axes
1805 913 1861 941 duo
1877 912 1988 949 quernei

407 947 451 976 vel
463 948 533 977 ilicei
543 970 549 980 ‚
571 958 766 986 curvanturque
781 951 968 980 mediocriter,
988 958 1018 978 ut
1030 954 1184 988 prominere
1197 952 1334 979 videantur
1344 953 1370 979 in
1385 952 1489 986 gibbas:
1508 951 1589 987 hique
1603 952 1630 978 in
1646 951 1762 979 modum
1777 951 1920 978 serratoriae
1932 959 1990 977 ma-

407 986 491 1014 chinae
503 988 713 1020 connectuntur,
734 998 765 1016 ex
781 996 893 1025 utroque
907 988 988 1017 latere
1000 991 1132 1025 patentius
1145 990 1272 1026 perforati
1286 1000 1291 1016 ;
1313 1000 1380 1027 quos
1391 991 1460 1018 inter
1474 999 1521 1026 per
1537 998 1661 1017 cavernas
1677 988 1754 1016 fimes
1768 988 1929 1025 colligantur
1939 998 1984 1015 ro-

404 1023 484 1055 busti,
505 1034 680 1062 compagem,
704 1036 736 1053 ne
749 1026 868 1058 diffiliat,
888 1028 1064 1055 continentes.
1104 1028 1145 1055 Ab
1159 1027 1208 1055 hac
1221 1028 1366 1055 medietate
1379 1028 1487 1054 restium
1501 1027 1602 1063 ligneus
1616 1027 1693 1062 stylus
1709 1036 1840 1064 exurgens
1857 1025 1990 1062 obliquus,

404 1063 469 1091 &in
483 1064 597 1090 modum
609 1063 703 1100 jugalis
718 1065 834 1091 temonis
847 1065 964 1096 crebius,
985 1065 1020 1092 ita
1033 1075 1179 1093 nervorum
1193 1065 1310 1092 modulis
1323 1065 1490 1101 implicatur,
1512 1072 1541 1091 ut
1554 1063 1631 1091 altius
1644 1064 1702 1091 tolli
1717 1066 1796 1099 possit
1812 1067 1838 1093 ὃς
1852 1063 1989 1096 inclinari5

407 1100 611 1138 summitatique
624 1103 680 1137 ejus
694 1103 756 1129 unci
772 1101 850 1130 ferrei
864 1102 1036 1138 copulantur,
1057 1102 1071 1130 ὲ
1086 1103 1179 1140 quibus
1192 1104 1291 1140 pendet
1304 1103 1410 1139 stuppea
1426 1102 1468 1130 vel
1481 1103 1564 1130 ferrea
1579 1100 1661 1128 funda
1677 1112 1682 1128 ;
1704 1102 1746 1129 cui
1759 1102 1833 1138 ligno
1847 1101 1990 1129 fulcimen-

407 1146 468 1167 tum
483 1139 657 1175 prosternitur
670 1140 776 1177 ingens,
798 1140 915 1168 cilicium
931 1141 1011 1177 paleis
1025 1141 1178 1169 consertum
1194 1141 1318 1170 minutis,
1340 1141 1434 1168 validis
1445 1140 1554 1168 nexibus
1568 1139 1698 1176 illigatum
1712 1161 1719 1171 ,
1740 1142 1766 1168 ὃ(
1780 1141 1896 1168 locatum
1914 1139 1990 1176 super

405 1177 547 1214 congestos
560 1177 671 1213 cespites
684 1177 726 1205 vel
743 1177 875 1206 latericios
888 1188 1006 1216 aggeres.
1044 1181 1118 1207 Nam
1134 1189 1214 1207 muro
1228 1179 1304 1208 saxeo
1317 1178 1471 1215 hujusmodi
1487 1177 1572 1206 moles
1592 1177 1716 1213 impolita
1730 1178 1852 1215 disjeotat
1865 1178 1990 1215 quicquid

404 1215 540 1243 invenerit
553 1214 641 1244 subter
654 1237 662 1248 ‚
684 1217 853 1245 concuffione
867 1217 982 1245 violenta
995 1238 1002 1249 ‚
1022 1228 1077 1245 non
1090 1219 1218 1254 pondere.
1262 1219 1355 1254 Qum
1371 1218 1453 1254 igitur
1468 1217 1500 1244 ad
1513 1215 1743 1244 concertationem
1764 1224 1877 1244 ventum
1890 1216 1971 1245 fuerit
1982 1236 1989 1248 ‚

406 1252 495 1289 lapide
511 1254 628 1281 rotundo
645 1254 732 1282 fundae
747 1255 886 1290 impolito,
915 1257 1035 1292 quaterni
1049 1256 1200 1284 altrinsecus
1210 1258 1322 1293 juvenes
1336 1255 1473 1292 repagula,
1496 1255 1590 1292 quibus
1604 1253 1768 1290 incorporati
1781 1255 1840 1282 sunt
1854 1254 1929 1282 funes
1944 1264 1990 1282 ex-

407 1291 552 1327 plicantcS,
572 1291 700 1320 retrorsus
715 1292 810 1329 stylum
825 1303 904 1329 penes
919 1296 1047 1322 uncinum
1062 1295 1200 1322 inclinant:
1223 1297 1312 1331 itaque
1325 1294 1438 1321 demum
1452 1293 1570 1321 sublimis
1584 1291 1685 1319 adstans
1698 1291 1826 1330 magister,
1847 1291 1988 1320 claustrum

407 1330 481 1365 quod
494 1331 575 1357 totius
590 1331 677 1365 operis
690 1332 810 1358 continet
826 1331 943 1363 vincula,
966 1332 1062 1359 reserat
1075 1332 1172 1360 malleo
1189 1332 1252 1361 forti
1264 1332 1426 1369 perculsum:
1446 1332 1517 1359 unde
1532 1330 1662 1358 absolutus
1676 1331 1729 1358 idtu
1744 1329 1845 1363 volucri
1860 1330 1988 1366 stylus‚&

409 1367 580 1395 mollitudine
592 1367 708 1396 offensus
721 1368 798 1397 cilicii
813 1390 820 1401 ,
847 1369 939 1397 laxum
953 1378 1115 1406 contorquet
1134 1372 1261 1408 quicquid
1281 1371 1423 1398 incurrerit
1438 1369 1603 1398 collitur-um.
1647 1368 1682 1396 Et
1696 1377 1865 1396 tormentum
1878 1369 1988 1404 quidem

408 1405 554 1442 appellatur
566 1415 598 1434 ex
615 1415 648 1433 eo
660 1427 667 1438 ‚
690 1407 762 1443 quod
775 1408 864 1434 omnis
877 1408 1018 1444 explicatio
1031 1415 1170 1444 torquetur
1185 1419 1193 1436 ι
1205 1407 1295 1443 fiorpio
1308 1416 1398 1435 autem
1413 1428 1420 1438 ,
1441 1408 1569 1443 quoniam
1582 1407 1701 1435 aculeum
1715 1406 1825 1442 desuper
1837 1406 1915 1434 habet
1931 1416 1988 1433 ere-

409 1444 478 1470 &usz
500 1445 541 1471 cui
554 1445 635 1471 etiam
649 1444 738 1481 onagri
751 1445 910 1473 vocabulum
924 1446 1022 1473 indidit
1035 1454 1095 1473 aetas
1110 1446 1216 1473 novella
1228 1456 1258 1474 ea
1273 1455 1317 1479 re,
1339 1446 1410 1482 quod
1425 1445 1488 1472 asini
1500 1445 1561 1476 feri,
1585 1451 1670 1482 quum
1683 1444 1821 1472 venatibus
1837 1445 1985 1480 agitantur,

408 1483 446 1509 ita
461 1482 567 1508 eminus
580 1481 678 1516 lapides
691 1482 748 1517 post
763 1490 838 1520 terga
851 1483 1011 1511 calcitrando
1024 1484 1170 1516 emittunt,
1191 1492 1220 1512 ut
1232 1483 1370 1520 perforent
1381 1483 1492 1520 pestora
1503 1481 1670 1519 sequentium
1685 1502 1692 1514 ,
1713 1490 1756 1509 aut
1771 1481 1908 1518 perfractis
1921 1483 1987 1509 osii-

408 1519 458 1546 bus
472 1520 556 1555 capita
569 1519 614 1545 ista
627 1518 784 1554 displodant.

450 1558 523 1584 Hinc
536 1557 569 1584 ad
582 1554 688 1595 arietem
705 1557 851 1585 veniemus.
871 1558 984 1595 Eligitur
997 1559 1067 1587 abies
1081 1559 1124 1588 vel
1133 1569 1215 1587 ornus
1224 1559 1340 1591 excelsa,
1359 1560 1433 1596 cujus
1445 1558 1584 1587 summitas
1596 1559 1663 1587 duro
1677 1558 1749 1587 ferro
1764 1557 1944 1588 concluditur,
1961 1559 1988 1586 ὅ(

409 1594 529 1631 prolixo,
548 1593 636 1621 arietis
648 1594 766 1622 efficiens
781 1597 963 1632 prominulam
978 1596 1109 1633 speciem,
1132 1607 1188 1634 quae
1201 1597 1291 1625 forma
1304 1598 1365 1625 huic
1379 1597 1599 1625 machinamento
1612 1597 1772 1625 vocabulum
1788 1595 1894 1623 indidit:
1917 1597 1943 1623 8<
1955 1596 1990 1623 fic

411 1632 531 1668 suspensa
545 1633 669 1669 utrinque
683 1632 832 1661 transversis
847 1635 969 1663 alicubus
984 1638 1009 1663 ὃ(
1020 1635 1135 1666 ferratis,
1157 1636 1224 1670 quali
1239 1646 1271 1663 ex
1287 1636 1376 1666 lance,
1399 1635 1510 1663 vinculis
1522 1636 1602 1663 trabis
1617 1635 1722 1662 alterius
1735 1635 1901 1662 continetur:
1915 1642 1988 1661 eam·
2007 1655 2009 1658 i

412 1680 466 1708 que
479 1678 608 1707 quantum
625 1670 753 1698 mensurae
767 1673 833 1700 ratio
852 1673 950 1708 patitur
964 1673 1110 1701 multitudo
1127 1682 1200 1701 retro
1213 1674 1341 1710 repellens
1355 1693 1362 1706 ‚
1391 1673 1478 1700 rursus
1497 1674 1528 1701 ad
1547 1673 1625 1701 obvia
1640 1681 1749 1710 quaeque
1763 1671 1911 1708 rumpenda
1925 1680 1989 1707 pro-

411 1709 495 1737 trudit
513 1708 608 1736 iciibus
622 1707 785 1736 validissimis
799 1730 805 1740 ‚
826 1711 903 1737 instar
918 1710 1082 1747 adsurgentis
1095 1714 1121 1739 ὃ(
1135 1711 1259 1739 caedentis
1272 1712 1370 1740 arietis.
1411 1712 1472 1748 Qa
1484 1711 1624 1739 crebritate
1639 1711 1711 1746 velut
1724 1711 1855 1747 reciproci
1869 1709 1990 1738 fulminis

411 1747 516 1784 impetu
529 1746 645 1774 aedificiis
664 1745 743 1774 sciffis
759 1748 786 1774 in
799 1748 880 1775 rimas
893 1768 901 1780 ‚
930 1750 1076 1777 concidunt
1095 1749 1228 1777 struiturae
1247 1749 1338 1778 laxatae
1361 1759 1513 1778 murorum.
1553 1752 1615 1777 Hoc
1631 1758 1729 1787 genere
1742 1750 1830 1785 operis
1845 1769 1852 1780 ,
1871 1747 1890 1774 fi
1909 1747 1990 1775 fuerit

411 1793 506 1813 exerto
520 1784 766 1823 vigorediscussum
775 1806 781 1816 ,
802 1787 906 1814 nudatis
922 1787 1117 1819 defensoribus,
1138 1787 1253 1825 ideoque
1265 1788 1353 1816 solutis
1366 1787 1472 1815 obfidiis
1484 1787 1603 1815 civitates
1615 1787 1797 1815 munitiffimae
1810 1785 1990 1814 recluduntur.

411 1823 523 1850 Pro'his
543 1822 653 1850 arietum
669 1823 891 1851 machinamentis
910 1825 966 1861 jam
986 1824 1128 1853 crebritate
1147 1824 1275 1862 despectis
1293 1825 1419 1853 conditur
1439 1824 1562 1852 machina
1575 1823 1748 1861 scriptoribus
1763 1823 1894 1851 historicis
1908 1831 1988 1857 nota,

412 1870 494 1898 quam
514 1861 632 1895 helepolin
653 1862 740 1889 Gr-„rci
760 1863 974 1897 cognominant:
1008 1864 1081 1899 cujus
1108 1872 1189 1899 opera
1207 1864 1332 1892 diuturna
1357 1864 1513 1890 Demetrius
1539 1863 1668 1900 Antigoni
1695 1863 1778 1899 Regis
1798 1862 1865 1889 filius
1887 1862 1988 1890 Rhodo

411 1899 519 1936 aliisque
537 1899 644 1927 urbibus
663 1900 823 1936 oppugnatis
844 1899 989 1928 Poliorcetes
1015 1902 1050 1928 est
1070 1901 1222 1937 appellatus.
1263 1902 1419 1929 AEdificatur
1439 1908 1529 1928 autem
1549 1901 1602 1928 hoc
1621 1901 1724 1928 modo:
1754 1899 1859 1936 Testudo
1878 1909 1989 1937 compa-

411 1939 517 1974 ginatur
537 1938 663 1965 immanis
676 1958 684 1969 ‚
711 1937 802 1965 axibus
821 1937 945 1967 roborata
965 1939 1138 1976 longissimis,
1160 1940 1302 1977 ferreisque
1322 1939 1402 1967 clavis
1422 1946 1510 1975 aptata
1523 1960 1531 1971 ,
1552 1941 1578 1967 &
1598 1940 1751 1976 contegitur
1768 1939 1846 1966 coriis
1866 1937 1989 1971 bubulis,

414 1977 602 2013 virgarumque
615 1976 715 2003 recenti
729 1983 834 2004 textura
847 1997 853 2005 ‚
875 1985 955 2013 atque
976 1977 1044 2004 limo
1057 1977 1230 2015 asperguntur
1243 1979 1300 2014 ejus
1318 1977 1441 2013 suprema
1453 1998 1461 2009 ‚
1488 1985 1517 2005 ut
1531 1978 1676 2004 flammeos
1695 1977 1825 2005 detrectet
1838 1979 1865 2004 ὃς
1879 1977 1989 2005 miffiles

413 2013 492 2041 casus.
513 2014 696 2042 Conseruntur
707 2023 796 2042 autem
812 2015 868 2049 ejus
883 2014 1039 2042 frontalibus
1051 2015 1161 2043 trilulcae
1179 2016 1296 2052 cuspides
1313 2024 1449 2052 praeacutae
1461 2036 1468 2047 ‚
1488 2014 1650 2051 ponderibus
1664 2015 1755 2043 ferreis
1767 2024 1860 2052 graves
1872 2034 1879 2045 ,
1901 2015 1989 2052 qualia

413 2049 490 2078 nobis
509 2052 624 2086 pietores
640 2053 781 2080 ostendunt
797 2052 910 2079 fulmina
923 2053 964 2080 vel
979 2053 1085 2081 fictores
1097 2074 1105 2085 ‚
1131 2062 1160 2082 ut
1175 2055 1302 2091 quicquid
1315 2055 1437 2090 petierit,
1459 2054 1553 2081 aculeis
1566 2054 1663 2081 exertis
1675 2052 1825 2090 abrumpat.
1863 2055 1941 2081 Hanc
1952 2055 1989 2082 ita

414 2088 529 2116 validam
547 2090 648 2116 molem
665 2090 728 2117 rotis
742 2093 767 2118 &
783 2089 892 2118 funibus
904 2100 999 2127 regens
1019 2091 1175 2119 numerosus
1192 2091 1348 2120 intrinsecus
1363 2092 1440 2119 miles
1452 2112 1459 2123 ,
1479 2092 1638 2128 languidiori
1652 2101 1793 2119 murorum
1807 2091 1876 2128 parti
1888 2090 1988 2120 viribus

411 2126 540 2168 admovet
559 2128 687 2154 concitis:
714 2131 741 2156 ὃ(
761 2129 808 2156 nisi
828 2128 939 2165 desuper
962 2131 1190 2167 propugnantium
1210 2130 1343 2158 valuerint
1361 2131 1430 2158 vires
1444 2151 1451 2163 ‚
1483 2130 1577 2159 collisis
1595 2129 1739 2167 parietibus
1757 2131 1842 2158 aditus
1862 2129 1989 2166 patefacit

408 2173 435 2191 m
458 2171 540 2192 entes.
817 2179 822 2180 ν

437 2173 499 2230 gHis
513 2202 582 2243 addo
594 2202 674 2229 etiam
688 2203 810 2230 malleolos
822 2207 848 2233 &
854 2204 933 2241 fizlces
946 2206 1065 2234 murales.
1104 2205 1229 2238 Malleoli,
1249 2207 1353 2243 inquit,
1373 2205 1471 2234 Nonius
1483 2228 1491 2240 ,
1511 2207 1638 2245 manipuli
1653 2207 1764 2244 spartei,
1784 2207 1843 2243 pice
1856 2206 1986 2238 comesti,

411 2242 458 2278 qui
475 2241 587 2270 incenh.
607 2248 651 2268 aut
670 2242 697 2268 in
717 2251 820 2273 muros,
841 2251 885 2272 aut
905 2245 931 2272 in
952 2245 1093 2272 testudines
1112 2245 1260 2280 jaciuntur,
1284 2246 1318 2272 de
1337 2243 1432 2281 quibus
1449 2247 1486 2273 ita
1505 2246 1666 2274 Marcellinus
1680 2257 1688 2272 .·
1714 2245 1827 2272 Malleoli
1843 2265 1849 2276 ‚
1874 2244 1921 2272 teli
1937 2253 1985 2281 ge-

411 2289 472 2310 nuS,
495 2279 641 2314 figurantur
654 2277 701 2306 hac
715 2279 811 2315 specie:
831 2280 924 2319 sagitta
937 2283 972 2309 est
986 2292 1084 2311 cannea
1097 2283 1167 2311 inter
1179 2283 1308 2319 spiculum
1326 2285 1352 2311 ὃ(
1369 2284 1527 2311 arundinem
1548 2284 1684 2313 multifido
1699 2283 1772 2311 ferro
1784 2289 1985 2320 coagmentata,

411 2326 469 2354 quae
484 2318 511 2345 in
525 2314 662 2343 muliebris
674 2316 726 2343 coli
741 2317 873 2351 formam,
894 2329 947 2356 quo
962 2329 1059 2348 nentur
1073 2320 1153 2349 lintea
1166 2321 1291 2353 stamina,
1313 2329 1488 2354 concavatur,
1508 2331 1603 2351 ventre
1615 2321 1745 2351 subtiliter
1756 2341 1763 2351 ,
1784 2320 1984 2357 &plurifariam

409 2363 521 2393 patens,
550 2361 631 2392 atque
648 2355 676 2383 in
695 2353 769 2384 alveo
789 2355 845 2392 ipso
863 2357 956 2395 ignem
976 2368 1040 2388 cum
1059 2358 1148 2398 aliquo
1166 2359 1272 2397 suscipit
1291 2358 1429 2390 alimento.
1470 2361 1503 2389 Et
1522 2360 1541 2389 fi
1561 2360 1652 2390 einiffii
1670 2359 1768 2390 lentius
1788 2367 1849 2388 arcu
1867 2357 1986 2425 ι’ῐινειξίὲο

1912 2399 1922 2432 (
1932 2406 1939 2424 t
1971 2406 1987 2425 u
