2075 2734
412 132 463 160 ¹⁶3
720 118 1545 157 ΑκτιαυιτᾼτυΜΚοΜΑΝΑιιυΜ
1585 119 1714 151 Lunn-

407 181 480 207 :ellus
500 175 643 206 dedicavit.
661 185 742 204 xvix.
763 183 835 203 anno
848 174 987 211 postquam
1003 172 1017 200 ὲ
1031 180 1107 209 patre
1120 172 1176 208 ejus
1190 172 1283 209 primo
1304 170 1438 200 consulatu
1455 179 1519 211 vota
1534 172 1562 199 in
1576 171 1662 200 Gallia
1675 172 1708 200 ad
1722 170 1872 203 castidium
1887 175 1983 208 fiierai:

405 216 488 244 Cicero
503 215 519 242 1.
536 225 559 241 2.
573 215 606 242 de
623 216 723 241 Natura
738 214 859 240 Deorum
876 222 881 238 :
905 211 986 238 vides
1003 209 1110 238 Virtutis
1122 210 1242 245 templum
1255 231 1263 242 ‚
1283 211 1357 238 vides
1371 213 1479 237 Honora
1492 209 1505 237 a
1520 211 1559 238 M.
1576 209 1703 238 Marcello
1717 219 1890 246 renovatum,
1910 216 1984 252 quod

406 254 497 281 multis
512 260 572 279 ante
585 252 658 279 annis
672 260 727 278 erat
740 250 811 277 bello
827 249 960 286 Ligustico
975 248 987 275 a
1003 250 1046 286 Q
1058 250 1180 278 Maximo
1196 249 1358 276 dedicatum.
1395 249 1529 276 Caeterum
1547 251 1655 275 Virtam
1669 250 1696 276 ἃ
1712 251 1820 276 Honorrs
1830 252 1930 288 templa
1946 254 1983 280 ita

405 290 524 318 extructa
544 298 618 317 erant
632 311 638 321 ‚
665 298 693 316 ut
708 298 754 324 per
768 291 874 314 Vtrtmrs
889 285 1023 322 templum
1038 287 1165 323 ingressus
1180 287 1242 315 effet
1256 287 1288 313 :id
1303 287 1387 314 aedem
1402 289 1511 313 Honom
1523 306 1531 318 ,
1558 295 1613 323 quo
1627 286 1812 314 ostendebatur
1825 297 1880 316 non
1894 298 1985 325 patere

404 329 507 356 aditum
520 329 552 355 ad
569 336 660 354 vetum
674 327 787 352 honorem
801 324 1016 361 consequendum
1024 346 1033 358 ,
1053 324 1099 352 nifi
1113 335 1159 361 per
1170 325 1296 351 virtutem
1312 325 1404 361 ipsam.

444 368 504 393 Fuit
520 359 542 393 L&
561 365 609 391 alia
624 366 720 391 Romae
735 362 842 390 Honoris
856 366 882 390 ἃ
897 362 1002 390 Virtutis
1016 364 1083 390 aedes
1099 363 1248 390 consecrata
1262 362 1275 389 ὲ
1290 365 1323 391 C.
1338 361 1423 389 Mario
1439 383 1446 394 ‚
1473 362 1584 390 deviffis
1599 361 1719 389 Cimbris
1732 373 1738 389 ε
1767 362 1880 391 ἀίνεΓΙΞιε
1892 370 1986 394 tamen

405 404 482 432 cellas
504 403 614 430 habebat
628 422 634 431 ‚
663 401 737 436 cujus
759 401 886 428 meminit
908 408 1002 437 praeter
1022 401 1086 428 alios
1106 400 1249 427 VchJruvtus
1264 401 1309 428 lib.
1325 412 1349 437 7.
1361 404 1388 428 &
1401 408 1475 429 vetus
1493 400 1629 436 inscriptio
1642 420 1650 431 ‚
1677 409 1735 437 quae
1747 398 1858 429 habetur
1871 403 1899 429 in
1914 402 1984 430 libro

406 443 640 479 Epigrammatum
655 460 662 471 ‚
692 439 727 465 C.
757 441 813 467 ΜΛ
825 447 913 471 aius
942 439 996 466 Ριε.
1024 441 1085 466 Ta.
1115 439 1172 466 PL.
1203 440 1251 476 Q
1267 441 1405 466 Aucuu.
1432 441 1483 467 &cc-
1518 448 1560 466 οε
1588 448 1663 466 MAN
1676 447 1718 466 un
1731 449 1741 466 1
1756 448 1765 465 1
1778 450 1790 466 s
1817 440 1841 465 C
1853 450 1862 467 1
1874 449 1946 468 MBR
1959 451 1985 468 1-

405 489 487 509 cis‚
517 488 556 505 ET
591 479 843 504 Tauronem
878 486 983 504 AEnem
1015 479 1168 504 Hoxoiu
1188 498 1195 508 ‚
1232 486 1272 503 ετ
1308 480 1483 504 Vin-ruri
1521 486 1662 504 vxcroR
1695 485 1812 504 νεετε
1847 487 1887 505 τη
1902 487 1985 506 ιυΜ-

405 527 420 543 P
429 526 446 543 Η
457 527 472 542 Λ
482 526 496 543 L
512 525 521 543 1
550 525 564 542 c
576 525 590 541 Α
602 525 616 541 L
625 524 640 540 c
651 524 664 541 E
677 525 687 542 x
697 526 708 542 s
737 526 751 542 ι’
762 525 777 541 υ
787 525 804 542 N
819 525 827 542 1
840 524 855 541 c
866 523 880 540 Ε
895 526 903 542 1
915 525 938 542 s.
978 513 1063 551 Festus
1076 535 1083 546 ‚
1113 515 1327 542 Summiffiorem
1355 513 1409 541 aliis
1428 514 1514 541 aedem
1533 513 1640 541 Honoris
1659 515 1686 542 δε
1705 514 1814 542 Virtam
1833 516 1865 543 C.
1886 516 1986 544 Marius

403 553 480 583 fecit,
502 562 536 580 ne
550 552 568 579 fi
581 551 651 580 forte
664 552 785 580 officeret
798 551 916 589 auspiciis
926 552 1052 588 publicis,
1074 555 1193 589 Augures
1205 561 1266 579 eam
1281 552 1406 580 demoliri
1419 559 1589 589 cogerentur.
1623 550 1732 580 Honoris
1745 555 1772 582 ὃ(
1785 552 1892 581 Virtutis
1906 553 1986 582 sunu-

403 591 490 619 lachra
504 592 531 618 in
545 591 665 618 nummis
679 590 791 628 antiquis
806 591 929 619 videntur
942 590 1004 619 talia
1016 590 1091 618 litera
1107 594 1139 618 R.
1154 598 1254 619 notata.

925 676 1015 700 DE
1074 674 1467 700 P‘IETAVTE.

443 741 463 767 P
477 751 486 768 1
497 749 512 768 ε
522 751 538 768 τ
549 748 589 768 Ατ
605 751 614 768 1
625 751 637 769 s
659 750 712 768 vox
725 740 776 768 late
792 748 865 778 patet
879 752 884 768 :
910 742 1018 778 proprie
1033 742 1143 779 quidem
1158 744 1286 770 convenit
1301 743 1328 770 in
1342 745 1406 769 Deos
1417 762 1425 774 ,
1453 741 1547 779 quibus
1561 742 1653 769 omnia
1667 741 1797 769 debemus
1809 753 1815 770 ε
1842 743 1939 773 deinde
1951 746 1979 775 in

397 779 513 814 patriam
526 785 603 815 atque
618 779 644 806 in
653 787 770 812 parentes
782 800 789 811 ‚
819 789 934 817 quorum
949 780 1059 808 charitas
1073 781 1198 816 proxime
1210 782 1313 809 accc-dit
1326 780 1357 808 ad
1373 781 1446 807 Deos
1460 791 1465 807 :
1493 780 1572 807 tertio
1586 779 1648 808 loco
1664 799 1672 811 ‚
1701 789 1764 817 erga
1777 790 1871 809 omnes
1881 783 1983 818 propin-

403 827 479 855 quos,
499 816 650 853 postremo,
670 826 731 854 erga
752 816 844 852 optime
859 826 976 850 mentm,
997 828 1062 855 quos
1082 818 1193 855 diligere
1213 827 1242 847 ut
1260 820 1442 855 propinqum,
1463 820 1489 846 δ’.
1512 817 1599 845 colere
1620 826 1762 854 parentum
1786 819 1841 846 fere
1854 820 1931 853 loco,
1950 832 1984 851 ae-

403 864 488 892 quum
507 854 552 882 est.
574 854 659 882 cicero
678 855 724 882 lib.
739 865 760 883 1.
780 856 813 883 de
833 857 936 884 Natura
957 857 1078 883 Deorum
1097 868 1102 882 1
1131 859 1215 883 Ptetas
1228 857 1330 894 justina
1348 855 1381 893 est
1397 856 1515 889 advetglizs
1532 860 1613 888 Deos,
1633 856 1674 888 <5⁹
1690 856 1770 882 cultus
1786 867 1845 894 erga
1864 862 1985 894 majores,

403 900 450 919 aut
459 891 586 930 fivngm‘ne
597 892 742 925 conjuncJos.
781 896 858 921 Hanc
872 902 901 921 ut
916 895 987 921 Deos
1003 901 1112 922 caeteros
1129 894 1251 923 colebant
1266 895 1393 922 Romani.
1432 894 1531 921 AEdem
1546 895 1570 921 ei
1583 894 1747 922 consecravit
1760 899 1800 921 M.
1814 895 1908 923 Acilius
1923 898 1986 925 Gla.

402 929 454 956 hmo
473 931 607 958 Duumvir
626 931 653 957 in
675 930 735 960 foro
750 931 882 963 Clitorio,
903 941 936 958 eo
949 931 1024 963 loco,
1046 941 1100 969 quo
1112 933 1249 969 quondam
1265 933 1359 960 mulier
1372 931 1550 963 habitaverat,
1570 941 1627 969 quae
1641 941 1758 960 matrem
1772 938 1845 960 suam
1859 934 1987 963 inclusam

403 969 502 995 carceri
517 969 645 995 mammis
658 968 708 996 fiiis
723 969 792 996 clam
805 970 917 1001 aluerat,
938 969 973 996 ob
988 971 1060 1006 quod
1076 970 1175 997 faetum
1192 972 1337 1007 impunitas
1352 971 1375 996 ei
1390 970 1509 997 concell'a
1522 970 1580 997 fuit.
1607 971 1646 998 Ita
1663 971 1717 997 fere
1732 969 1830 1006 Festus,
1849 973 1896 999 nili
1911 974 1983 1010 quod

402 1014 453 1042 pro
465 1014 550 1033 matre
564 1015 668 1042 patrem
682 1008 774 1043 ponit,
796 1017 859 1034 cum
873 1016 964 1035 tamen
979 1008 1073 1044 reliqui
1087 1008 1227 1044 scriptores
1236 1027 1242 1036 .
1264 1009 1309 1045 qui
1322 1007 1399 1044 hujus
1414 1007 1525 1034 historiae
1539 1009 1739 1039 meminerunt,
1760 1018 1858 1036 omnes
1865 1019 1985 1038 matrem

403 1044 502 1071 carceri
523 1043 648 1071 inclusam
671 1044 745 1072 suiffe
758 1066 766 1077 ‚
793 1055 847 1072 non
869 1054 974 1081 patrem
989 1065 996 1076 ,
1022 1045 1144 1074 scribant.
1173 1045 1264 1073 Livius
1282 1047 1298 1073 l.
1312 1055 1358 1080 40.
1386 1044 1497 1073 Valerius
1517 1045 1708 1073 Maximuslib.
1720 1056 1746 1081 5.
1760 1055 1816 1082 cap.
1830 1056 1856 1082 4.
1886 1047 1986 1076 leius

402 1080 449 1108 lib.
464 1091 489 1115 7.
501 1091 558 1118 cap.
575 1085 617 1118 36.
656 1083 764 1110 Pietatss
784 1083 906 1119 exempla
919 1083 1023 1111 infinita
1038 1084 1149 1120 quidem
1162 1091 1222 1112 toto
1236 1084 1301 1111 orbe
1314 1084 1426 1112 extitere
1440 1104 1447 1115 ,
1473 1083 1517 1111 sed
1533 1085 1629 1110 Romae
1645 1093 1729 1111 unum
1743 1104 1751 1115 ‚
1779 1085 1821 1111 cui
1835 1087 1986 1122 comparari

403 1119 499 1147 cuncTta
512 1129 567 1146 non
582 1119 687 1155 poffint.
727 1121 843 1150 Humilis
859 1123 886 1148 in
900 1120 976 1156 plebe
990 1142 997 1152 ‚
1024 1123 1050 1149 ὃς
1065 1122 1127 1149 ideo
1140 1121 1264 1159 ignobilis
1278 1131 1406 1160 puerpera
1420 1143 1427 1152 ,
1449 1120 1566 1157 supplicii
1581 1121 1654 1148 causa
1668 1130 1771 1148 carcere
1787 1122 1913 1151 inclusam
1930 1134 1986 1152 ma-

404 1165 491 1188 trem,
511 1166 573 1185 cum
596 1158 760 1192 impetrasset
779 1159 883 1186 aditum
898 1158 1040 1194 &janitore
1056 1179 1064 1190 ,
1083 1160 1190 1196 semper
1201 1160 1317 1191 exclusti,
1338 1169 1372 1186 ne
1385 1160 1448 1197 quid
1463 1159 1574 1187 inferret
1589 1158 1657 1190 cibi,
1676 1159 1835 1196 deprehensa
1849 1163 1885 1189 est
1898 1161 1984 1190 uberi-

404 1194 453 1222 bus
473 1193 522 1221 suis
541 1194 610 1222 alens
631 1204 707 1221 eam:
728 1205 782 1232 quo
799 1196 929 1223 miraculo
943 1197 1023 1223 matri
1037 1195 1102 1222 salus
1115 1197 1213 1224 donata
1227 1197 1286 1223 filiae
1300 1198 1398 1232 pietate
1411 1198 1464 1227 est,
1483 1197 1620 1232 ambaeque
1636 1200 1770 1232 perpetuis
1785 1198 1932 1232 alimentis,
1954 1202 1982 1228 &

403 1232 476 1259 locus
497 1231 540 1258 ille
561 1232 648 1259 eidem
669 1233 835 1259 consecratus
858 1233 894 1259 est
907 1234 972 1259 Deae
987 1236 1017 1258 C.
1029 1232 1156 1270 Qimio,
1176 1238 1216 1261 M.
1230 1233 1328 1260 Attilm
1343 1235 1414 1261 Coss:
1428 1234 1532 1268 templo
1547 1237 1657 1260 Ptetatrs
1669 1235 1790 1261 extructo
1805 1236 1833 1263 in
1847 1237 1913 1263 illius
1928 1245 1984 1271 cau·-⁴

405 1269 472 1297 ceris
486 1268 560 1300 sede,
581 1269 625 1297 ubi
638 1278 710 1296 nunc
725 1269 846 1298 Marcelli
861 1269 996 1298 theatrum
1009 1271 1054 1298 est.
1074 1271 1210 1299 Hastenus
1223 1270 1332 1298 Plinius.

1018 1354 1373 1379 DEFIDE.

445 1421 465 1447 F
475 1431 482 1448 1
493 1428 535 1448 DE
546 1431 567 1449 M
587 1421 667 1449 etiarn
688 1420 784 1448 divinis
797 1419 942 1447 honoribus
956 1417 1097 1447 coluerunt
1112 1421 1242 1448 Romani.
1263 1420 1344 1448 AEdes
1357 1420 1413 1457 ejus
1427 1420 1453 1448 in
1468 1419 1602 1457 Capitolio
1616 1420 1680 1453 fuit,
1702 1428 1732 1450 ut
1747 1421 1846 1451 Plinius
1858 1423 1928 1452 libro
1941 1435 1954 1463 3
1959 1425 1986 1462 52

409 1459 543 1486 Naturalis
564 1459 677 1487 historice
700 1460 794 1487 innuit.
814 1459 898 1486 Cicero
912 1457 956 1485 lib.
970 1467 995 1494 3.
1008 1457 1041 1483 de
1053 1458 1134 1485 Offic.
1175 1458 1266 1485 Fidem
1281 1459 1317 1486 ait
1330 1459 1447 1486 vicinam
1459 1462 1522 1497 Jovi
1537 1459 1564 1485 in
1579 1460 1726 1494 Capitolio;
1748 1463 1774 1490 ὃς
1789 1462 1816 1489 in
1832 1472 1856 1490 2.
1871 1463 1905 1490 de
1920 1458 1986 1492 Nat.'

406 1498 490 1524 Deor.
510 1497 542 1523 ab
563 1496 662 1524 Attilio
684 1496 802 1524 Calatino
823 1495 1002 1523 consecratam
1021 1496 1065 1522 ait.
1107 1494 1192 1532 Festus
1211 1506 1243 1523 ex
1258 1496 1405 1534 Agathocle
1419 1499 1512 1524 auctor
1526 1498 1562 1523 est
1576 1516 1583 1528 ‚
1611 1505 1673 1524 ante
1684 1497 1770 1533 ipsum
1787 1500 1937 1527 Ros-iulum
1952 1501 1985 1529 ab

407 1536 493 1561 AEnca
512 1535 539 1561 in
562 1534 661 1562 Palatio
673 1534 756 1570 fidem
775 1534 964 1561 consecratam.
1008 1531 1140 1571 Dionffius
1160 1533 1362 1571 Halicarnqffeus
1380 1535 1426 1562 lib.
1442 1545 1466 1563 2.
1487 1537 1514 1563 &
1535 1535 1684 1567 Plutarchus
1704 1536 1811 1564 tradunt
1825 1558 1833 1568 ‚
1860 1539 1984 1566 Numam

408 1571 573 1609 Pompilium
594 1573 714 1609 primum
734 1571 838 1608 publice
859 1571 991 1607 templum
1012 1570 1118 1598 fircraffe
1132 1570 1204 1598 Fidei
1216 1591 1223 1601 ‚
1251 1573 1327 1610 eique
1340 1573 1473 1611 affignass‘e
1487 1583 1519 1600 ex
1533 1575 1624 1601 aerario
1637 1574 1760 1600 victimas
1773 1592 1780 1602 ‚
1806 1576 1984 1611 quemadmo-

406 1609 473 1637 dum
487 1610 545 1637 Diis
559 1610 667 1637 exteris.
701 1610 773 1648 Qid
788 1611 815 1637 in
830 1617 903 1637 tanta
917 1609 1065 1637 diversitate
1079 1610 1243 1647 Scriptorum
1260 1610 1424 1647 sequendum
1439 1611 1484 1643 fit,
1505 1611 1612 1639 difficile
1626 1611 1662 1638 est
1676 1611 1802 1647 judicare.
1830 1608 1884 1639 Me'
1894 1621 1985 1642 tamen

406 1647 537 1677 Plutarchi
550 1650 576 1675 δε
590 1646 713 1686 Dion-fii,
736 1648 828 1684 quibus
843 1648 923 1675 etiam
938 1648 1039 1675 accedit
1053 1646 1154 1679 Limus,
1181 1649 1321 1676 auctoritas
1336 1658 1429 1677 movet
1443 1669 1450 1678 ‚
1476 1658 1506 1677 ut
1520 1651 1634 1677 omnino
1648 1649 1756 1676 credam
1770 1648 1783 1676 'a
1799 1651 1892 1680 Numa
1904 1652 1985 1679 Pom-

406 1684 472 1720 pilio
485 1686 602 1721 primam
617 1685 663 1721 ipsi
677 1687 761 1713 aedem
778 1685 958 1713 consecratam
971 1706 979 1718 ‚
1006 1686 1173 1723 eandemque
1186 1687 1312 1714 vetustate
1326 1687 1469 1724 collapsam
1483 1687 1515 1715 ab
1527 1686 1620 1716 Attilto
1634 1687 1751 1714 Calatino
1765 1687 1896 1717 refectam
1909 1710 1920 1722 ,
1939 1697 1984 1719 aut

407 1732 508 1751 novam
521 1724 669 1751 extruetam
685 1725 741 1752 effe.
763 1725 826 1760 Ejus
839 1725 987 1761 imaginem
1001 1724 1062 1751 vide
1073 1724 1148 1753 litera
1162 1728 1188 1752 S.

1049 1804 1345 1830 DESPE.

447 1869 534 1905 Hujus
555 1871 636 1899 etiarn
657 1872 722 1899 Deae
739 1872 825 1899 aedem
843 1870 858 1898 ὲ
877 1868 995 1898 Calatino
1014 1870 1195 1899 consecratam
1217 1871 1268 1900 effe
1288 1871 1372 1899 Cicero
1390 1871 1417 1899 in
1439 1881 1463 1899 2.
1480 1872 1513 1900 de
1532 1872 1627 1910 Legib.
1646 1872 1734 1900 docet.
1771 1871 1861 1899 Livius
1879 1873 1923 1902 lib.
1939 1883 1983 1903 21.

409 1906 477 1933 aedes
500 1907 557 1941 Spei
581 1910 608 1937 in
635 1909 696 1937 foro
721 1910 838 1938 Olitorio
865 1910 1012 1941 meminit,
1038 1919 1119 1946 quam
1146 1910 1212 1939 dicit
1238 1910 1351 1937 fulmine
1370 1910 1452 1937 ictam
1472 1910 1531 1939 effe.
1570 1912 1604 1939 Et
1622 1910 1708 1946 lib.4.
1732 1914 1774 1948 Q
1790 1910 1864 1938 Fabio
1874 1910 1934 1949 filio
1954 1915 1982 1940 ὅτ.
2065 1917 2075 1946 3-

410 1946 443 1970 T.
466 1947 604 1978 Sempronio
629 1949 733 1975 Graccho
759 1949 832 1976 coff.
857 1948 970 1975 eandem
995 1948 1085 1976 scribit
1110 1948 1234 1975 incendio
1260 1949 1311 1976 esse
1338 1948 1552 1986 conflagratam,
1579 1958 1636 1986 quae
1662 1948 1740 1984 paulo
1758 1949 1816 1984 post
1835 1951 1929 1977 creatis
1949 1949 1982 1978 ad
2064 1956 2067 1965 ¹

411 1981 525 2017 idipsum
544 1986 719 2018 Triumviris,
739 1986 839 2014 refecta
857 1985 914 2013 fuit.
933 1984 1022 2012 Lwius
1039 1985 1085 2014 lib.
1100 1997 1142 2023 25.
1163 1990 1193 2014 P.
1215 1985 1296 2013 Vifior
1315 1985 1370 2020 Spei
1389 1996 1493 2014 novum
1511 1989 1644 2024 templum
1664 1988 1691 2014 in
1710 1997 1772 2014 vir.
1797 1987 1875 2014 Urbis
1894 1989 1983 2025 regio-

412 2028 447 2045 ne
466 2020 554 2048 statuit
569 2042 576 2053 ‚
592 2022 644 2051 hoc
664 2026 700 2051 eat
714 2044 720 2055 ‚
742 2025 769 2051 in
789 2025 831 2052 via
849 2024 908 2052 lata.
948 2024 1006 2051 Fuit
1027 2026 1053 2051 δε
1074 2024 1106 2051 ad
1127 2023 1251 2052 Tiberim
1269 2023 1325 2058 Spei
1343 2025 1403 2050 ades
1422 2026 1540 2053 extructa
1558 2025 1572 2053 a
1590 2030 1631 2052 M.
1650 2023 1738 2051 Fulvio
1760 2026 1870 2060 Censbre.
1892 2030 1984 2053 Ltvtus

412 2055 463 2097 lib.
472 2065 518 2097 40.
543 2059 598 2092 Spei
612 2061 711 2097 effigies
724 2063 751 2089 in
765 2062 879 2099 antiquis
893 2062 1013 2088 nummis
1026 2061 1084 2089 talis
1097 2063 1212 2090 cernitur
1226 2073 1231 2089 :
1257 2071 1287 2090 ut
1301 2062 1392 2090 videre
1405 2063 1441 2090 est
1454 2062 1528 2091 litera
1541 2066 1576 2092 T.
1588 2064 1711 2091 Foemina
1725 2064 1760 2090 est
1775 2064 1841 2090 stans
1862 2084 1869 2095 ,
1889 2064 1982 2092 institae

413 2091 537 2120 lammam
559 2097 656 2124 sinistra
677 2108 756 2127 manu
776 2099 898 2127 nonnihil
913 2099 1035 2126 attollens
1051 2121 1058 2131 ‚
1086 2100 1178 2128 dextra
1192 2101 1219 2128 in
1233 2100 1353 2128 cubitum
1368 2101 1433 2128 elata
1445 2109 1565 2137 pateram
1582 2101 1684 2138 profert
1698 2120 1706 2130 ‚
1730 2101 1758 2128 in
1772 2110 1822 2138 qua
1835 2108 1982 2138 repositum

413 2131 480 2172 inest
501 2131 572 2159 velut
591 2134 723 2163 ciborium
738 2147 743 2163 z
769 2138 795 2165 id
815 2139 851 2165 est
864 2159 871 2169 ‚
899 2146 943 2164 vas
962 2139 990 2165 in
1004 2138 1079 2165 floris
1094 2138 1266 2166 similitudine
1279 2159 1287 2170 ‚
1313 2148 1377 2165 cum
1388 2138 1437 2166 hac
1453 2139 1623 2176 inscriptione
1637 2159 1647 2171 ,
1671 2143 1730 2172 Spes
1745 2140 1772 2166 Ρ.
1787 2140 1822 2167 R.
1861 2141 1981 2177 Qidam

415 2174 497 2209 etiam
516 2173 587 2202 Spem
608 2176 690 2198 Deam
710 2174 787 2201 viridi
806 2175 926 2203 indutam
948 2176 1015 2212 palla
1035 2176 1196 2204 effinxerunt
1208 2196 1216 2209 ‚
1244 2179 1272 2205 ὃς
1283 2175 1420 2205 sedentem
1434 2176 1509 2214 supra
1521 2178 1625 2205 dolium
1639 2186 1703 2205 cum
1716 2178 1822 2205 cornice
1836 2197 1844 2209 ‚
1872 2179 1980 2214 quidam

414 2213 497 2233 etnam
511 2210 582 2239 Spem
596 2218 658 2236 cum
673 2211 789 2238 Nemeli.

457 2246 536 2271 Spei
560 2247 692 2287 templum
714 2249 824 2276 demum
838 2250 974 2279 incensum
989 2251 1080 2280 scribit
1091 2250 1142 2279 Dio
1153 2251 1198 2280 lib.
1209 2262 1255 2288 50.
1269 2259 1330 2281 ante
1344 2251 1445 2281 bellum
1458 2253 1614 2284 Actiacum,
1634 2262 1697 2282 cum
1710 2253 1765 2282 aliis
1778 2253 1908 2291 plerisque
1921 2254 1982 2282 aedi-

416 2281 495 2309 ficus:
515 2283 587 2319 quod
602 2283 703 2313 factum
717 2286 824 2321 quidam
838 2289 1005 2319 crediderunt
1017 2290 1176 2320 libertorum
1189 2298 1278 2327 opera.
