2075 2734
0 0 22 79 ll

310 105 503 135 Derrs
531 106 802 134 Scaeuinus,
829 108 930 130 SIVE
958 101 1240 133 ΜιΝοτιιΒυε,
1262 98 1486 139 &c§CA12.19.
1631 111 1680 140 ¹71.

738 178 912 206 CApur
951 177 1042 205 XIX.

323 255 376 289 De
388 251 466 288 Diis
479 248 671 292 Semonibus,
691 248 758 295 five
773 245 954 289 minoribus,
981 249 1015 280 in
1029 259 1155 294 quorum
1167 248 1263 282 tutela
1276 246 1362 282 hemo
1381 247 1454 292 effl’t.

174 359 189 377 e
204 345 261 376 Diis
274 343 411 381 majoribus
422 363 431 376 ,
457 342 510 370 five
523 340 624 377 Selqaeis
639 340 765 370 haetenus
781 341 898 370 diximus
913 362 920 372 ‚
948 348 1007 368 tum
1024 341 1057 368 de
1072 338 1239 377 Indigeiibus,
1266 340 1319 368 sive
1333 340 1379 371 iis,
1407 348 1474 377 quos
1490 338 1587 367 merita
1598 339 1678 367 vocaL

103 350 170 413 D
194 394 255 416 runt
271 387 298 413 in
312 382 412 412 coelum
426 391 431 408 z
451 382 589 418 postremo
602 380 636 408 de
650 380 681 407 iis
691 401 698 410 ,
719 388 830 418 propter
844 390 911 417 quos
926 379 1032 406 daretur
1046 378 1164 405 astemus
1177 379 1204 405 in
1219 378 1330 407 coelum.
1367 378 1491 415 Sequitur
1506 378 1588 414 igitur
1601 384 1631 404 ut
1644 378 1678 404 de

103 425 248 454 Semonibus
260 444 269 456 ‚
294 422 347 449 five
367 418 502 447 minoribus
523 419 604 447 verba
626 418 760 446 faciamus.
798 423 913 445 semones
927 425 1019 445 autem
1035 438 1043 449 ‚
1070 416 1111 443 uti
1124 415 1271 453 que-atius
1285 416 1415 444 placiades
1431 417 1458 443 in
1473 415 1562 444 libello
1576 413 1677 451 Obscu-

103 473 195 492 rarum
219 469 316 489 vocum
331 457 411 486 tradit
427 478 435 490 ‚
464 458 520 486 dici
534 457 676 486 voluerunt
690 462 756 484 Deos
769 466 836 493 quos
850 466 900 484 nec
913 455 984 484 coelo
997 453 1175 483 adscriberent
1189 474 1196 485 ‚
1225 455 1260 482 ob
1276 456 1366 483 meriti
1380 461 1566 492 paupertatem
1581 474 1588 485 ‚
1614 453 1679 482 ficut

104 502 164 530 sunt
185 498 288 533 Priapus
301 518 309 529 ‚
335 495 449 530 H‘qpona
463 517 472 528 ‚
498 499 650 523 Vertumnus
665 507 672 521 .·
699 504 749 523 nec
768 503 876 522 terrenos
898 505 943 523 eos
963 493 1097 531 disputare
1117 491 1215 519 vellent
1235 502 1285 528 pro
1299 494 1389 530 gratiae
1402 493 1581 521 veneratione,
1621 494 1680 519 Hos

106 538 190 576 justus
209 535 305 575 Lipfius
324 534 369 562 lib.
385 544 410 562 2.
444 535 623 571 Antiquarum
644 534 806 564 ledfionum.
827 542 849 560 c.
869 537 910 560 18.
935 536 1051 559 Semones
1065 531 1118 559 dici
1131 531 1182 562 ait,
1203 531 1274 568 quasi
1288 530 1482 564 hemihemones‚
1502 531 1529 558 id
1547 531 1583 557 est
1597 530 1677 557 semi-

104 578 234 605 homines.
268 573 378 608 Antiqui
402 573 475 600 enim
488 572 631 600 hominem
648 572 771 600 dicebant
785 572 920 599 L-emonem.
946 570 1106 608 Augustinus
1121 568 1166 596 lib.
1175 567 1201 597 6.
1215 570 1249 596 de
1258 570 1374 596 Civitate
1389 569 1456 600 Dei,
1476 577 1532 606 cap.
1542 579 1567 605 9.
1582 567 1677 596 author

104 616 156 647 est,
176 616 332 642 Varronem
347 611 575 638 commemoraffe
590 613 615 639 δε
632 610 795 638 enumerasse
809 611 881 637 Deos
897 610 910 638 ὲ
925 609 1101 645 conceptione
1115 606 1249 639 hominis,
1271 609 1298 636 &
1312 606 1434 635 exorsum
1444 605 1550 645 &Janm
1572 616 1632 634 eam
1641 605 1678 633 se-

103 655 171 682 riem
193 649 340 688 perduxisse
354 648 436 685 usque
450 649 483 677 ad
496 650 624 686 decrepiti
636 649 702 677 ienis
717 657 837 676 mortem
852 669 859 680 ,
888 650 915 677 ἃ
928 648 1002 675 Deos
1021 647 1053 674 ad
1067 644 1154 682 ipsum
1169 645 1314 673 hominem
1327 645 1489 681 pertinentes
1511 644 1624 673 claufifle
1645 645 1678 673 ad

105 691 229 720 Naeniam
250 690 338 716 Deam
352 708 360 719 ‚
387 696 444 724 quae
465 689 492 715 in
513 687 647 715 funeribus
662 688 756 715 senum
770 695 899 716 cantetur.
938 685 1044 713 Deinde
1060 682 1168 721 coepisse
1183 683 1270 721 ipsum
1283 684 1358 711 Deos
1372 682 1434 710 alios
1449 683 1586 711 ostendere
1599 703 1607 715 ,
1632 683 1679 721 qui

104 730 269 766 pertinerent
290 735 346 754 non
367 725 400 753 ad
421 724 507 761 ipsum
518 725 677 758 hominem,
698 726 741 754 sed
757 726 790 753 ad
804 734 848 756 ea,
870 734 927 762 quae
941 723 1001 751 sunt
1015 722 1151 754 hominis,
1169 722 1246 750 sicuti
1260 722 1297 750 est
1309 719 1410 752 viam,
1429 718 1546 752 vestitus,
1567 724 1594 750 ὃς
1608 731 1677 759 quse-

103 776 208 803 cunque
230 765 293 796 alia,
314 773 372 802 quae
391 762 453 791 huic
472 764 532 791 vitae
552 762 611 791 sunt
634 764 787 796 necessaria,
808 762 999 799 ostendiffeque
1021 763 1048 789 in
1068 761 1210 793 omnibus,
1230 760 1304 798 quod
1325 758 1357 787 fit
1379 756 1504 794 cujusque
1520 767 1630 791 munus,
1651 761 1678 787 ὃς

102 813 213 843 propter
226 803 290 841 quid
304 803 399 839 cuique
411 801 506 829 debeat
518 800 666 838 supplicari.
705 803 756 830 Sed
771 811 834 829 cum
849 801 908 828 libri
922 801 962 828 isti
977 800 1127 828 interierint
1141 820 1149 831 ,
1176 797 1340 835 impofl‘ibile
1354 797 1433 825 nobis
1447 796 1484 823 est
1496 797 1529 824 de
1543 797 1573 824 iis
1587 807 1620 824 eo
1635 807 1679 825 or-

103 844 182 874 dine,
200 851 255 879 quo
277 845 353 868 Varro
373 840 476 871 dicere,
498 841 524 868 δί
545 849 641 868 omnes
662 841 720 868 illos
741 842 830 871 Deos,
849 840 959 867 nemine
981 838 1094 869 omisso,
1115 837 1263 865 recensere:
1285 837 1414 865 faciamus
1427 841 1534 865 tamen,
1554 843 1583 862 ut
1599 844 1681 872 quan-

104 890 164 909 tum
182 880 240 907 fieri
257 879 370 915 poterit,
391 886 501 910 eorum,
521 887 638 915 quorum
659 879 728 915 apud
749 878 896 914 Scriptores
910 879 1004 914 passim
1019 877 1049 904 fit
1064 877 1186 907 mentio,
1206 877 1331 904 Deorum
1345 873 1458 902 nomina
1474 875 1501 901 &
1515 872 1618 904 officia,
1638 872 1681 901 vel

101 927 224 950 munera,
244 917 359 944 breviter
379 925 583 947 enumeremus,
604 917 798 946 accuratiorem
820 915 1026 952 descriptionem
1041 915 1072 943 iis
1087 915 1327 948 commendantes,
1347 913 1394 950 qui
1409 914 1435 941 δι
1450 911 1560 949 ingenio
1574 910 1676 943 valent.

102 959 130 986 ἃ
141 956 202 984 ocio
215 955 299 993 magis
310 954 453 983 abundant.

504 1027 584 1067 Dii,
608 1027 663 1073 qui
677 1023 863 1072 nascentibus
879 1030 926 1060 (γ’
942 1021 1112 1068 infantibus
1120 1031 1278 1071 praeerant.

140 1107 164 1134 A
184 1107 249 1143 JAN
258 1114 275 1131 o
290 1103 413 1141 incepiss'e
428 1107 581 1133 Varronem
595 1104 749 1144 Augustini&
761 1105 858 1136 docet,
877 1105 910 1133 de
924 1114 978 1142 quo
992 1113 1041 1132 nos
1053 1110 1115 1131 ante
1129 1102 1213 1131 multa
1226 1102 1352 1130 diximus.

142 1146 229 1172 Opis
239 1163 246 1174 ‚
260 1142 346 1180 inquit
360 1141 531 1180 Augustinus,
544 1144 657 1175 dicitur,
671 1146 698 1172 ὃς
714 1145 853 1171 invocatur
867 1151 896 1171 ut
910 1153 992 1179 opem
1013 1142 1079 1169 ferat
1093 1140 1273 1172 nascentibus,
1289 1142 1316 1168 &
1331 1138 1446 1174 excipiat
1461 1147 1507 1166 eos
1524 1136 1580 1165 finu
1595 1143 1679 1166 terrae.

143 1182 171 1208 N
181 1190 195 1208 A
205 1190 286 1209 selo
300 1200 309 1212 ‚
337 1181 389 1208 five
412 1182 438 1207 N
450 1190 464 1206 A
474 1191 490 1206 T
500 1190 536 1207 ιο
555 1182 615 1208 Dea
628 1201 636 1212 ,
662 1190 720 1216 quae
740 1180 903 1208 nascentibus
925 1181 1029 1216 praeess'e
1051 1179 1216 1206 credebatur.
1241 1177 1326 1204 cicero
1340 1177 1386 1204 lib.
1404 1186 1428 1212 3.
1441 1176 1475 1203 de
1489 1177 1592 1204 Natura
1607 1177 1680 1202 Deo-

106 1228 169 1283 mlm
182 1229 188 1245 2
208 1216 294 1255 Νηρέα
314 1226 421 1254 quoque
440 1218 499 1243 Dea
517 1219 635 1252 putanda
648 1218 699 1249 est,
719 1219 762 1245 cui
775 1227 838 1245 cum
852 1217 912 1244 fana
925 1217 1068 1245 circuimus.
1082 1216 1109 1242 in
1124 1224 1189 1252 agro
1203 1215 1351 1242 Ardeatino
1360 1235 1367 1245 ,
1387 1222 1448 1240 rem
1461 1213 1580 1241 divinam
1594 1213 1681 1240 facere

104 1256 132 1284 fi>
144 1264 226 1283 emus.

146 1296 172 1321 V
184 1305 199 1320 A
210 1303 244 1321 τι
255 1302 370 1321 cANus
393 1293 465 1320 Deus
485 1292 587 1324 dietus,
607 1294 652 1330 qui
673 1293 701 1320 in
721 1292 810 1330 vagitu
831 1302 861 1320 os
881 1294 979 1329 aperit,
1000 1292 1042 1319 vcl
1057 1292 1101 1328 qui
1115 1291 1250 1319 infantum
1263 1288 1390 1327 vagitibus
1402 1287 1530 1325 praefidet.
1563 1286 1681 1325 Ageaiur

109 1331 154 1359 lib.
167 1334 206 1359 16.
220 1340 276 1367 cap.
288 1341 327 1366 17.
341 1331 404 1357 duas
418 1330 531 1357 diversas
545 1331 579 1357 de
593 1331 646 1358 hoc
659 1330 800 1358 sententias
815 1331 923 1362 recitat,
944 1339 1054 1367 quarum
1071 1330 1158 1365 prima
1172 1330 1223 1360 est,
1244 1328 1315 1364 quod
1328 1327 1414 1363 praefit
1428 1335 1494 1363 agro
1505 1325 1636 1358 Wuicanu,
1651 1328 1679 1355 &-

109 1378 210 1398 nomen
223 1369 317 1396 habeat
331 1367 344 1395 ὲ
360 1366 489 1394 maritimis
502 1388 509 1398 ‚
529 1376 586 1404 quae
599 1369 675 1404 ipfius
691 1369 716 1394 vi
732 1377 812 1404 atque
826 1368 948 1395 instinctu
964 1370 990 1395 in
1006 1376 1070 1404 agro
1084 1366 1130 1394 illo
1143 1367 1200 1393 fieri
1214 1365 1408 1393 consueverint.
1449 1365 1569 1392 Alteram
1585 1364 1681 1392 deinde

106 1407 242 1444 subjungit
255 1427 263 1438 ,
288 1416 320 1434 ex
340 1403 454 1433 Terentii
475 1405 590 1433 Varronis
604 1406 676 1434 libris
688 1414 779 1433 rerum
795 1406 944 1434 divinarum
959 1426 967 1438 ,
994 1404 1118 1433 videlicet
1132 1414 1138 1431 ι
1166 1402 1314 1431 Vaticanum
1330 1407 1413 1430 Deum
1426 1404 1599 1431 nominatum
1615 1403 1683 1435 effe,
1722 1405 1726 1409 ”

107 1454 187 1482 penes
201 1454 282 1481 quem
297 1444 377 1471 effent
393 1444 466 1471 vocis
480 1443 603 1473 humanae
616 1445 702 1473 initia:
717 1445 844 1481 quoniam
860 1444 933 1480 pueri
947 1444 1103 1480 simulatque
1117 1441 1255 1470 nascantur
1264 1462 1271 1473 ,
1287 1450 1346 1468 eam
1355 1442 1471 1477 primam
1480 1450 1577 1469 vocem
1587 1442 1683 1472 edant,

110 1492 167 1520 quae
187 1483 274 1518 prima
288 1482 318 1509 fit
331 1484 359 1510 in
374 1485 491 1509 Vaticano
505 1482 601 1519 syllaba
614 1504 622 1515 ‚
648 1493 699 1520 qua
713 1483 746 1510 de
760 1482 833 1510 causa
847 1483 929 1509 etiam
941 1483 1033 1520 vagire
1047 1482 1170 1509 dicantur
1183 1501 1191 1513 ‚
1217 1481 1385 1517 exprimente
1399 1479 1483 1507 verbo
1497 1478 1592 1506 sonum
1608 1480 1681 1506 vocis

106 1521 227 1548 recentis.
261 1521 340 1556 Apud
355 1518 521 1558 Augustinum
534 1521 580 1548 lib.
588 1531 615 1556 4.
629 1530 684 1558 cap.
695 1519 720 1551 8.
734 1521 767 1548 de
782 1520 898 1548 Civitate
912 1521 964 1548 Dei
978 1540 986 1552 ‚
1006 1519 1105 1557 legitur
1120 1518 1257 1556 Virgimnus
1270 1528 1279 1544 :
1299 1526 1349 1553 pro
1365 1526 1418 1553 quo
1434 1524 1526 1544 tamen
1541 1517 1569 1544 in
1584 1517 1680 1545 veteri-

105 1558 155 1587 bus
167 1558 302 1586 codicibus
314 1559 445 1586 Vaticanus
458 1559 598 1587 invenitur.
619 1563 690 1587 Vives
703 1567 821 1588 annotat.

145 1598 169 1624 L
177 1606 192 1623 Ε
200 1607 216 1624 ν
226 1607 242 1624 A
251 1608 268 1625 N
280 1607 295 1623 A
304 1617 312 1629 ‚
332 1606 388 1633 quae
401 1597 434 1624 de
449 1605 518 1624 terra
530 1597 600 1628 levat
612 1597 735 1626 infantes.

149 1635 172 1662 C
181 1642 198 1659 u
207 1645 222 1661 N
234 1645 241 1662 1
251 1645 268 1662 N
280 1644 296 1662 A
305 1654 312 1666 ‚
332 1643 389 1671 quae
409 1635 498 1670 praeest
518 1633 601 1668 cunis,
620 1635 784 1673 infantesque
804 1636 831 1663 in
845 1635 918 1663 cunis
932 1633 1125 1662 decumbentes
1137 1640 1240 1661 tuetur:
1260 1630 1304 1660 vel
1320 1640 1378 1669 quae
1389 1639 1463 1657 cunas
1476 1629 1620 1658 infantium
1634 1630 1681 1657 ad-

110 1672 250 1701 ministrat.
268 1671 424 1711 Augustinus
437 1672 483 1700 lib.
494 1683 521 1709 4.
535 1675 569 1701 de
585 1675 701 1702 Civitate
714 1674 779 1705 Dei,
800 1676 889 1710 cap.8.
901 1682 940 1708 14.
956 1675 982 1701 &
997 1671 1066 1699 alibi.
1084 1668 1237 1698 Ladiamius
1250 1669 1295 1697 lib.
1316 1680 1336 1697 1.
1356 1669 1516 1696 Divinarum
1531 1667 1678 1696 Institutio·

110 1720 191 1741 num,
211 1719 234 1737 c·
250 1721 293 1738 20·
313 1709 417 1738 Cunina
429 1711 443 1738 a
457 1713 530 1739 cunis
543 1712 627 1747 dieta,
648 1722 681 1740 eo
695 1712 767 1749 quod
780 1712 894 1740 infantes
908 1712 936 1738 in
948 1710 1022 1738 cunis
1035 1717 1154 1740 tueatur,
1176 1709 1203 1736 &
1217 1707 1346 1735 fascinum
1360 1706 1525 1734 submoveat.

151 1750 176 1775 R
185 1756 232 1775 um
241 1759 249 1775 1
260 1760 275 1776 N
287 1759 302 1776 A
317 1769 325 1780 ,
351 1757 407 1785 quae
427 1758 580 1777 mammam
599 1750 710 1786 parvulo
729 1750 888 1788 immulgeat
903 1760 909 1777 2
934 1749 996 1786 quia
1008 1757 1110 1775 rumam
1124 1747 1249 1775 dixerunt
1262 1755 1366 1783 veteres
1379 1754 1527 1772 mammam.
1562 1742 1682 1782 Augusti-

111 1797 158 1816 nus
173 1786 218 1815 lib.
230 1796 257 1822 4.
271 1795 332 1822 cap.
345 1789 370 1814 8.
394 1789 470 1814 Varro
490 1791 572 1819 Cato,
594 1788 636 1815 vel
655 1789 689 1816 de
706 1788 795 1818 liberis
810 1788 952 1816 educandis
966 1808 974 1819 ,
993 1787 1061 1824 apud
1076 1784 1195 1813 Nonium.
1215 1785 1265 1813 His
1277 1781 1418 1811 Semonibus
1432 1782 1442 1817 (
1453 1782 1486 1810 fic
1500 1782 1574 1809 enim
1588 1790 1682 1809 emen-

110 1825 183 1854 davit
201 1823 295 1862 Justus
312 1821 410 1860 Ltkfius
426 1826 471 1854 lib.
486 1836 511 1854 2.
538 1826 717 1863 Antiquarum
736 1827 898 1859 lestionum,
919 1835 976 1863 cap.
993 1829 1033 1855 18.
1054 1833 1117 1852 cum
1136 1832 1213 1851 antea
1232 1822 1378 1860 legeretur,
1398 1821 1458 1855 hifte
1471 1818 1598 1855 manibus)
1613 1818 1683 1848 Iacffte

113 1863 158 1907 {312
175 1872 231 1891 ¹²⁰ss
250 1864 322 1891 Vino·
347 1862 461 1896 Cuninae,
480 1874 593 1901 propter
611 1874 700 1891 cunas:
719 1870 850 1897 Rumina,
865 1873 978 1902 propoer
998 1873 1112 1892 rumam:
1135 1863 1163 1890 id
1179 1862 1230 1893 est,
1250 1859 1336 1897 prisco
1357 1857 1503 1890 vocabulo,
1522 1867 1677 1890 mammam,

113 1911 127 1928 a
142 1910 195 1938 quo
197 1901 310 1936 subrumt
324 1903 405 1930 etiam
420 1912 490 1930 nunc
503 1904 628 1931 dicuntur
640 1904 709 1941 agni.

153 1941 178 1967 D
188 1950 195 1966 1
203 1950 218 1966 v
227 1949 242 1967 A
262 1941 281 1966 Ρ
289 1950 306 1967 o
314 1951 331 1968 τ
339 1952 346 1969 1
356 1951 373 1968 Ν
382 1951 412 1973 A,
432 1950 489 1979 quae
498 1942 638 1978 potionem
653 1943 826 1971 ministrabat.

155 1978 221 2005 va
232 1988 249 2004 A
275 1979 398 2007 EnucA
415 2001 422 2012 ,
441 1984 494 2007 uve
517 1981 636 2008 EDUsA
652 2001 659 2012 ‚
679 1990 736 2018 quae
755 1981 842 2010 estam
864 1981 1007 2009 infantibus
1026 1979 1168 2016 praebebat.
1206 1974 1359 2012 Augustinus
1379 1973 1424 2001 lib.
1439 1983 1467 2010 4.
1488 1983 1511 2002 c.
1528 1974 1554 2002 8.
1571 1974 1596 2001 δε
1611 1972 1681 2001 alibi.

116 2018 193 2058 Wffls⁰
212 2018 277 2042 Cato
289 2037 297 2048 ³
316 2017 368 2044 five
390 2018 423 2046 de
443 2017 533 2046 liberis
544 2019 687 2046 educandis
702 2040 709 2050 ‚
729 2021 797 2056 apud
813 2019 942 2046 Nonium:
963 2020 1034 2046 Cum
1049 2019 1170 2054 primore
1183 2015 1243 2043 cibo
1258 2017 1285 2043 δε
1298 2014 1409 2050 potione
1424 2013 1559 2041 initiarent
1571 2021 1681 2048 pueros,

116 2053 321 2082 sacrificabantur
334 2055 365 2082 ab
380 2057 496 2085 edulibus
508 2057 607 2091 Eduss,
627 2060 653 2085 ἓξ
669 2057 683 2084 ὲ
696 2060 808 2093 potione
823 2062 914 2085 Potina
926 2057 1050 2084 nutrices.

156 2094 181 2118 O
190 2103 202 2119 s
212 2103 224 2120 s
233 2100 242 2118 1
251 2101 267 2119 ι
276 2102 292 2119 A
301 2102 343 2120 eo
357 2096 412 2121 Dea
425 2096 559 2124 solidatrix
574 2096 679 2124 ossium.
706 2094 829 2124 Arnobms
841 2096 887 2124 lib.
901 2105 929 2131 4.
958 2095 1032 2122 Nam
1048 2102 1105 2131 quae
1119 2094 1196 2121 durat
1211 2093 1238 2120 &
1251 2089 1344 2119 solidat
1357 2089 1501 2118 infantibus
1515 2088 1602 2125 parvis
1612 2087 1681 2120 offa,

115 2129 223 2167 Offilngo
235 2129 287 2166 ipsa
299 2139 473 2162 memoratur.

159 2170 183 2195 N
196 2179 238 2196 υΝ
249 2178 336 2196 n1NA
355 2171 413 2198 Dea
430 2173 617 2209 antiquorum,
638 2180 668 2201 ut
688 2172 778 2201 scribit
797 2171 936 2200 Macrobius
955 2172 999 2200 lib.
1017 2181 1038 2200 1.
1060 2169 1187 2198 Saturnal.
1205 2177 1261 2205 cap.
1280 2169 1320 2195 16.
1341 2166 1355 2195 ὲ
1377 2177 1451 2195 nono
1464 2165 1629 2194 nascentium
1640 2163 1683 2192 die

119 2207 203 2250 ἆῑξῒὲξ,
225 2207 270 2244 qui
289 2207 345 2234 dies
361 2208 471 2245 lustrtcus
492 2219 656 2247 nuncupatur
671 2211 744 2249 quod
765 2210 862 2240 scilicet
881 2211 995 2238 infantes
1007 2209 1193 2239 lustrabantur,
1214 2209 1238 2236 δι
1253 2215 1356 2234 nomen
1369 2207 1407 2234 eis
1418 2204 1616 2242 imponebatur.
1660 2203 1686 2230 Is

119 2245 236 2274 maribus
250 2253 305 2272 erat
318 2254 406 2278 nonus,
426 2247 543 2276 foeminis
555 2248 669 2277 offaims:
689 2250 763 2286 cujus
779 2259 862 2279 moris
876 2248 962 2278 caulas
977 2248 1087 2286 inquirit
1100 2245 1248 2275 Plutarchus
1261 2246 1289 2273 in
1304 2244 1487 2283 quaestionibus
1502 2240 1685 2277 Roni.quaest.

123 2295 183 2312 102.
196 2293 277 2321 quem
292 2282 339 2311 hac
353 2285 386 2311 de
400 2286 505 2324 relege.

159 2325 175 2350 S
183 2334 199 2350 τ
210 2334 226 2350 A
235 2333 268 2350 ri
279 2332 294 2349 L
304 2333 311 2349 1
323 2333 338 2349 Ν
350 2331 366 2348 υ
375 2333 386 2350 s
408 2326 435 2352 ὃς
457 2327 473 2351 S
482 2335 499 2352 τ
509 2333 525 2351 Α
535 2334 552 2352 τ
561 2334 576 2352 A
584 2336 602 2353 Ν
613 2335 628 2351 ι·
639 2335 651 2353 s
666 2347 674 2358 ,
700 2327 751 2354 Dei
773 2326 891 2363 praefides
908 2329 935 2355 δι
954 2325 1072 2353 astantes.
1097 2322 1256 2351 raamias.
1283 2321 1335 2351 Alii
1354 2320 1506 2352 educationi
1519 2317 1577 2347 illos
1590 2315 1686 2345 adscri-

119 2360 186 2390 bunt
200 2371 233 2389 eo
245 2361 368 2390 videlicet
384 2369 523 2399 tempore,
542 2372 605 2391 cum
613 2363 701 2400 fiands
715 2367 743 2394 &
755 2363 893 2403 consistendi
907 2364 1065 2430 potestateuln
1076 2362 1175 2429 ²babere
1187 2362 1327 2399 incipiunt.
1580 2394 1601 2422 F
1611 2400 1689 2421 ssu-
