2075 2734
465 110 494 139 D
532 122 548 141 ε

91 204 151 220 σπῆι
161 203 249 229 patrum
268 202 318 218 ame
329 196 386 218 diem
399 196 506 218 decimum
519 196 548 217 ad
559 196 657 217 ararium
669 195 816 224 deferrentur,
835 196 866 217 id-

94 237 138 260 que
150 230 200 251 vita
208 228 305 260 [parium
318 228 427 249 damnari]
438 232 598 256 prorogaretur.
607 225 632 249 in
645 233 694 256 quo
703 232 804 249 veterem
811 233 867 249 con—

93 259 242 284 suetudinem
255 258 283 281 de
296 258 498 281 senatusconsultis
510 257 536 280 ad
549 257 653 280 :crarium
667 257 866 281 deferendisindi-

93 291 166 315 eavit:
202 297 233 313 uo
246 290 308 321 leges
321 297 419 320 quoque
431 289 514 312 delatas
523 287 581 315 effe,
600 289 625 311 in
639 289 700 312 libro
716 289 744 312 de
758 289 849 320 Populo
858 307 863 316 ,

94 323 137 354 qui
155 298 206 354 Pota
225 321 288 344 hune
308 322 429 351 proximus
442 320 561 350 sequetur,
578 321 693 352 exemplis
705 320 863 344 ostendemus.

93 356 178 380 Nunc,
195 351 290 384 quando
307 351 359 375 satis
371 352 400 375 de
412 352 501 375 ratione
511 350 613 374 faciendi
625 351 816 375 senatusconsulti
830 353 863 375 lo·

93 387 142 409 cuti
155 384 247 411 sumus,
263 383 322 407 ordo
335 383 447 415 postulat,
465 389 490 405 ut
504 382 797 414 deimpediendiratione‚
815 392 865 415 qua:

92 417 197 448 legendo
216 416 350 439 nOtavimus
363 431 369 441 ,
392 422 458 446 pauca
484 413 656 446 subjungamus.
689 416 865 447 impedimento

93 456 155 475 erat,
172 445 221 480 qub
241 448 321 470 minus
334 445 557 469 senatusconsultum
577 447 626 470 fieri
640 447 725 477 postet,
743 454 779 480 zut
792 447 865 470 tribu-

94 488 139 504 nus
152 480 184 511 pl.
198 486 234 502 aut
245 479 333 502 senator
349 477 446 508 aliquis,
463 485 499 500 aut
512 479 598 508 aliquis
611 486 682 502 ettam
696 486 743 502 non
758 482 847 502 leuator
857 496 862 505 ,

95 519 133 536 aut
147 510 238 534 Consul
249 508 310 540 ipse,
328 509 385 532 alius
394 510 441 532 alio
455 509 530 532 modo
543 510 650 533 tribunus
662 510 864 540 plintetcedebat:

93 550 172 575 eoque
185 541 341 566 intercedente
354 540 434 567 fiebat,
452 548 479 563 ut
492 541 529 568 id,
548 542 612 572 quod
625 541 714 565 senatus
726 542 864 577 decreverat,

92 571 315 598 senatusconsultum
329 571 372 594 elle
385 580 434 595 non
449 571 533 603 ponet,
551 573 589 596 sed
604 571 823 596 senatusaurhoritas
830 573 864 596 dl-

606 114 623 141 S
662 122 678 141 E
718 122 738 141 u
779 121 798 140 A
838 122 856 141 τ
897 122 916 140 υ

92 166 121 190 10
132 164 184 197 post
196 171 220 188 n.
230 169 251 190 3.
264 163 338 195 Igitur
351 162 444 196 inquit,
456 164 544 192 sallum
551 164 779 193 finatusconsultum,
794 171 820 186 ne
832 164 869 186 de-

974 115 1305 145 Ronnuol

897 163 989 196 itaque,
1007 164 1023 188 fi
1035 164 1258 190 senatusconsultum
1265 163 1477 196 fiebataconsule,
1485 168 1518 198 ius
1525 169 1672 196 interceden-

897 195 922 219 di
942 195 1037 220 habebat
1058 198 1114 221 alter
1133 198 1237 222 consul.-
1254 200 1377 223 eratenim
1391 198 1474 223 effidem
1490 202 1611 231 potestate:
1629 203 1645 227 fi
1659 202 1672 228 Ξ

897 234 1006 257 pra-tore,
1023 235 1113 259 poterat
1126 237 1176 253 non
1189 230 1264 253 modo
1274 231 1331 254 alius
1344 238 1438 262 praetor,
1457 231 1495 256 sed
1503 234 1670 260 consuletiam

897 259 1052 286 intercedere,
1071 266 1166 291 praetor,
1184 263 1237 293 quia
1256 260 1340 286 ezidem
1360 263 1469 294 potestate
1482 281 1489 290 ‚
1506 265 1596 288 Consul
1614 268 1669 297 quia

895 292 966 314 etiarn
981 291 1070 319 majore
1083 291 1144 315 effet.
1162 291 1200 316 sed
1213 293 1348 322 hujusmodi
1358 294 1531 319 interceffiones
1538 298 1669 322 admodum

895 321 1055 354 infrequentes
1067 324 1211 348 invenimus.
1227 325 1368 349 Tribuniciae
1380 325 1595 351 suntcreberrimaz:
1613 337 1668 353 nam

895 352 1045 377 tribunorum
1060 356 1090 385 pl.
1104 357 1226 385 proprium
1239 364 1285 380 erat
1299 358 1452 381 intercedere:
1472 359 1504 382 est
1516 361 1581 384 enim
1595 361 1668 384 tribu-

896 385 954 408 nicia
974 385 1071 417 potestas
1090 394 1140 410 uon
1154 387 1180 410 ad
1191 388 1337 412 inferendam
1351 390 1460 418 injuriam
1471 407 1477 417 ,
1495 391 1533 414 sed
1547 392 1573 415 ad
1586 393 1667 423 prohi-

896 415 996 440 bendam
1015 417 1116 441 inducta.
1150 419 1263 443 Hassenus
1281 421 1310 443 de
1320 422 1422 448 ratione,
1441 429 1498 453 qua,
1517 430 1546 446 ne
1556 423 1622 447 fieret
1635 423 1667 448 sea

894 448 1093 472 natusconsultutn
1102 466 1108 475 ,
1123 450 1284 480 impediretur.
1296 459 1331 479 at,
1349 452 1497 484 posteaquam
1510 454 1596 478 fastum
1604 455 1665 483 effeta

894 480 994 503 tollendi
1007 481 1064 503 ratio
1078 488 1127 510 quae
1137 485 1197 505 erar?
1213 483 1293 506 eadem
1302 501 1307 508 ,
1318 491 1368 514 qua·
1380 485 1439 515 legis
1446 484 1650 516 abrogandz‚iianr
1659 504 1665 513 ‚

893 517 917 533 ut
924 511 976 541 lege
988 512 1025 534 lex
1038 511 1200 542 abrogabatur,
1216 514 1245 537 fic
1258 514 1667 542 senatusconlultumsenatusconsul-

894 548 919 565 to
937 542 1074 566 tollebatur:
1092 551 1130 569 ut.
1148 552 1202 568 cum
1220 544 1308 569 senatus
1319 546 1433 574 decrevit,
1451 555 1507 578 quas
1519 550 1625 573 civitates
1636 554 1664 574 L.

893 575 953 597 Sulla
963 576 1059 605 pecunia
1073 581 1161 605 accepta
1174 577 1561 608 exleuatusconsultolibera-sisset,
1578 589 1608 605 ex
1617 589 1666 605 tur-

91 606 191 630 cebatur.
208 605 266 627 hanc
280 603 417 634 potestatem
430 604 514 627 sacrata:
526 604 588 635 leges
599 605 644 632 jam
658 604 684 628 ab
698 606 741 628 illo
749 612 865 635 tempore,
893 604 927 628 sus
937 606 1059 637 vestigales
1072 606 1156 633 essent,
1173 615 1250 639 neque
1261 609 1289 632 iis
1303 611 1398 639 pecunia
1407 627 1413 637 ,
1432 618 1500 641 quam
1510 613 1665 642 prolibegtate

90 637 141 669 qub
159 636 254 668 plebem
275 635 402 658 tribunicio
421 635 526 667 prxfidio
545 637 633 660 muniri
647 637 746 666 placuit,
764 637 863 660 tribunis

91 669 126 700 pl.
145 675 195 692 non
215 666 292 691 solum
307 667 431 694 untveffis,
448 666 486 690 sed
498 668 569 691 eriam
582 668 678 699 lingulis
691 669 808 692 dederant.
823 669 861 691 ita-

91 707 138 732 que
151 707 200 723 uno
214 707 242 722 ex
254 699 367 722 omnibus
378 698 477 722 tribunis
491 700 523 729 pl.
534 700 705 727 intercedente,
723 701 863 723 caereiiscol-

89 732 150 763 legis
162 739 217 755 cum
231 730 308 753 senatu
320 729 535 757 consentientibus,
554 729 618 763 aeque
631 739 707 755 tamen
716 730 862 766 senatuscon-

67 783 70 787 .
89 763 178 787 fultum
192 761 328 788 tollebatur,
347 770 371 785 ac
385 762 400 785 li
413 762 502 786 tribuni
517 770 600 786 omnes
610 763 789 787 interceffissent.
815 766 863 786 Im-

89 796 230 827 pedimento
247 793 336 817 senator
355 800 415 820 erat,
434 801 502 821 cum,
520 796 744 824 Numerasenaeum,
762 793 862 830 Consuli

90 826 193 851 dicebat:
211 825 272 849 nihil
291 826 356 848 enim
373 826 399 848 in
414 824 490 849 senatu
505 826 600 849 decerni
612 833 715 856 poterat,
733 827 775 849 nili
789 833 863 849 certus

89 858 222 882 senatorum
239 864 349 880 numerus
368 857 458 887 legibus
477 857 569 880 statutus
587 856 678 880 adesset.
713 859 791 880 Tertia
803 858 862 880 ratio

89 890 239 921 impediendi
258 895 317 914 erat,
335 886 388 910 cum
407 887 487 911 adess'et
499 889 524 910 in
538 888 614 911 senatu
627 889 726 919 aliquis,
745 890 786 921 qui
799 888 860 912 sena<

91 928 129 944 tor
147 928 197 944 non
213 925 273 943 erat:
291 925 344 949 tunc
356 919 421 942 enim
435 920 527 942 decerni
537 919 597 943 nihii
610 926 706 951 puterat.
725 920 749 943 ἃ
763 920 795 943 ob
808 928 858 943 eam

88 952 192 978 causam,
209 957 234 974 ut
247 950 278 973 est
293 951 317 974 in
334 951 420 973 Dionis
433 950 539 977 historia,
557 953 587 975 C.
602 954 662 974 Caro
675 951 859 982 tribunuspl.se-

88 991 170 1008 natum
189 981 312 1014 ingressus:
331 989 403 1013 quem
421 983 443 1005 vi
455 983 590 1008 extrudere.
609 991 663 1007 cum
677 984 813 1007 sacrosanfia
826 983 860 1007 es-

88 1014 139 1039 sent
157 1014 307 1039 tribunorum
319 1021 430 1044 corpora,
448 1022 496 1037 non
510 1014 601 1038 licebat.
614 1014 652 1038 sed
666 1015 704 1038 hic
711 1016 786 1039 oritur
793 1015 860 1038 dubi-

86 1049 157 1071 tatio:
175 1046 191 1070 fi
210 1047 239 1069 C.
259 1048 332 1072 Cato,
350 1046 405 1077 quia
424 1046 534 1070 nondum
554 1045 608 1069 ess'et
619 1047 642 1069 in
656 1045 759 1070 senatum
772 1047 861 1074 leatus,

86 1079 174 1103 curiam
194 1077 286 1108 ingredi
306 1084 354 1099 nou
367 1083 468 1108 poterat:
485 1085 524 1101 cur
539 1078 563 1100 ὅ(
577 1078 601 1100 in
614 1077 718 1108 epistolis
732 1078 759 1101 ad
772 1081 860 1102 Lentu-

85 1111 153 1138 lum,
170 1111 194 1134 &
207 1109 231 1133 in
245 1109 286 1135 iis,
303 1116 353 1139 quae
367 1109 418 1132 sunt
431 1108 458 1131 ad
467 1109 595 1139 Quinssum
603 1111 702 1133 Fratrem
711 1126 716 1135 ,
735 1109 791 1141 saepe
799 1111 859 1133 hunc

86 1142 165 1174 ipsum
183 1144 299 1165 catonem
319 1139 440 1164 tribunum
453 1142 485 1171 pl.
497 1141 522 1164 in
536 1141 613 1164 senatu
626 1140 698 1164 adesse
709 1142 809 1172 legitur?
826 1142 859 1165 di-

86 1174 194 1205 stingue,
211 1173 236 1196 &
254 1171 426 1195 dubitationem
445 1172 528 1195 solves.
545 1180 596 1196 non
610 1180 712 1203 poterat,
730 1173 784 1203 quia
797 1172 857 1196 sena-

86 1211 126 1229 tor
143 1210 262 1229 nouerat:
278 1209 380 1235 poterat,
415 1204 452 1226 uia
464 1204 583 1227 tribunus:
602 1205 654 1234 quis
667 1205 733 1228 enim
746 1203 856 1229 (acrosan-

85 1237 127 1260 sto
139 1237 190 1260 vim
204 1234 302 1259 afferret:
321 1235 344 1258 ἃ
358 1241 418 1259 cette
433 1235 462 1258 de
482 1236 580 1260 tribunis
591 1236 615 1259 iu
627 1235 705 1260 senatu
717 1235 856 1260 sententiam

85 1268 218 1292 dicentibus
229 1265 286 1298 sape
296 1267 407 1297 legimus.
425 1268 467 1297 qui
479 1267 494 1290 fi
508 1274 598 1291 tantum
611 1268 784 1295 etanrtribuni,
802 1269 857 1292 ideo

87 1300 160 1324 adesse
180 1304 306 1329 poterant,
324 1299 378 1328 quia
398 1297 547 1322 sacrosanctos
566 1299 622 1329 pelli
640 1307 689 1322 non
708 1299 804 1323 licebat:
822 1300 855 1323 sin

85 1332 158 1355 etiam
172 1330 299 1356 senatores,
316 1329 371 1352 ideo
384 1329 489 1356 aderant,
505 1331 560 1362 quia
573 1337 598 1354 ut
611 1331 754 1354 senatoribus
765 1332 856 1355 licebat.

87 1369 114 1385 ut
133 1363 218 1389 miter,
235 1361 301 1393 quod
321 1361 345 1384 in
359 1361 451 1384 Valerio
463 1364 544 1385 11.2.6
565 1360 676 1392 scriptum
689 1362 855 1389 animadverti,

85 1394 179 1416 tribum}
197 1402 236 1416 non
249 1394 330 1423 licmsse
343 1394 425 1415 curiam
437 1394 528 1420 intrare,
548 1391 585 1417 sed
599 1400 640 1417 eos
651 1402 701 1416 ame
714 1396 792 1417 valvas
803 1396 853 1426 [ναβ-

87 1427 117 1447 rix
130 1425 233 1454 fiabfiHiis
246 1425 327 1447 decreta
336 1431 426 1455 patrum
439 1425 569 1453 examini-ifle
583 1436 591 1448 :
616 1427 691 1456 imque
704 1426 813 1448 veremini
822 1428 855 1455 fi*

84 1457 250 1485 natustonsultir
271 1457 290 1477 T
307 1457 395 1477 literam
410 1455 512 1484 sul‘strrbr
527 1458 626 1485 fhlttam.
638 1465 682 1488 qua
695 1464 743 1479 nota
751 1458 856 1487 sign-fisa<

85 1494 159 1515 retur,
177 1489 218 1510 illa
230 1486 325 1509 tribunos
336 1495 420 1517 quoque
432 1489 538 1517 censursse.
555 1490 607 1510 Haec
619 1495 678 1518 ego,
697 1495 721 1511 ut
734 1488 782 1511 dixi
792 1506 798 1515 ,
812 1490 856 1513 mi-

85 1526 139 1546 ror,
155 1517 210 1542 cnm
230 1517 337 1541 tribunos
354 1516 379 1540 in
399 1518 475 1541 senatu
494 1516 574 1545 luifle,
593 1518 689 1550 itasarpe
701 1520 814 1549 legerim,
831 1528 856 1544 ut

85 1551 192 1581 exempla
210 1550 304 1573 recitate
324 1549 431 1579 putidum
450 1548 523 1581 prope
542 1550 686 1574 existimem.
707 1559 766 1575 num
784 1552 856 1582 igitur

86 1583 230 1613 antiquitatis
249 1582 351 1604 Valerius
367 1580 504 1612 imperitus.=
521 1589 570 1604 non
589 1582 634 1608 est,
651 1590 677 1607 ut
692 1582 754 1606 credi
774 1583 854 1614 poffit:

84 1612 139 1636 cum
153 1614 176 1636 δε
189 1613 310 1643 proximus
322 1611 393 1635 fucrit
406 1613 704 1645 reipublicztemporibus,
723 1614 854 1646 siquidem,

86 1651 112 1667 ut
126 1643 174 1674 ipse
185 1643 292 1669 testatur,
312 1644 369 1666 duce
382 1646 431 1667 Sex.
447 1645 561 1675 Pompeio
575 1646 654 1676 Magni
667 1646 718 1668 filio
731 1647 855 1669 militavit:

85 1676 111 1699 &
129 1676 153 1698 in
173 1675 212 1698 hac
225 1673 271 1706 ipsa
288 1682 311 1697 re
324 1675 402 1701 idem,
421 1676 486 1705 quod
497 1676 576 1701 Dion,
594 1675 677 1700 sentite
689 1677 800 1701 videatur.
818 1677 855 1711 sed

84 1707 116 1730 ita
129 1706 194 1731 illius
206 1707 369 1730 authoritatem
386 1707 518 1734 tuebimur,
537 1707 552 1730 st
566 1714 615 1731 non
629 1708 658 1731 de
669 1708 770 1731 tribunis
777 1717 854 1732 omni-

83 1738 128 1762 bus
140 1739 290 1770 generaliter,
306 1738 343 1761 sed
351 1738 414 1761 deiis
422 1739 543 1765 duntaxat,
561 1739 708 1769 quitribuni⁴
729 1742 854 1764 nunen'am

85 1769 213 1796 senatores,
232 1770 332 1797 suerint,
350 1770 440 1793 dictum
456 1771 605 1800 accipiamus.
623 1779 692 1798 nam,
710 1771 726 1795 st
739 1772 853 1796 deomni-

85 1802 128 1825 bus
148 1801 214 1833 plane
234 1802 406 1832 intelligamus,
425 1800 501 1832 aperte
519 1809 622 1826 veterum
637 1804 753 1833 exemplis
763 1804 853 1828 refelle-

84 1841 147 1858 mur.
181 1836 249 1856 Erant
269 1834 339 1856 etiam
356 1832 471 1856 Consules
487 1833 529 1864 ipfi
539 1833 740 1859 senatusconsultis
751 1836 853 1867 impedi-

83 1872 180 1892 mento,
198 1872 224 1888 ut
234 1865 315 1888 author
326 1864 357 1888 est
371 1865 464 1888 Livius.-
482 1865 545 1892 cuius
556 1865 618 1889 libro
631 1874 789 1898 xxx.cap.43.
808 1868 853 1892 hzc

83 1896 137 1920 sunt
155 1896 234 1920 verba:
252 1898 362 1919 Inclinatis
375 1900 470 1919 omnium
483 1898 511 1919 ad
519 1904 595 1927 pacem
607 1900 701 1924 animis,
719 1901 754 1922 Cn.
769 1902 851 1922 Lemu-

86 1930 122 1952 lus
143 1929 231 1956 Consul,
248 1929 283 1950 cui
301 1928 364 1956 claffis
381 1929 492 1958 provintia
503 1935 561 1952 erat.
579 1929 602 1952 S.
617 1932 639 1952 C.
648 1931 766 1959 interceffit.
780 1938 851 1961 quam

83 1958 270 1983 intercessionem
282 1957 391 1980 sublatam
404 1965 462 1981 mox
475 1957 625 1986 effeconstat,
641 1959 694 1984 ciam
702 1962 802 1992 populus
810 1963 851 1989 ius-

83 1990 156 2017 sisset,
173 1997 198 2013 ut
217 1989 306 2012 senatus
326 1996 404 2019 pacem
417 1997 472 2013 cur-n
489 1990 708 2021 Carthaginensibus
721 1993 850 2017 faciendam

82 2023 232 2048 decerneret,
250 2020 315 2052 quod
328 2021 358 2043 ita
370 2020 459 2044 senatus
467 2021 576 2045 decrevit.
593 2022 658 2046 Idem
669 2025 694 2047 &
706 2023 768 2047 libro
776 2032 821 2048 xm
830 2034 850 2049 r.

82 2062 133 2085 cap.
144 2063 182 2078 ιο.
195 2054 225 2076 C·
239 2052 366 2083 Popillium
378 2053 410 2076 ait
420 2054 495 2082 praese
505 2054 589 2082 tuliffi,
603 2055 776 2085 fii'quidsenatus
783 2058 851 2080 decer-

82 2093 142 2110 neret
154 2102 161 2112 ,
178 2085 346 2112 interceffiarum.
377 2083 461 2108 Scribit
483 2085 554 2108 etiam
579 2085 691 2110 Pedianus
715 2087 740 2111 in
753 2094 810 2112 orat.
824 2090 849 2113 in

81 2117 219 2148 Pis-p.165.
237 2117 275 2146 Q
286 2116 408 2140 Scztvolam
432 2116 562 2140 Consulem
576 2134 583 2144 ,
601 2127 648 2140 cum
668 2120 851 2144 animati-terreret

82 2151 151 2180 Crasso
169 2149 243 2177 collega
257 2149 296 2177 suo
312 2150 516 2179 propttrfhmmam
525 2150 573 2181 rjus
582 2151 603 2171 in
616 2150 722 2182 republica
732 2154 850 2179 potentiam

83 2189 108 2203 ac
123 2181 250 2211 digni'arem
259 2180 360 2207 senatum
372 2181 394 2201 in
403 2181 526 2202 deserviendo
539 2182 646 2210 triumpho
653 2182 785 2212 gra'rfitari:
803 2193 849 2206 ma>

74 2212 150 2244 joram
165 2210 297 2239 reipublice,
315 2210 382 2241 quam
392 2213 470 2241 collega
479 2228 484 2236 ‚
502 2213 604 2235 rationem
617 2213 711 2244 habm'sse
719 2225 726 2237 :
740 2223 776 2241 ae,
784 2216 849 2245 nefit-

82 2249 116 2266 ηε
126 2242 349 2270 finaruiconsultum,
366 2244 504 2274 interceffsse:
523 2251 571 2266 noir
590 2245 657 2268 enim
669 2246 849 2270 senatusconlul-

83 2280 110 2297 to
129 2273 236 2296 tribunus
250 2273 280 2304 pl.
302 2279 392 2296 tantum
409 2274 577 2302 intercedebat,
594 2273 632 2300 sed
645 2284 741 2304 ornnes,
759 2279 799 2308 qui
814 2279 849 2302 eft>

83 2305 139 2329 dem
150 2304 273 2336 potestate,
293 2312 336 2335 qua
349 2305 381 2332 ii,
397 2306 438 2336 qui
447 2304 667 2332 senatusconsultum
674 2308 747 2332 facere
754 2311 848 2338 vellent,

80 2337 199 2365 majoreve
210 2335 290 2359 essent.
304 2337 370 2368 quod
383 2337 407 2360 in
420 2345 459 2365 ea,
476 2344 539 2365 cujus
550 2337 596 2361 fere
609 2339 746 2364 sententiam
753 2349 781 2364 ex
795 2343 848 2365 Gelr

892 636 1014 663 dederant,
1032 637 1196 662 restitueretur.
1210 640 1275 670 quod
1289 641 1391 672 imperio
1405 648 1470 674 turpe
1478 642 1663 676 fuit.piratarum

892 669 970 696 enim,
989 670 1070 700 inquit
1081 670 1182 698 Cicero,
1199 673 1276 694 metror-
1283 672 1336 701 fides
1345 689 1351 700 ,
1369 681 1436 703 quam
1450 677 1588 704 sumserimus
1597 693 1603 703 ,
1622 684 1663 700 ne-

891 707 937 731 que
955 701 972 724 si
991 701 1049 732 quid
1068 702 1125 724 utile
1138 717 1144 728 ,
1167 709 1288 734 propterea
1301 704 1438 728 honestum:
1456 705 1493 729 sed
1506 706 1521 729 ti
1535 706 1660 732 honestum

891 739 1010 763 propterea
1029 733 1098 755 utile:
1118 732 1147 756 fic
1166 735 1230 757 enim
1250 736 1426 767 interpretantur
1443 736 1499 761 boni
1514 738 1565 761 viri¹
1581 747 1662 764 verum

890 763 936 787 ᾔτεε
949 764 977 787 de
991 771 1022 787 re.
1034 772 1078 787 nos
1090 771 1166 788 autem
1178 767 1315 797 exemplum
1323 768 1489 798 quxrebamus.
1507 770 1571 799 quod
1580 771 1661 795 int-en<

891 802 941 818 tum
954 796 1048 819 recitare
1064 794 1113 819 fiatis
1126 796 1178 819 fuir,
1193 797 1230 820 sed
1243 806 1282 821 me
1293 806 1327 821 tes
1339 798 1384 830 ipsa
1398 807 1506 823 conimm
1515 809 1531 823 rt
1545 803 1569 825 in
1582 810 1662 826 exem>

891 827 939 856 plo.
953 828 1012 850 illud
1026 827 1086 850 addo
1096 844 1102 854 ‚
1117 827 1354 856 senatusconsultum,
1371 831 1412 854 niti
1422 831 1616 856 senatusconsulto
1625 840 1661 856 aut

890 859 942 889 lege
960 859 1092 884 tolleretur,
1113 859 1223 890 perpetuo
1238 861 1343 887 valuisse,
1362 862 1428 885 nullo
1439 867 1662 895 cettotemtoiede-

889 889 992 913 finitum.
1010 890 1098 914 tametli
1110 892 1222 922 lcriptum
1236 891 1249 915 ὲ
1263 892 1376 922 Dionylio
1390 895 1505 924 legimus,
1523 903 1572 918 non
1581 904 1661 928 perpe-

889 927 952 944 tuam
970 923 1019 945 vim
1028 939 1034 949 ,
1053 921 1090 945 sed
1103 931 1202 946 annuam
1216 922 1385 948 tantummodo
1398 924 1498 949 habuisse
1510 933 1534 948 ea
1543 943 1549 952 ,
1566 934 1616 957 quat
1629 928 1662 951 se-

888 960 953 976 natus
959 953 1100 978 decerneret.
1114 955 1181 986 quod
1188 962 1228 979 me
1234 956 1333 987 quidem
1341 954 1369 979 eo
1378 957 1457 980 minus
1464 958 1580 988 perturbat
1588 976 1594 986 ,
1606 960 1658 991 quia

890 992 939 1008 non
955 992 984 1008 ex
1007 986 1113 1016 Dionyssi
1133 985 1246 1010 sententia
1264 988 1381 1019 prolatum
1401 988 1446 1016 est,
1462 989 1501 1012 led
1522 997 1551 1012 ex
1563 992 1658 1021 persona

888 1015 1034 1040 Consulum:
1052 1018 1094 1048 qui
1112 1018 1216 1041 adversus
1238 1021 1283 1042 Cn.
1302 1020 1436 1043 Genucium
1449 1020 1570 1044 tribunum
1586 1023 1660 1052 plebis

886 1055 1023 1078 querentem
1042 1056 1070 1071 ex
1082 1056 1111 1072 eo
1125 1048 1322 1073 leuatusconsulto
1331 1068 1336 1077 ‚
1354 1052 1420 1082 quod
1433 1052 1507 1075 eaffio
1516 1069 1522 1078 ‚
1539 1053 1660 1084 Virginiu—

888 1086 934 1109 que
954 1079 1101 1103 Consulibus
1113 1080 1200 1105 fastum
1211 1088 1271 1109 erat,
1289 1082 1397 1113 publicos
1410 1090 1476 1113 agros
1488 1084 1551 1114 plebi
1565 1092 1614 1109 nou
1625 1088 1660 1109 di<

887 1110 982 1138 stribui,
1000 1112 1184 1142 responderunt,
1201 1113 1320 1137 decretum
1332 1114 1356 1137 id
1370 1115 1394 1137 in
1414 1115 1454 1137 suo
1466 1116 1596 1146 magistratu
1609 1126 1659 1141 non

885 1142 929 1165 effi:
938 1160 944 1170 ‚
963 1143 1002 1166 sed
1017 1143 1161 1167 Consulibus
1173 1144 1262 1172 Caffio,
1282 1146 1399 1176 Virginio:
1418 1147 1496 1177 itaque
1506 1148 1533 1170 ad
1547 1149 1600 1172 illos
1608 1157 1659 1173 eam

886 1174 1078 1198 distributionem
1098 1176 1244 1206 pertinuisse:
1262 1175 1284 1200 se
1302 1177 1401 1208 quidem
1419 1185 1448 1201 eo
1462 1178 1660 1205 senatusconsulto

886 1212 1006 1236 propterea
1019 1214 1069 1230 non
1082 1207 1168 1234 juberi,
1186 1209 1255 1239 quia,
1273 1216 1322 1240 quae
1337 1207 1425 1232 senatus
1436 1209 1568 1234 decerneret
1577 1229 1583 1238 ,
1601 1213 1659 1236 ultra

885 1239 938 1261 anni
952 1237 1050 1268 spatium
1064 1238 1129 1262 firma
1143 1246 1191 1263 non
1206 1238 1285 1264 essent.
1302 1240 1367 1271 quod
1381 1248 1429 1264 nou
1440 1248 1468 1264 ex
1481 1243 1555 1266 animi
1569 1242 1661 1268 senten-

885 1269 928 1296 tia,
946 1269 998 1296 sed,
1017 1277 1042 1293 ut
1061 1270 1150 1302 aliquid
1168 1272 1248 1302 potius
1266 1279 1336 1303 quam
1356 1272 1416 1296 nihil
1426 1273 1606 1303 responderent,
1622 1284 1658 1299 ca-

884 1301 1026 1324 lumniantes
1039 1301 1169 1326 afferebant.
1185 1301 1342 1334 subterfugere
1353 1305 1418 1327 euim
1433 1305 1457 1328 id
1466 1307 1569 1329 muneris
1577 1307 1658 1330 admo-

884 1332 942 1356 dum
948 1333 1071 1364 cupiebant
1079 1350 1085 1359 ,
1103 1333 1170 1365 aquo
1180 1333 1268 1358 senatus
1275 1351 1281 1362 ,
1298 1336 1322 1359 ὃς
1329 1336 1479 1366 patriciorum
1488 1344 1578 1361 mentes
1586 1340 1656 1363 etiam

884 1370 952 1394 atque
965 1365 1036 1387 etiam
1049 1364 1346 1397 abhorreteintelligebaut.
1364 1369 1432 1390 Nunc
1440 1376 1532 1398 agamus
1539 1370 1567 1393 de
1575 1378 1657 1394 nume—

883 1402 910 1418 ro
921 1396 1068 1423 senatorum,
1085 1397 1127 1427 qui
1137 1396 1335 1421 senatusconsulto
1348 1399 1482 1423 necessarius
1494 1400 1554 1424 effer.
1572 1402 1657 1433 dequo

886 1427 946 1450 nihil
960 1428 1073 1459 equidem
1087 1427 1198 1452 affirmare
1211 1430 1316 1460 poss'um:
1335 1437 1377 1453 nec
1390 1431 1469 1458 enirn,
1480 1439 1540 1463 quot
1553 1433 1619 1464 plane
1627 1434 1659 1457 le-

884 1465 974 1482 natores
988 1458 1059 1482 adesse
1072 1467 1204 1491 oporteret,
1216 1461 1317 1492 exptesse
1330 1461 1484 1492 fignificatum
1499 1464 1595 1487 invenio
1604 1474 1609 1487 ι
1618 1465 1657 1489 sed

887 1498 976 1514 certum
995 1498 1073 1514 tamen
1091 1499 1218 1516 numerum
1237 1493 1290 1524 lege
1303 1494 1441 1523 prefinitum
1455 1493 1534 1522 fuiffe,
1553 1497 1614 1523 Dio,
1632 1498 1658 1521 ὅ(

873 1522 963 1559 lFessus
976 1523 1097 1545 memoria:
1104 1523 1268 1554 prodiderunt.
1281 1526 1392 1555 equidem
1406 1525 1435 1548 de
1448 1526 1499 1557 ipio
1513 1534 1659 1558 quoquenu-

887 1561 954 1576 mero
962 1570 968 1580 ‚
986 1554 1180 1585 quandoquidem
1193 1556 1217 1578 in
1231 1555 1334 1579 obscuris
1343 1556 1410 1579 rebus
1421 1555 1478 1587 saepe
1484 1558 1615 1583 coniestura
1621 1561 1658 1584 lu-

888 1593 939 1609 cem
947 1586 1035 1613 attulit,
1052 1593 1102 1609 non
1118 1587 1177 1609 nihil
1186 1587 1270 1611 dicam.
1288 1587 1400 1611 Pedianus
1408 1588 1658 1622 incorneliana,quae

888 1625 936 1640 non
950 1617 1034 1644 exstat,
1050 1622 1236 1644 commentario,
1257 1620 1435 1643 ecorneliunz
1447 1620 1569 1645 tribucum
1582 1623 1658 1653 plebis

887 1656 936 1679 quo
953 1657 1013 1672 anno
1026 1651 1053 1672 C,
1064 1650 1204 1680 Calpurnius
1215 1650 1281 1677 Pis0,
1300 1654 1333 1674 M.
1342 1652 1534 1675 AciliusGlabtio
1541 1653 1658 1678 Consules

885 1680 993 1703 fuerunt:
1009 1681 1088 1711 legem
1107 1682 1138 1703 ait
1146 1681 1315 1712 promulgasse,
1334 1690 1365 1706 ne
1377 1683 1430 1713 quis
1442 1683 1468 1706 in
1477 1683 1555 1707 senatu
1567 1685 1659 1715 legibus

887 1711 1026 1737 solveretur,
1044 1710 1087 1734 nili
1095 1713 1145 1735 CC.
1153 1712 1278 1736 affuissent:
1297 1713 1656 1746 nevequis‚cumsolutusesset,

887 1743 1052 1769 intercederet,
1069 1750 1123 1766 cum
1140 1743 1169 1767 de
1185 1752 1209 1767 ea
1227 1751 1251 1767 re
1268 1744 1295 1768 ad
1310 1745 1426 1775 populum
1437 1745 1541 1770 ferretur.
1558 1755 1658 1780 eamque

884 1775 962 1806 legem
970 1792 976 1802 ,
994 1773 1034 1797 etsi
1045 1782 1087 1805 pro
1099 1773 1188 1799 senatus
1195 1776 1332 1800 authoritate
1338 1775 1406 1803 esset,
1424 1779 1589 1802 tameninvitis
1595 1782 1659 1812 opti-

884 1806 987 1830 matibus
998 1805 1042 1830 effe
1053 1807 1135 1834 latam,
1153 1808 1194 1839 qui
1207 1809 1243 1831 vel
1255 1809 1321 1840 patui
1337 1808 1528 1833 senatusconsulta
1539 1809 1614 1835 facere
1621 1811 1658 1835 so—

884 1838 974 1865 lebant,
992 1838 1056 1862 idem
1072 1839 1182 1862 Pedianus
1195 1839 1310 1864 adscribit.
1324 1840 1390 1872 quod
1400 1840 1416 1864 fi
1429 1840 1459 1864 de
1472 1842 1552 1873 aliquo
1563 1843 1656 1874 legibus

882 1869 997 1894 solvendo
1014 1868 1206 1894 senatusconsulta
1226 1872 1275 1895 fieri
1288 1870 1301 1894 a
1312 1873 1389 1902 paucis
1402 1871 1520 1900 solebant,
1536 1875 1655 1901 nimirum

884 1909 933 1926 non
953 1908 1005 1925 ante
1018 1901 1042 1925 id
1055 1908 1148 1933 tempus
1160 1904 1238 1934 legem
1249 1903 1314 1927 fuiffi:
1327 1904 1395 1927 latam
1409 1904 1437 1927 de
1452 1912 1552 1928 numero
1565 1906 1656 1931 senato-

882 1941 936 1956 rum
948 1934 990 1964 qui
1000 1932 1202 1957 senatusconsultis
1213 1934 1326 1958 faciundis
1338 1935 1434 1962 adeffet,
1451 1937 1600 1962 manifestum
1613 1939 1655 1964 est.

883 1972 936 1987 nam
947 1981 954 1991 ,
970 1964 986 1988 fi
999 1963 1116 1991 lataeffet,
1133 1973 1183 1988 non
1191 1966 1236 1989 hoc
1243 1966 1525 1998 senatusconsultigenus‚
1543 1977 1592 2000 quo
1600 1971 1655 2003 quis

882 1995 973 2027 legibus
985 1995 1124 2023 solveretur,
1141 1997 1277 2021 exclufisset:
1295 2005 1349 2021 cum
1361 1999 1387 2021 in
1400 1999 1445 2021 hoc
1457 2000 1654 2032 maximegenere

883 2028 949 2050 locus
965 2026 1018 2050 esset
1031 2028 1120 2057 gratiae,
1138 2027 1176 2051 sed
1190 2036 1254 2060 aeque
1267 2029 1294 2052 ad
1307 2031 1388 2052 omnia
1401 2029 1596 2057 senatusconlulta
1604 2033 1654 2065 spe-

883 2058 966 2083 staffet.
984 2066 1039 2090 ergo
1052 2060 1076 2082 &
1090 2060 1423 2091 tulitprirnusc.c01nelins:
1441 2062 1479 2089 δι,
1497 2071 1527 2086 ne
1534 2066 1654 2095 pauciora

881 2098 951 2121 quam
960 2093 1009 2114 CC.
1019 2089 1130 2117 adeffent,
1138 2091 1162 2114 in
1170 2099 1193 2115 ea
1201 2108 1208 2118 ,
1220 2099 1290 2122 quam
1297 2093 1364 2120 tulit,
1371 2094 1423 2123 lege
1433 2093 1515 2118 sanxit.
1525 2104 1566 2120 nec
1572 2104 1652 2123 tamen

880 2122 991 2146 Cornelia
999 2123 1036 2145 lex
1043 2130 1067 2146 ea
1075 2121 1127 2148 fuit,
1137 2124 1166 2146 de
1173 2131 1217 2154 qua
1226 2125 1248 2146 ὃ(
1259 2125 1313 2150 Dio,
1322 2125 1345 2148 &
1354 2125 1430 2148 Festus
1439 2126 1593 2151 tradiderunt:
1602 2129 1650 2154 hoec

881 2155 946 2178 enim
954 2155 981 2177 ad
988 2162 1013 2177 ea
1020 2161 1108 2178 tantum
1116 2153 1318 2182 senatusconsulta,
1326 2156 1411 2186 quibus
1417 2157 1520 2189 aliquem
1527 2158 1585 2183 solvi
1593 2161 1653 2192 legi-

881 2185 923 2209 bus
930 2186 1041 2217 placeret,
1055 2194 1079 2209 ea
1086 2193 1155 2213 vero,
1163 2194 1233 2217 quam
1242 2188 1277 2210 illi
1285 2187 1438 2218 significarunt
1446 2190 1485 2215 ‚ad
1494 2192 1573 2214 omnia
1582 2194 1653 2222 perti-

880 2219 939 2241 nuit.
954 2217 994 2240 nifi
1010 2217 1024 2240 si
1034 2234 1040 2244 ,
1059 2218 1124 2249 quod
1132 2219 1255 2242 Cornelius
1262 2219 1289 2242 de
1298 2227 1345 2242 uuo
1352 2226 1441 2243 tantum
1448 2224 1606 2252 generorum,
1624 2224 1650 2247 id

880 2256 938 2272 mox
948 2249 970 2272 in
978 2249 1090 2272 omnibus
1098 2249 1297 2274 senatusconsultis
1304 2251 1449 2274 observatum
1459 2253 1522 2278 velis.v
1531 2262 1554 2276 ut
1562 2255 1651 2277 l'enato-

881 2288 914 2303 res
928 2288 976 2304 non
990 2279 1069 2304 minus
1081 2284 1131 2304 CC.
1145 2281 1316 2314 adeffent.legis
1324 2284 1421 2314 quidem
1429 2284 1559 2307 leuatoium
1566 2293 1650 2309 nume-

880 2319 931 2335 rum
950 2312 1109 2336 communiter
1121 2313 1148 2336 ad
1162 2314 1242 2336 omnia
1249 2312 1441 2338 senatusconsulta
1454 2315 1569 2339 statuentis
1578 2333 1583 2342 ‚
1604 2317 1649 2341 sive

881 2344 1083 2370 Cormliafuerir,
1101 2344 1208 2372 fivealia,
1226 2348 1341 2370 rationem
1349 2346 1499 2370 ess'ehabitam
1509 2346 1652 2373 Consulibus

80 2369 116 2393 lio
135 2369 181 2400 jam
192 2368 356 2396 tecitavimu⁵2
373 2368 401 2392 ad
413 2370 548 2401 Oppianum
562 2370 657 2402 epistola
669 2373 760 2397 testatur
774 2376 852 2399 Varro.
878 2376 1050 2405 Marcelfinm&
1058 2375 1438 2408 Philippo,scribirDionzutlatam
1445 2378 1487 2403 esse
1494 2378 1580 2404 neceffe
1588 2380 1614 2403 lit
1621 2388 1651 2404 eo

1137 2411 1218 2433 sssss
1591 2418 1653 2442 tems

1617 121 1673 158 885
1710 125 1716 133 '
