2075 2734
351 118 1173 153 DeannutrrsrLenisnecem.
1233 121 1393 161 CAP.23.
1607 125 1660 166 '511

68 171 199 212 rempubl.
215 180 261 201 eos
275 171 412 200 induxisse.
450 171 485 199 Et
501 169 515 200 ὲ
527 178 626 209 genere
639 168 787 206 quaerendi,
807 166 935 210 qtmstqres
951 169 1028 197 initio
1042 170 1144 203 dictos,
1165 169 1286 207 Junius,
1305 172 1347 206 Θ
1362 172 1510 206 Trebatius,
1532 176 1567 212 ὠν
1580 182 1658 208 Fene-

57 214 137 254 stella
148 211 274 240 scribunt.
294 213 359 239 Haec
373 208 503 244 Ulpianus.
530 211 553 237 A
566 206 658 245 quibus
674 213 766 234 tamen
780 205 904 234 nonnihil
919 207 1068 244 discrepant
1084 218 1128 240 ca,
1150 218 1207 246 quae
1222 212 1321 239 Cornel.
1335 211 1438 240 Tacitus
1451 214 1542 244 scribit
1557 217 1585 244 in
1599 220 1656 247 An.

64 251 176 282 nalibus.
195 249 345 277 Plutarchus
359 249 387 277 in
394 246 542 285 Poplicola,
563 254 657 273 eorum
672 245 792 282 primam
809 245 1005 273 institutionem
1022 246 1052 273 ad
1069 251 1101 272 P.
1113 247 1241 276 Valerium
1257 249 1405 283 Poplicolam
1415 252 1654 292 refert‚inquiens:

64 293 96 320 P.
103 289 261 320 Valerium,
282 297 344 316 cum
359 286 463 314 Saturni
477 286 563 312 aedem
579 284 699 323 aerarium
713 282 907 323 constituisset,
927 284 1029 320 populo
1046 286 1197 313 conceffiffe
1210 308 1215 317 ,
1238 294 1267 315 ut
1280 287 1406 326 questores
1413 291 1478 318 ”duos
1493 301 1583 320 creare
1595 294 1656 330 pos-

64 328 118 358 stt:
136 325 289 364 creatusque
302 326 406 362 primos
420 323 471 351 effe
487 325 669 351 P.Vetur1um,
689 320 730 354 ξς
744 326 783 349 Μ.
798 325 955 353 fistulatum,
977 324 1003 350 δε
1017 324 1159 358 pecuniam
1177 324 1291 353 multam
1309 327 1428 355 coaciam
1438 350 1446 361 ,
1456 331 1508 358 &c.
1529 332 1654 361 Haecffle,

65 368 132 395 Erat
146 373 236 394 autem
246 363 365 403 questura
379 363 481 400 primus
497 359 660 399 magistratus
674 359 783 387 urbanus
797 380 805 391 ,
823 359 869 396 qui
882 359 1022 394 petebatur
1035 381 1043 392 ‚
1063 361 1204 398 postquam
1220 364 1278 399 quis
1290 375 1316 392 x.
1330 374 1416 394 annua
1433 367 1561 404 stipendia
1575 369 1650 399 fecifi

63 405 119 437 stt,
139 414 195 432 non
208 411 269 431 ante
284 410 383 429 annum
399 401 480 428 aetatis
493 409 561 428 xxv¹
572 410 593 426 1.
613 399 663 426 Sed
671 398 907 438 vigefinio'tamen
920 397 1037 433 septimo
1052 400 1077 426 δε
1087 398 1255 436 sequentibus
1269 403 1446 439 petipoterat.
1467 405 1650 443 Ac,pri1num

63 444 176 481 quidem
191 438 360 476 &patria-125,
381 438 499 466 comitiis
511 438 617 465 curiatis
630 458 637 469 ‚
658 445 687 464 ut
701 446 734 464 ex
748 440 821 463 Lamo
833 435 878 463 lib.
891 447 903 474 3
914 445 936 463 1.
951 437 977 464 ὃς
993 436 1126 463 Plutarcho
1139 437 1309 467 manifestum
1325 442 1360 468 cst
1376 463 1382 473 ,
1404 443 1560 472 creabantur
1574 456 1578 473 :
1600 455 1651 483 po-

63 483 117 509 stea
132 490 197 509 vero
211 488 272 507 cum
287 476 390 505 duobus
402 476 535 513 prioribus
548 476 591 503 alii
605 476 658 503 duo
673 475 850 511 adjicerentur
863 484 869 501 t
890 474 935 511 qui
953 474 1065 508 Conficles
1080 475 1107 502 in
1123 474 1222 502 bellum
1241 485 1332 506 euntes
1348 478 1519 517 sequerentur
1533 504 1540 514 ,
1561 484 1650 522 eisque

63 520 97 548 ad
112 517 255 547 ministeria
266 515 328 543 belli
341 516 434 552 praesso
449 514 547 546 ess'ent,
567 514 600 542 de
615 513 707 551 quibus
722 514 779 550 post
793 512 881 540 dicam
892 523 900 539 ·.
920 511 934 539 zi
947 511 1023 550 plebe
1037 512 1180 553 obtentum
1196 513 1231 540 est
1245 534 1252 544 ‚
1273 524 1301 543 ut
1318 525 1376 551 pars
1392 529 1423 546 ex
1432 519 1548 553 patriciis
1561 543 1569 554 ‚
1590 532 1652 559 pars

62 567 97 586 ex
107 556 174 591 plebe
187 553 291 582 comitiis
310 552 414 581 mbun's
428 561 562 581 crearetur
575 573 582 584 ‚
603 561 719 588 quorum
734 551 862 592 posterius
876 561 909 579 ex
923 550 1031 587 epistola
1046 551 1128 579 etiam
1144 554 1199 578 Clc.
1216 552 1249 579 ad
1263 554 1376 582 Curium
1390 576 1398 588 ‚
1429 558 1503 594 cujus
1518 560 1627 589 initium
1642 572 1648 589 :

61 599 114 633 Ego
125 604 183 621 vero
197 594 288 627 tejam
301 601 345 619 nec
357 592 441 619 hortor
451 613 458 623 ,
476 590 538 624 &a
558 590 713 628 intelligitur
726 601 732 618 ;
753 589 798 618 ubi
811 593 862 616 th.
876 588 921 617 lib.
937 600 960 625 7.
981 589 1013 617 ad
1025 589 1118 618 Famil.
1131 590 1204 626 epist.
1223 600 1265 627 30.
1284 591 1373 620 scribit
1386 604 1391 620 :
1416 595 1447 621 In
1462 606 1560 635 campo
1573 607 1647 628 certe

59 643 117 661 non
130 631 215 663 fuisti,
235 640 298 658 cum
311 629 419 657 comitiis
431 628 566 668 questoris}
578 629 718 661 institutis,
732 630 783 658 ὅξο-
803 627 938 665 subjungit
952 628 1040 656 enim:
1060 628 1103 655 Ille
1115 636 1203 656 autem
1216 629 1262 668 qui
1277 629 1384 658 comitiis
1397 631 1497 661 tributio·
1510 636 1649 671 auspicatus

59 670 134 709 effer,
153 668 297 697 centuriata
308 667 410 700 habuit,
431 668 488 702 &a

100 707 189 744 Officia
201 706 321 747 quaestortr's
336 705 427 734 urbani
443 706 550 735 fuerunt
560 706 632 734 varia
646 727 653 738 ,
673 715 706 734 ex
719 705 813 743 quibus
825 704 881 733 haec
893 704 949 732 fere
962 704 1022 734 sunt
1034 704 1165 742 praecipua
1177 716 1183 732 ι
1203 715 1289 733 curam
1297 716 1385 744 gerere
1398 709 1479 736 erarii
1494 732 1500 742 ,
1523 714 1548 741 δε
1564 714 1647 741 veffl-

59 747 160 785 galium
176 746 268 782 populi
283 746 368 773 Rom.
382 746 524 781 pecuniam
536 744 656 780 publice,
677 743 718 772 vel
730 745 856 781 privatim
875 743 1063 781 erogare‚rvel
1077 745 1104 770 in
1118 745 1236 771 cerarium
1254 746 1371 773 condere
1384 768 1391 778 ‚
1412 755 1491 785 atque
1504 750 1530 777 in
1545 750 1645 779 tabulas

60 785 164 821 accepti
177 786 204 812 δε
219 782 325 820 expenfi
339 783 451 817 referret
471 792 534 810 cum
549 783 679 811 exercitus
693 781 784 813 scribi,
806 785 832 811 ἃ
847 782 874 809 in
889 790 1016 819 campum
1029 782 1148 820 legiones
1162 783 1223 811 duci
1231 791 1381 819 oporteret,
1403 785 1475 823 ligna
1482 788 1605 816 militaria
1614 799 1647 819 ex

61 824 154 852 aerario
168 823 330 859 depromere
341 840 350 851 .
369 828 449 858 atque
463 821 496 848 ad
512 821 630 856 Conficles
648 821 676 847 in
691 821 891 857 expeditionem
909 820 993 848 ituros
1015 821 1125 849 mittere
1139 831 1144 847 :
1166 820 1258 859 legatis
1274 831 1305 849 ex
1320 823 1422 851 ultimis
1440 825 1493 853 oris
1513 834 1645 856 terrarum

59 863 183 890 Romam
198 860 324 896 profectis
336 880 344 891 ,
363 859 500 895 publicum
515 858 661 894 hospitium
675 868 766 887 curare
779 879 786 890 ‚
808 861 835 887 &
850 868 962 886 munera
976 858 1040 895 sape
1053 867 1222 887 commeatus
1237 881 1244 892 ‚
1265 860 1338 897 large
1359 864 1384 890 δε
1401 861 1564 898 hospitaliter
1581 885 1590 896 ,
1618 868 1646 894 &

58 900 220 928 vestimenta
232 898 339 934 publico
351 898 464 925 nomine
478 896 616 928 exhibere,
638 906 668 924 ac
682 906 716 924 ne
729 897 793 935 quid
807 897 866 933 ipsis
881 906 1030 934 eorumque
1043 897 1188 926 comitibus
1202 899 1313 930 deess'et,
1331 899 1496 936 prospicere:
1517 909 1647 939 aegrotan-

57 939 128 966 tium
141 937 292 974 legatorum
307 936 513 973 peregrinorum
524 944 616 962 curam
632 934 775 972 suscipere,
797 935 961 972 mortuisque
974 934 1052 963 funus
1067 934 1081 963 ἐ
1094 936 1200 973 publico
1215 936 1309 964 facere.
1340 939 1417 974 Apud
1432 938 1555 977 quaestores
1572 940 1647 968 urlm.

56 986 116 1008 ms,
137 976 317 1011 Imperatores
332 973 363 1001 ab
378 973 548 1010 expeditione
561 973 715 1004 redeuntes,
736 983 767 1001 ac
776 973 945 1010 triumphum
961 981 1097 1009 fetentes,
1117 974 1205 1010 jurare
1222 974 1398 1012 cogebantur.
1419 987 1481 1005 vere
1496 977 1570 1006 fuisse
1584 978 1647 1007 scri-

57 1020 137 1050 ptum
151 1013 183 1041 ad
195 1012 318 1041 senatum
331 1012 366 1040 de
376 1011 492 1040 hostiurn
506 1010 656 1039 occisorum
665 1032 672 1043 ‚
694 1012 829 1040 &civium
843 1011 999 1039 amissorum
1014 1020 1144 1043 numero,
1165 1012 1265 1049 alioqui
1278 1013 1430 1050 triumphus
1447 1016 1473 1043 ei
1489 1016 1644 1053 negabatur.

57 1052 101 1080 Ad
116 1060 211 1079 eorum
225 1051 308 1079 etiam
323 1059 419 1078 munus
432 1049 583 1086 pertinebat
596 1069 606 1080 ,
624 1050 741 1086 praedam
756 1060 788 1077 ex
804 1050 920 1078 hostibus
936 1057 1042 1086 captam
1059 1050 1175 1077 vendere
1187 1071 1195 1082 ‚
1215 1051 1411 1089 pecuniamque
1427 1054 1490 1082 inde
1506 1055 1644 1084 redadtam

57 1090 87 1118 in
96 1090 217 1118 aerarium
230 1089 344 1117 referre:
365 1089 474 1117 tandem
490 1087 614 1116 transsata
625 1090 708 1116 etiam
722 1089 754 1115 ad
769 1098 815 1116 eos
828 1089 865 1116 est
878 1097 940 1116 cura
952 1088 1167 1115 affervandorum
1181 1089 1447 1124 finatustonfialtorum
1461 1113 1468 1124 ,
1488 1102 1550 1120 cum
1567 1101 1646 1122 antea

58 1127 230 1156 tribunorum
245 1128 341 1165 plebis,
361 1129 388 1156 ὃς
402 1125 520 1155 aedilium
533 1126 561 1154 id
576 1135 674 1153 munus
688 1126 788 1154 fuisset:
809 1126 974 1155 Plutarchus,
992 1125 1096 1158 Livius,
1118 1125 1199 1154 Valer.
1214 1126 1349 1154 Maximus
1362 1128 1406 1157 lib.
1420 1140 1445 1158 2.
1458 1139 1515 1167 cap.
1530 1132 1557 1160 8.
1577 1131 1642 1165 Dio,

57 1165 171 1204 Agellius
183 1166 229 1194 lib.
241 1177 283 1204 ¹3·
297 1174 354 1201 cap.
372 1175 413 1203 13.
431 1168 457 1194 ὃς
472 1164 524 1192 alii.
544 1164 595 1192 Sed
610 1164 712 1192 nullum
727 1165 874 1201 imperium
887 1164 1018 1192 habebant
1035 1163 1063 1192 hi
1079 1163 1204 1202 quaestores
1217 1185 1225 1197 ‚
1245 1174 1301 1192 non
1317 1167 1484 1196 vocationem
1494 1190 1501 1201 ‚
1523 1179 1573 1198 nec
1585 1180 1645 1208 pre-

56 1203 213 1232 henfionem
223 1226 230 1236 ,
250 1214 306 1232 non
319 1202 380 1231 sella
394 1204 491 1233 curuli,
513 1210 542 1230 ut
556 1203 675 1239 plerique
688 1202 866 1240 magistratus.
889 1211 976 1239 neque
989 1202 1125 1229 HEtoribus
1137 1208 1182 1230 aut
1195 1202 1339 1231 viatoribus
1353 1205 1508 1238 utebantur,
1530 1209 1555 1235 δε
1572 1208 1643 1244 apud

51 1250 181 1276 pretorem
195 1249 319 1277 poterant
333 1241 346 1268 a
359 1241 465 1277 privato
478 1241 505 1267 in
518 1241 561 1276 jus
577 1241 674 1267 vocari.
694 1240 881 1268 Convocandae
894 1248 986 1268 tamen
999 1241 1136 1267 concionis
1149 1240 1192 1276 jus
1206 1240 1335 1269 habebant
1349 1262 1356 1273 ,
1377 1250 1406 1270 ut
1421 1242 1554 1281 Dionysius
1567 1245 1644 1272 Hali-

57 1277 164 1316 carnaff}
179 1279 225 1306 lib.
239 1282 264 1308 8.
279 1280 368 1306 docet.
406 1279 466 1305 Post
480 1278 651 1306 constitutam
666 1285 755 1306 autem
771 1280 869 1305 Romae
882 1277 1066 1305 monarchiam
1081 1298 1090 1310 ,
1108 1278 1231 1316 quaestura
1248 1277 1314 1314 saepe
1328 1279 1453 1317 abrogata
1467 1302 1475 1313 ‚
1496 1284 1522 1310 ὅς
1536 1282 1651 1312 rursum‘

58 1317 176 1344 instituta
188 1316 253 1349 fuit,
274 1325 303 1345 ut
317 1326 349 1344 ex
363 1314 479 1343 Suetonio
489 1315 530 1348 (ς’
544 1315 632 1343 Tacito
645 1315 781 1345 discimus.
802 1316 854 1343 Sub
863 1315 1071 1352 Imperatoribus
1079 1317 1201 1353 Augustis
1215 1318 1297 1352 coepit
1310 1317 1384 1344 aliud
1388 1329 1470 1356 genus
1483 1318 1641 1358 quaestorum,

57 1356 104 1392 qui
117 1354 273 1384 dicebantur
286 1352 413 1394 questores
424 1352 571 1381 candidati:
591 1363 685 1381 eorum
700 1354 822 1382 officium
838 1362 893 1382 erat
906 1354 1003 1384 libros,
1022 1353 1075 1381 hoc
1089 1355 1125 1381 est
1140 1375 1147 1385 ‚
1168 1354 1303 1390 epistolas,
1324 1355 1378 1383 five
1391 1358 1526 1386 orationes
1541 1359 1642 1387 Princi-

55 1394 96 1429 pis
109 1392 137 1420 in
150 1392 240 1421 senatu
253 1393 350 1431 legere.
390 1391 526 1426 Ulpianus,
545 1392 624 1419 AElius
639 1391 816 1427 Lampridius,
837 1394 888 1420 Dio
901 1392 942 1425 ἐς·
957 1394 1069 1419 Tacitus.
1106 1393 1148 1420 De
1160 1392 1201 1420 his
1215 1393 1275 1421 vide
1289 1393 1370 1422 etiam
1387 1394 1533 1424 Bnrnabam
1548 1396 1641 1436 Brtffo-

55 1440 128 1460 ntum
140 1431 185 1459 lib.
199 1442 220 1459 i.
237 1431 452 1469 Antiquitatum,
473 1429 559 1466 capite
576 1439 616 1467 ¹7·

697 1500 721 1526 C
748 1509 765 1526 A
793 1510 817 1527 r.
857 1500 993 1527 XXIII.

608 1558 663 1591 De
686 1555 817 1592 tribunis
833 1556 935 1607 plebis
960 1557 1071 1593 decem.

61 1626 207 1687 Multas
220 1628 247 1656 in
259 1627 392 1665 republica
406 1628 531 1655 Romana
545 1627 619 1656 dedit
633 1628 721 1656 turbas
736 1629 821 1657 nimia
834 1629 1018 1664 foeneratorum
1039 1630 1067 1657 in
1081 1638 1181 1667 egenos
1197 1631 1223 1658 ἃ
1237 1628 1368 1659 obaeratos
1381 1630 1522 1660 crudelitas
1534 1653 1540 1664 ,
1564 1634 1637 1670 quod

157 1666 326 1694 manifestum
343 1667 379 1693 est
392 1665 518 1693 omnibus
532 1666 578 1697 iis,
600 1667 646 1702 qui
660 1667 800 1704 diligenter
817 1669 954 1695 Romanas
969 1667 1088 1695 historias
1101 1669 1209 1706 legunt,
1229 1676 1259 1696 ut
1273 1678 1328 1695 non
1342 1669 1445 1696 necesse
1457 1670 1490 1697 fit
1503 1669 1589 1698 multa
1603 1672 1637 1700 de

58 1710 88 1729 ea
100 1712 129 1730 re
143 1702 193 1731 hoc
206 1705 267 1732 loco
281 1704 361 1731 verba
375 1703 472 1731 facere.
491 1703 558 1730 Illud
574 1712 680 1732 tantum
693 1704 749 1740 jam
763 1705 899 1732 ostendam
909 1706 1036 1737 ‚eandem
1051 1707 1235 1734 crudelitatem
1249 1707 1331 1733 etiam
1346 1706 1449 1733 caulam
1461 1707 1535 1735 fuiffe
1546 1717 1638 1736 crean-

55 1740 156 1769 dorum
169 1741 325 1769 tribunorum
334 1741 422 1776 plebis.
442 1742 513 1768 Cum
528 1741 600 1768 enim
610 1762 616 1772 ‚
636 1750 666 1770 ut
678 1743 777 1770 docent
789 1741 917 1781 Dionysius
931 1743 1000 1772 libro
1015 1747 1043 1771 6.
1056 1743 1147 1772 Livius
1159 1744 1202 1772 lib.
1220 1754 1244 1770 2.
1258 1746 1283 1771 ὃς
1298 1745 1340 1771 alii
1354 1764 1361 1775 ‚
1381 1745 1500 1772 Romani
1510 1746 1568 1782 post
1583 1747 1637 1782 eje-

59 1779 117 1806 ἂος
131 1780 220 1816 Reges
236 1780 369 1808 continuis
382 1779 455 1806 bellis
471 1787 629 1807 vexarentur
642 1789 690 1816 per
704 1780 805 1808 multos
818 1790 901 1808 annos
915 1803 922 1814 ‚
943 1782 1051 1818 plurimi
1065 1803 1072 1814 ‚
1093 1782 1185 1819 quibus
1198 1781 1282 1809 tenuis
1301 1791 1342 1808 res
1356 1789 1411 1809 erat
1426 1803 1433 1814 ,
1455 1784 1636 1820 cogebantur,

56 1824 116 1845 tum
130 1826 241 1853 propter
260 1819 398 1845 continuas
412 1815 467 1844 illas
480 1817 663 1853 expeditiones
678 1838 685 1849 ,
711 1826 771 1846 turn
785 1827 897 1856 propter
912 1821 1011 1849 tributa
1024 1841 1032 1853 ,
1052 1821 1154 1857 aliaque
1166 1829 1247 1847 onera
1260 1839 1267 1850 ‚
1276 1822 1388 1847 'nomina
1402 1819 1485 1855 facere
1500 1833 1508 1847 :
1535 1822 1632 1851 reverfi

55 1862 146 1883 autem
162 1865 194 1884 ex
207 1855 280 1883 bellis
293 1857 407 1883 domum
422 1875 430 1887 ,
450 1863 513 1882 cum
527 1854 655 1883 solvendo
669 1865 724 1884 non
738 1855 820 1885 effent
835 1878 842 1888 ‚
863 1856 876 1884 a
890 1858 1065 1886 creditoribus
1084 1858 1166 1886 vinffi
1186 1859 1213 1885 in
1226 1856 1363 1884 servitium
1383 1858 1547 1886 ducebantur
1560 1881 1568 1892 ‚
1589 1860 1635 1889 ubi

54 1893 152 1920 misere
165 1893 196 1920 ab
210 1893 303 1921 iisdem
319 1893 506 1922 tractabantur.
527 1893 577 1920 His
591 1893 704 1922 miseriis
718 1904 792 1923 mota
807 1894 882 1932 plebs
897 1896 1038 1933 aliquoties
1050 1897 1157 1932 petebat
1170 1916 1178 1927 ‚
1199 1895 1225 1921 se
1238 1893 1289 1921 illis
1301 1894 1430 1922 lublevari
1445 1906 1450 1923 :
1480 1897 1634 1926 minabatur

55 1933 136 1959 etiam
146 1953 154 1964 ,
174 1932 222 1959 nisi
234 1932 394 1959 levationem
403 1952 410 1964 ‚
431 1932 472 1959 vel
481 1931 663 1959 remissionem
678 1933 833 1961 debitorum
846 1935 1017 1970 impetraret,
1037 1943 1092 1960 non
1106 1934 1229 1960 daturam
1243 1933 1355 1972 nomina
1370 1933 1402 1960 ad
1414 1935 1632 1970 expeditionem,

55 1969 129 2006 quod
139 1970 259 2006 primum
274 1979 344 1997 anno
355 1970 387 1997 ab
403 1970 477 1997 Urbe
491 1969 600 1997 condita
614 1979 689 1998 chv.
705 1971 776 1998 Coss‘.
797 1970 855 1999 Tito
867 1970 954 1998 Lartio
968 1971 1062 2000 Flavo,
1083 1973 1109 1999 δε
1125 1969 1262 2008 QCloelto
1275 1970 1355 1996 Ssculo
1372 1970 1474 2000 faitum
1489 1973 1541 2001 effe
1552 1973 1633 2004 habet

52 2007 195 2046 Dimgvfius.
234 2007 351 2035 Delinita
370 2016 461 2035 tamen
479 2016 586 2044 patrum
607 2007 841 2045 pollicitationibus
859 2009 948 2044 plebs,
968 2009 1033 2044 saepe
1052 2009 1086 2035 de
1104 2007 1150 2034 suo
1171 2007 1275 2035 fervore
1293 2009 1468 2043 remittebat,
1498 2013 1526 2040 δε
1545 2013 1632 2050 impe.

53 2053 111 2073 rata
131 2046 249 2074 faciebat.
290 2047 361 2073 Cum
382 2054 472 2074 autern
491 2054 579 2083 patres
591 2066 599 2078 ,
620 2046 709 2074 secum
729 2046 775 2083 ipfi
794 2047 946 2074 diffidentes
958 2066 966 2077 ‚
987 2046 1065 2074 nullis
1086 2055 1233 2083 egenorum
1252 2046 1365 2082 querelis
1384 2057 1581 2086 moverentur,
1601 2059 1638 2080 ut,

52 2083 173 2120 ipsorum
186 2093 277 2112 curam
291 2083 450 2116 habuissent,
470 2094 511 2112 res
522 2085 630 2113 tandem
645 2085 677 2112 ad
691 2084 851 2112 seditionem
866 2085 940 2113 venit
953 2105 961 2115 ‚
981 2085 1017 2112 ita
1029 2092 1059 2113 ut
1072 2093 1134 2113 cum
1149 2093 1219 2111 anno
1231 2083 1312 2113 Urbis
1326 2086 1439 2115 conditae
1453 2090 1627 2123 ch1rx2-Coss]

51 2125 94 2148 A.
108 2121 221 2160 Virginio
234 2120 338 2159 Tricosto
351 2122 542 2155 Calimontano,
563 2127 593 2150 T.
613 2122 720 2162 Vetusto.
742 2122 784 2151 vel
793 2125 905 2152 Vetusto,
926 2121 1031 2149 Gemino
1042 2121 1173 2155 Cicurino,
1193 2122 1291 2156 bellum
1305 2132 1369 2151 cum
1384 2124 1487 2153 Volscis
1501 2128 1526 2154 ἃ
1535 2128 1629 2165 AEquis

51 2161 116 2188 esset
129 2181 136 2192 ‚
162 2161 234 2197 plebs
254 2160 364 2187 authore
382 2159 456 2187 Siccio
475 2163 502 2189 ὃς
521 2171 553 2189 ex
574 2162 678 2194 castris,
700 2164 726 2190 δε
746 2171 778 2189 ex
800 2160 872 2189 Urbe
892 2162 920 2189 in
938 2169 1064 2189 montem
1085 2160 1152 2188 Urbi
1174 2162 1292 2189 vicinum
1306 2181 1314 2193 ,
1335 2163 1380 2199 qui
1398 2164 1488 2199 postea
1498 2165 1570 2198 finer
1589 2167 1629 2194 di-

53 2198 112 2226 &us
126 2198 192 2231 fuit,
214 2198 358 2230 secefferit‚
380 2199 407 2227 ὃ(
418 2208 473 2226 non
487 2200 560 2235 prius
573 2200 635 2227 inde
650 2200 769 2228 revocari
783 2199 915 2236 potuerit,
935 2208 1014 2236 quam
1028 2206 1116 2237 patres
1131 2209 1179 2236 per
1191 2200 1292 2237 legatos
1304 2199 1375 2236 plebi
1390 2201 1542 2230 debitorum
1558 2204 1628 2232 leva.

49 2237 172 2268 tionem,
193 2239 219 2265 ὃ(
233 2245 365 2264 nexorum
384 2236 544 2265 solutionem
564 2238 715 2267 obtulissent
728 2259 736 2269 ‚
755 2239 832 2275 eique
851 2236 955 2273 insuper
972 2236 1131 2265 tribunatum
1146 2237 1223 2273 plebis
1235 2257 1243 2267 ‚
1272 2239 1346 2275 cujus
1365 2241 1542 2269 constituendi
1563 2250 1626 2270 tunc

50 2276 173 2312 primum
192 2275 261 2303 sadra
280 2276 316 2303 est
335 2275 460 2302 mentio:
486 2276 553 2303 item
571 2277 650 2304 addes
661 2276 738 2312 plebis
757 2278 964 2313 permittentes:
991 2285 1046 2313 quo
1065 2276 1138 2304 faeto
1155 2276 1253 2305 sublata
1273 2277 1309 2304 est
1328 2277 1457 2306 discordia
1472 2298 1481 2308 ,
1508 2283 1533 2308 ὃ(
1553 2280 1629 2315 plebs

51 2314 80 2341 in
94 2315 198 2342 Urbem
212 2314 290 2342 rediit
305 2324 310 2340 τ
339 2313 473 2350 creatique
488 2314 607 2349 primum
620 2315 715 2342 tribum
724 2314 799 2350 plebia
812 2313 923 2353 quinque
936 2323 1007 2342 anno
1029 2314 1060 2342 ab
1075 2315 1148 2343 Urbe
1167 2316 1276 2343 condita
1294 2325 1372 2344 ceux.
1390 2321 1434 2351 Sp.
1448 2316 1529 2352 Gaffio
1541 2317 1628 2353 {sisi-elm

49 2350 102 2379 lino
124 2362 164 2380 11.
184 2353 244 2380 Aul.
268 2350 407 2389 Posthumio
426 2355 547 2378 Aurunco
571 2362 611 2379 11.
638 2354 708 2381 Coss'.
735 2356 780 2390 qui
798 2352 892 2380 tribum
911 2352 979 2385 dieti
994 2352 1102 2382 fuerunt
1114 2374 1123 2386 ,
1156 2362 1185 2382 ut
1205 2355 1283 2382 docet
1306 2358 1384 2382 Varro
1403 2354 1447 2383 lib.
1466 2365 1492 2390 4.
1512 2356 1545 2383 de
1564 2356 1629 2393 ling,

51 2389 109 2418 Lat·
120 2391 192 2428 quod
205 2391 288 2429 primi
301 2400 333 2419 ex
345 2388 455 2417 tribunis
469 2389 581 2418 militum
596 2393 678 2420 creati
693 2391 811 2420 fuerunt.
848 2391 952 2419 Eorum
966 2392 1091 2424 nomina,
1112 2393 1151 2422 uti
1163 2392 1280 2422 recenset
1294 2394 1395 2432 Dmvgyfi
1414 2393 1460 2421 lib.
1475 2396 1500 2422 6.
1521 2393 1628 2461 fuehrunt

1575 2442 1611 2461 aec
