2075 2734
365 119 421 153 852
815 110 1060 139 ΡΛυιι

364 162 441 187 liranis
449 179 454 189 ,
468 163 493 184 de
499 160 705 185 „Alexandrinarum
714 158 844 190 pulsatione
851 159 981 183 ruteolana.
988 157 1054 190 quod
1062 157 1142 182 attine—

365 195 404 218 bat
411 192 438 217 ad
447 192 659 217 Alexandrinorum
667 192 822 222 pulsationem
831 208 837 217 ‚
852 197 888 213 aut
896 190 922 213 ad
930 197 1047 213 venenum
1055 206 1062 217 ‚
1073 190 1139 221 quod

365 226 459 250 Clodia*
467 224 572 248 iiecandae
579 224 642 246 causa
650 229 752 253 paratum
759 221 803 246 esse
810 221 917 254 arguebat
924 222 1047 248 accusator,
1056 221 1140 251 quibus

366 259 391 281 in
400 257 540 281 criminibus
549 263 597 279 tion
606 253 703 285 publica,
712 254 750 278 sed
759 255 841 285 privata
850 261 884 277 res
890 253 1006 282 agebatur,
1016 252 1140 284 postulatus

366 287 421 312 esset
429 289 520 312 Coelius
529 288 580 318 lege
588 286 721 312 Housman
730 286 823 309 Ltitaria:
831 284 868 309 sed
875 293 930 309 cuin
938 285 1007 308 simul
1014 286 1103 308 crimen
1111 285 1140 307 de

366 321 483 345 seditione
492 319 642 349 Neapolitana
655 317 849 348 conjungeretur,
865 324 915 348 qux
922 317 949 340 ad
962 318 1091 348 imperinm
1098 316 1137 339 sta-

368 359 468 383 tumque
474 350 605 380 reipublicae
613 348 749 380 pertinebat,
757 355 879 381 propterea
886 349 937 380 lege
944 350 1031 372 Lutatia
1039 347 1071 371 est
1077 355 1139 371 accu-

368 383 436 408 satuS.
449 389 516 413 :itque
523 381 580 404 lianc
587 381 685 411 quidem
695 387 781 411 partem
787 380 855 404 causa:
863 383 898 404 M.
906 379 997 404 Crassus
1003 380 1062 411 egit:
1073 380 1138 403 illam

369 416 399 438 dc
408 421 500 437 veneno
509 413 600 436 Clodiae
608 414 660 436 dato
671 412 770 435 libenter
778 413 863 435 Cicero
877 410 975 443 suscepit
982 429 988 439 ,
1002 411 1137 435 inimicitia

369 454 422 470 rum
429 445 499 469 causa.
514 443 552 468 sed
561 444 692 475 principem
699 444 779 467 locum
786 443 851 467 dedit
858 442 979 470 accusator,
993 450 1041 474 quo
1049 443 1139 474 gravius

369 484 436 501 reum
449 476 607 508 opprimeret,
619 475 777 499 seditionibus
791 479 838 499 Nea
857 475 959 499 olitanis.
972 475 1076 506 ideoque
1088 475 1139 505 lege

369 509 460 532 Lutatia
468 507 585 534 accusavit,
592 514 646 531 cum
653 514 740 535 tamen,
749 513 827 537 praeter
843 507 960 530 editiones
970 507 1140 537 Neapolitanas,

371 541 412 564 alia
421 540 519 564 crimina
526 539 636 568 obiiceret
645 555 650 565 ,
669 540 721 570 lege
727 539 800 562 Plotia
808 556 814 566 ,
828 546 876 562 non
884 539 972 562 Lutatia
981 555 987 565 ,
994 538 1140 561 vindicanda.

370 580 426 596 nam
434 589 440 597 ,
454 571 574 594 damnatos
581 570 625 594 esse
632 577 683 593 reos
689 571 741 594 aliis
747 570 885 593 criminibus
895 588 900 596 ,
916 577 939 593 ac
947 569 1037 600 iegibus
1045 586 1051 596 ,
1070 577 1139 601 quain

369 611 419 634 quo
428 602 574 632 potissimum
580 603 681 626 crimine
689 619 694 629 ‚
708 609 801 633 quaque
809 601 954 633 poiiffimum
968 602 1019 632 lege
1028 600 1099 625 essent
1106 608 1137 624 ac-

369 634 575 665 cusatncolii‘gitm
582 641 611 657 ex
619 635 724 657 oratione
733 641 774 666 pro
780 634 899 656 cluentio.
911 640 957 656 erat
968 634 1039 664 igitur
1047 634 1141 664 utrique

369 668 417 698 legi
426 667 490 689 locus
497 666 582 689 eodem
591 672 699 697 tempore
706 666 730 689 in
739 665 843 689 civitate:
852 665 969 696 quia,cum
976 664 1063 691 diversa
1070 664 1140 688 essent

369 699 400 722 de
408 698 498 728 publica
505 698 528 721 vi
536 698 643 724 crimina,
656 697 748 721 diversis
755 697 825 720 etiam
833 698 904 728 quari
911 696 1002 726 legibus
1010 696 1140 727 oportebat.

369 730 421 754 1⁷0st
429 729 544 753 Lutatiam
551 728 686 752 Consularis
693 729 802 759 Pompeia
808 729 860 754 fuit,
869 727 881 751 “a
887 729 1049 759 Cn.1’ompeio
1056 730 1144 758 Magno

369 764 410 785 ΙΙΙ.
419 761 522 785 Consule
530 760 579 792 post
586 759 689 784 occisum
696 761 812 784 Clodium
820 761 874 783 lata:
886 767 937 790 qua-
951 761 975 782 &
983 767 1077 790 poenam
1092 767 1140 790 gra-

371 795 474 821 viorem,
482 800 553 824 quarn
561 793 656 824 reliqua:
663 791 692 815 de
699 793 721 815 vi
729 791 857 823 superiores
863 792 935 821 leges,
942 792 965 814 ἃ
973 790 1074 814 formam
1082 791 1141 819 judi>

371 826 466 848 ciorum
475 823 608 847 breviorem
614 823 755 847 continebat.
771 822 861 851 jubebat
868 824 933 845 enim
942 839 947 849 ,
956 829 979 845 ut
988 823 1050 853 prius
1057 839 1063 849 ‚
1071 830 1141 853 quam

371 856 435 880 causa
443 851 545 887 agerettir
552 871 559 881 ,
572 855 707 878 citatitestes
714 862 754 886 per
761 854 866 878 triduum
873 854 1018 877 audirentur:
1037 854 1097 877 dieta
1103 862 1143 878 eo-

372 895 426 911 rum
442 887 528 916 judices
540 886 712 917 consignarent:
726 893 803 917 quarta
816 887 855 910 die
867 885 939 909 adesse
947 893 1032 909 omnes
1044 887 1068 909 in
1076 886 1141 910 diem

369 920 489 950 posterum
497 918 628 948 juberentur
637 935 642 945 ,
651 919 673 941 ὅ(
681 926 759 942 coram
767 917 893 941 accusatore
900 924 923 939 ac
930 925 971 940 reo
979 918 1038 947 pilia,
1057 918 1082 941 in
1089 918 1141 949 qui-

371 951 414 975 bus
422 951 519 974 nomina
527 950 631 978 judicum
638 949 745 980 inscripta
753 948 830 975 essent,
838 956 993 980 asqtiaientur:
1005 949 1059 971 dein
1067 948 1142 972 rursus

370 982 460 1013 postera
467 982 505 1006 die
514 980 527 1004 a
538 981 756 1013 quaefitoresortitio
766 981 870 1009 judicum
878 980 942 1003 tieret
949 980 1017 1002 unius
1025 980 1048 1003 ἃ
1058 982 1141 1003 LXXX,

370 1014 413 1045 qui
421 1020 531 1037 numerus
538 1020 594 1036 cum
600 1012 660 1035 sorte
667 1011 785 1043 obtigisset
793 1028 799 1037 ,
813 1011 855 1042 ipsi
863 1012 969 1042 protinus
977 1010 1057 1034 sessum
1067 1013 1140 1037 irent,

372 1052 426 1068 tuin
439 1045 466 1068 ad
477 1044 604 1068 dicendum
619 1044 672 1067 duas
685 1042 799 1067 accusator
813 1043 894 1069 horas,
916 1049 961 1065 tres
974 1050 1025 1065 reus
1036 1042 1144 1069 liaberet,

374 1075 475 1108 reusque
487 1075 573 1100 eodem
587 1075 625 1098 die
639 1076 682 1098 illo
694 1075 842 1104 judicaretur:
858 1075 920 1104 prius
927 1079 1003 1097 autem
1018 1082 1087 1105 quam
1096 1074 1144 1097 sen-

374 1109 452 1132 tenriae
459 1108 582 1134 ferrentur,
590 1107 677 1138 quinos
684 1114 711 1130 ex
718 1106 814 1137 singulis
821 1105 945 1129 ordinibus
953 1105 1065 1128 accusator
1074 1122 1080 1133 ,
1090 1106 1145 1128 toti-

369 1140 427 1164 dem
435 1147 485 1163 reus
492 1139 603 1168 rejiceret,
611 1139 641 1162 ira
650 1144 675 1162 ut
682 1146 792 1162 numerus
801 1138 905 1165 judicum
917 1138 1096 1169 relinqueretur,
1104 1138 1145 1169 qui

370 1169 495 1196 sententias
511 1172 595 1194 ferrent
604 1172 643 1194 Li.
657 1170 697 1194 hac
704 1172 756 1201 lege
763 1171 804 1202 qui
814 1169 918 1192 diinnaii
926 1168 976 1192 sunt
985 1186 991 1195 ,
998 1176 1082 1192 omues
1090 1176 1144 1192 exu-

373 1204 449 1226 larunt
458 1220 463 1229 ‚
474 1203 535 1226 Milo
544 1220 549 1226 .
560 1202 614 1232 quia
622 1202 737 1226 Clodium
745 1200 878 1225 occidiss'er:
896 1201 1056 1231 QI'ompejus
1065 1218 1071 1228 ,
1079 1202 1144 1231 Sylla:

370 1235 498 1259 Distatoris
504 1242 531 1258 ex
538 1234 674 1265 filia-nepos,
683 1238 712 1258 T.
721 1234 838 1257 Munatius
846 1233 938 1256 Plancus
945 1232 1018 1257 Bursa,
1028 1235 1078 1256 Sex.
1087 1233 1143 1255 Clo-

370 1266 516 1297 dius‚quod,
524 1266 553 1289 iis
560 1265 694 1289 authoribus
706 1265 922 1296 P.Clodiicorpoie
934 1265 957 1287 in
965 1265 1053 1287 curiam
1064 1264 1129 1287 illato
1139 1281 1145 1292 ,

373 1299 435 1322 curia
443 1298 560 1329 flagrasset.
572 1305 627 1320 cum
634 1297 694 1322 caede
700 1298 766 1320 enim
774 1297 857 1320 Clodii
865 1313 871 1323 ‚
880 1297 905 1319 in
913 1296 986 1327 Appia
995 1296 1030 1319 via
1036 1295 1100 1322 fasta,
1109 1296 1144 1319 in-

372 1330 484 1353 cendium
493 1329 560 1353 siinul
568 1329 635 1352 curiae
643 1346 649 1355 ,
669 1330 693 1353 &
702 1329 905 1360 oppugnationem
913 1327 1000 1351 domus
1019 1330 1053 1351 M.
1061 1328 1144 1358 Lepidi

373 1362 498 1392 Pompeius
505 1369 530 1384 ea
536 1361 588 1391 lege
596 1361 736 1384 nominatim
743 1359 958 1391 comprehenderat.
965 1358 1005 1382 sed
1011 1358 1054 1382 hos
1061 1359 1146 1390 postea,

375 1394 401 1416 δι
409 1400 492 1416 omnes
503 1394 554 1424 lege
562 1393 670 1423 Pompeia
677 1392 705 1415 de
714 1393 735 1415 vi
744 1392 873 1419 damnatos,
883 1398 932 1414 uno
941 1391 1033 1414 Milone
1040 1398 1146 1422 excepto,

374 1425 451 1448 viCtor
460 1424 564 1448 (ΣΕ-τίει
570 1423 815 1454 restituit.t>ompejam
823 1423 957 1448 Consularis
963 1423 1022 1454 Julia
1028 1421 1101 1446 secura
1108 1423 1148 1450 est,

377 1454 392 1479 Ξι
405 1457 434 1479 C.
443 1455 528 1479 Caesare
540 1455 590 1487 post
597 1456 685 1478 vietum
693 1456 830 1486 Pompeium
840 1456 897 1481 lata,
909 1454 1055 1477 utdamnatis
1068 1454 1097 1477 de
1111 1455 1148 1481 vi,

375 1495 433 1518 aqua
439 1487 521 1518 &igni
534 1487 716 1510 interdiceretur.
734 1486 763 1510 sic
770 1487 835 1510 enim
842 1486 948 1509 oratione
954 1487 972 1509 Ι,
981 1486 1004 1509 in
1013 1487 1146 1509 Antonium

376 1518 489 1548 scriptum
503 1518 646 1542 invenimus.
669 1521 737 1549 Aqua
743 1525 799 1541 vero
808 1535 814 1544 ‚
828 1518 851 1540 ὅ(
859 1518 910 1548 igni
918 1517 1056 1540 interdicere
1064 1534 1070 1543 ,
1087 1517 1147 1540 nihil

375 1550 440 1573 aliud
446 1549 478 1573 est
487 1567 493 1577 ,
501 1557 572 1581 quam
580 1550 680 1573 exilium
688 1557 736 1572 non
745 1549 888 1573 nominatim
896 1565 902 1574 ,
915 1548 953 1571 sed
961 1555 984 1572 ze
993 1547 1037 1579 ipsa
1046 1547 1132 1571 inferre
1140 1564 1146 1575 ,

373 1581 485 1605 damnato
494 1582 559 1604 enim
568 1580 893 1611 neceffitasimponitur'exilii
903 1596 909 1605 ‚
926 1586 971 1611 ope
984 1587 1009 1602 ea
1022 1579 1146 1610 denegata,

373 1619 444 1643 :itque
453 1613 574 1636 interdieta
583 1630 590 1640 ‚
603 1613 650 1635 fine
658 1620 703 1644 qua
711 1613 758 1636 vivi
768 1620 817 1636 non
832 1610 912 1642 potest.
924 1611 990 1642 quod
998 1611 1069 1634 etiam
1078 1615 1146 1634 Pom-

374 1651 425 1676 peia
433 1661 439 1671 ,
449 1644 474 1667 δι
481 1650 533 1667 ante
540 1644 674 1675 Pompeiam
682 1644 765 1667 Plautia
774 1660 780 1671 ‚
789 1644 812 1666 ὅ(
820 1644 866 1666 alia:
873 1649 970 1674 quoque
977 1642 1105 1674 superiores
1112 1644 1145 1666 le-

375 1683 415 1707 ges
422 1692 428 1702 ,
437 1681 526 1707 utputo
534 1692 540 1702 ‚
548 1674 673 1699 sanxerant.
687 1676 766 1705 iraque
774 1682 822 1698 non
830 1674 924 1700 dubim,
940 1674 998 1705 quin
1007 1673 1078 1697 Cesar
1086 1681 1145 1697 nova

374 1709 427 1738 lege
434 1714 519 1730 novam
528 1706 675 1733 sententiam,
683 1706 709 1729 ad
717 1707 765 1729 vim
774 1705 949 1732 removendam,
957 1706 1065 1729 attulerit.
1075 1706 1146 1737 Qiod

376 1745 453 1762 autem
461 1737 677 1766 jurisconsultorum
686 1739 709 1761 in
718 1738 783 1761 libris
792 1741 821 1762 ira
828 1737 939 1769 scriptum
946 1737 977 1760 est
986 1754 991 1763 ‚
1005 1736 1148 1768 deportatio—

380 1778 437 1795 nem
450 1770 478 1793 de
486 1771 508 1794 vi
518 1769 607 1802 publica
614 1770 742 1796 damnatis,
760 1769 789 1793 de
798 1771 880 1800 privata
893 1775 949 1791 vero
961 1769 1146 1800 publicationem

374 1801 496 1826 bonorum
503 1802 527 1825 in
535 1803 626 1826 rei-tiam
635 1807 722 1833 partem
730 1801 789 1831 Julia
796 1802 847 1831 lege
854 1800 1056 1831 irrogatampossit
1063 1800 1148 1831 aliquis

376 1831 495 1864 suspicari,
502 1841 557 1857 cum
565 1834 641 1857 videat
648 1834 797 1856 mentionem
804 1833 853 1856 fieri
862 1832 1040 1863 deportationis,
1047 1839 1096 1854 non
1104 1830 1148 1855 esse

376 1866 457 1896 legem
471 1866 557 1897 Juliam
564 1882 571 1892 ‚
591 1865 620 1889 de
633 1872 677 1896 qua
691 1865 777 1888 Cicero
790 1864 939 1888 mentionem
952 1862 1006 1886 facit
1013 1879 1019 1890 ,
1039 1862 1077 1886 sed
1094 1862 1149 1886 duas

377 1896 444 1921 {uisse
451 1898 514 1928 leges
520 1898 590 1928 Julias
599 1914 605 1925 ‚
612 1895 701 1920 unamii
709 1898 739 1920 C.
748 1896 905 1920 caesareiatam
914 1911 920 1921 ‚
931 1896 1024 1918 alteram
1032 1893 1058 1917 ab
1066 1895 1147 1925 Augu-

374 1928 419 1955 ss0,
426 1936 471 1960 ego
478 1935 556 1952 autem
566 1928 594 1952 fic
601 1928 720 1954 existimo,
727 1935 797 1951 unam
805 1928 907 1951 omniuo
915 1925 988 1951 fuisse.
995 1933 1057 1952 nam,
1065 1925 1080 1948 si
1089 1926 1148 1955 dua,

375 1960 465 1992 aliquid
471 1961 589 1984 crederem
598 1959 813 1989 jurisconsultorum
822 1960 846 1983 in
854 1959 928 1986 libris,
935 1957 1091 1982 distinctionis
1098 1964 1148 1980 cau—

375 1991 396 2014 sa
405 2008 411 2017 ,
420 1992 541 2016 additum:
555 1992 633 2019 sicuti,
648 1991 675 2015 ad
682 1991 759 2022 legem
766 1992 853 2023 Jtiliani
861 1991 890 2015 de
897 1990 1016 2014 adulteriis
1023 2006 1029 2016 ,
1038 1989 1101 2012 addit
1109 1990 1150 2012 Ul-

375 2023 457 2053 pianus
472 2024 594 2055 Dig.x1.vi
603 2033 610 2048 1
620 2033 639 2048 r.
656 2031 676 2050 5.
688 2032 696 2047 r
704 2041 709 2046 .
727 2025 776 2045 Hac
789 2024 825 2045 lex
838 2023 864 2045 ab
877 2023 980 2053 Augusto
992 2023 1039 2044 lara
1050 2021 1076 2049 2st
1093 2031 1100 2043 :
1117 2028 1147 2044 ne

376 2061 424 2085 qua
435 2054 520 2078 scilicet
532 2063 561 2078 err
567 2056 632 2087 Juliae
640 2054 742 2078 nomine
749 2054 864 2078 dubitatio
872 2054 944 2085 posset
958 2053 1061 2077 existere.
1076 2060 1147 2076 unam

375 2085 450 2116 igitur
463 2086 491 2109 de
499 2087 520 2109 vi
530 2094 586 2118 puto
594 2087 680 2117 Juliain
688 2087 765 2117 legent
774 2103 780 2113 ,
797 2093 897 2117 eamque
905 2086 974 2109 latam
988 2084 1001 2107 {i
1008 2086 1036 2107 C.
1045 2082 1132 2107 Cxsare
1140 2101 1145 2111 2

379 2124 434 2140 iiam
443 2133 449 2143 ‚
461 2118 526 2149 quod
538 2118 670 2149 deportatio
678 2118 814 2141 nominatur
823 2135 829 2144 ,
841 2124 950 2148 qtixante
959 2114 1088 2147 Augustum
1095 2116 1145 2139 nul-

376 2149 398 2172 la
405 2147 462 2171 fuit:
474 2148 593 2172 sciendum
601 2150 632 2173 est
642 2166 648 2175 ‚
655 2148 739 2173 sublata
747 2157 809 2181 aqua:
816 2150 909 2180 &ignis
919 2147 1147 2174 interdietioiie‚eam

377 2178 511 2203 successisse:
530 2187 584 2203 cum
593 2180 858 2204 rameiivetereseaedem
872 2181 936 2212 leges
948 2180 1057 2203 valerent.
1069 2179 1149 2210 itaque

376 2212 402 2234 δι
414 2212 440 2234 iri
448 2212 498 2242 lege
506 2213 614 2234 Cornelia
622 2212 650 2235 de
657 2212 740 2236 sicariis
747 2214 771 2236 ὅ(
779 2212 906 2239 veneficiis,
913 2219 984 2243 quam
992 2211 1046 2234 tulit
1056 2212 1082 2233 L.
1089 2211 1148 2241 Sylla

376 2242 508 2274 reipublicae
517 2242 661 2273 temporibus
669 2261 675 2270 ,
688 2244 877 2275 deportationem
884 2250 962 2267 tamen
971 2242 1098 2266 Martianus
1105 2249 1147 2265 no-

378 2276 461 2298 minat.
475 2273 512 2298 sed
520 2274 589 2297 redeo
597 2274 623 2297 ad
632 2274 767 2299 sententiani
781 2277 850 2306 legis.
867 2274 1017 2299 Sicommisla
1030 2274 1066 2297 vis
1078 2274 1148 2297 armis

376 2305 501 2332 voiiesset,
515 2313 596 2329 verum
603 2312 639 2329 aut
648 2307 713 2336 virgo
723 2324 728 2333 ,
742 2314 778 2330 aut
786 2308 853 2331 vidua
864 2314 924 2338 rapta
937 2305 1003 2330 essct:
1017 2311 1094 2336 raptor
1103 2322 1109 2332 ,
1121 2307 1146 2330 &

376 2339 418 2368 qui
426 2345 497 2369 opem
505 2337 588 2361 tulisset
596 2355 602 2365 ,
610 2338 684 2368 capite
690 2338 838 2369 plectebatur.
857 2343 904 2362 Hac
910 2340 962 2369 lege
969 2337 1113 2363 tenebantur,
1122 2343 1146 2359 ut

375 2371 501 2394 Martianus
514 2370 545 2394 ait
556 2370 612 2401 Dig.
624 2376 683 2394 itt-vr
693 2376 728 2393 11.
742 2374 763 2393 6.
779 2377 800 2396 3.
823 2372 862 2402 qui
881 2370 949 2394 turba
963 2369 1103 2400 seditiom'svc
1109 2370 1148 2399 fa-

1125 110 1492 141 Mauo-rii

1168 159 1244 183 ci'anda
1255 161 1363 192 confilium
1375 161 1468 189 iniiffint
1476 177 1481 186 ‚
1494 161 1604 190 servosve,
1623 167 1663 184 aue
1674 159 1751 185 libero:
1764 163 1857 187 homines
1868 165 1890 188 in
1901 174 1936 189 ar-

1170 193 1210 212 mis
1228 191 1347 223 siirbtaeissvnt
1361 209 1366 218 ,
1386 195 1500 223 omnesque
1516 191 1604 222 puberes
1618 201 1666 216 cum
1680 195 1721 216 telo
1734 195 1756 216 in
1768 194 1853 227 publico
1865 197 1937 229 depre-

1169 223 1232 254 henfi.
1251 223 1374 255 Subiungit
1388 224 1451 247 idem
1465 224 1520 254 Dig.
1529 231 1590 247 xnvr
1600 233 1606 248 i
1616 232 1635 248 i.
1644 233 1667 252 7.
1677 232 1695 248 t.
1715 227 1750 248 De
1762 229 1786 249 vi·
1796 223 1887 259 privata
1898 229 1937 251 da-

1169 261 1253 276 mnator
1266 271 1273 282 ,
1297 264 1366 286 neque
1375 257 1481 284 senatores
1496 265 1503 277 :
1526 264 1594 286 neque
1610 256 1731 279 decuriones
1745 273 1751 284 ‚
1768 265 1837 288 neque
1846 259 1936 290 judices

1169 285 1206 318 effi
1215 302 1220 312 ‚
1238 294 1304 317 neque
1317 288 1494 317 honorem-ullum
1506 295 1590 316 cascere,
1608 288 1674 315 Jalia
1686 289 1743 318 lege,
1758 292 1855 320 poluisse·
1871 291 1938 314 Con-

1169 316 1246 340 sularis
1253 318 1276 340 δε
1286 319 1387 341 Antonia
1395 335 1400 345 ‚
1413 317 1426 341 a
1433 320 1466 341 Μ.
1475 319 1583 343 Antonio
1591 318 1640 349 post
1647 318 1741 342 obitum
1749 320 1878 343 Cessatis
1885 321 1936 350 lata,

1170 354 1194 370 ut
1201 348 1316 372 damnatis
1323 350 1352 372 de
1359 350 1380 371 vi
1389 349 1416 372 ad
1424 351 1538 380 populum
1553 351 1688 380 provocatio
1697 350 1760 374 esset.
1775 352 1840 382 quod
1849 352 1873 374 ad
1881 359 1938 376 con-

1166 379 1281 403 ciliandos
1293 380 1335 404 sibi
1348 381 1508 404 multitudinis
1518 382 1609 405 animos
1618 398 1624 408 ,
1637 382 1679 413 qui
1692 383 1840 412 tyrannidem
1853 382 1939 414 spesta-

1169 418 1201 434 ret
1210 429 1216 439 ,
1225 413 1371 443 excogitavit.
1391 416 1479 435 Harum
1487 419 1564 436 autem
1571 414 1651 444 legum
1659 413 1791 437 testimonia
1800 422 1847 438 non
1855 416 1936 443 recito,

1169 450 1198 466 ne
1205 443 1282 474 perdat
1293 444 1391 467 narratio
1399 444 1537 474 dignitatem
1546 461 1553 471 ,
1569 452 1627 468 neve
1635 452 1682 468 noii
1696 445 1771 468 modo
1779 446 1841 473 aliis,
1857 453 1938 471 vetum

1168 476 1240 498 etiam
1248 474 1296 507 ipse
1304 475 1365 499 milii
1378 475 1509 498 molestiam
1518 477 1602 506 pariam
1611 493 1617 503 ,
1631 477 1689 500 dum
1697 477 1735 501 illa
1742 477 1822 502 crebro
1835 484 1939 510 repetan-

1169 513 1213 534 tur,
1221 513 1246 530 ut
1253 506 1292 534 a'it,
1301 513 1325 531 ut
1332 505 1410 530 scribit
1419 523 1425 535 ,
1434 507 1458 530 δε
1465 506 1567 536 ejusdem
1575 509 1665 539 generis
1672 508 1722 533 alia.

1387 572 1411 597 C
1432 581 1449 598 Λ
1471 581 1484 598 i7
1505 579 1523 597 u
1544 580 1561 596 τ
1600 571 1725 599 XXIV.

1323 632 1399 667 Leges
1418 629 1449 657 de
1464 630 1582 665 peculatu
1602 630 1643 664 (Gy
1662 629 1776 667 refiduis.

1171 690 1339 752 Peculatusa
1347 693 1464 725 principio
1472 693 1598 725 gravissima
1605 701 1674 726 poeria
1681 693 1726 718 fuit
1732 694 1828 718 duarum
1839 695 1921 719 ovium
1929 713 1936 723 ‚

1183 756 1186 758 η
1235 725 1259 747 ὅ(
1266 725 1360 755 triginta
1368 724 1441 748 boum
1451 742 1457 752 ,
1465 726 1517 756 lege
1525 727 1634 750 Menenia
1642 743 1649 754 ,
1656 726 1723 750 Sestia
1731 735 1735 749 :
1743 727 1820 758 postea
1827 727 1877 758 lege
1884 730 1939 750 Ate-

1169 758 1317 791 ria3Tarpeja
1329 763 1422 780 cautum
1435 756 1467 780 est
1476 774 1482 784 ,
1501 763 1525 780 ut
1532 756 1575 781 bos
1583 757 1722 782 centuffibus
1729 775 1735 785 ,
1752 759 1804 782 ovis
1812 757 1939 782 decusiibus

1169 785 1324 822 aetiirriaretux.
1334 795 1385 819 qute
1392 796 1421 812 ne
1428 788 1503 812 levior
1512 805 1518 815 ,
1526 789 1550 812 ὃ(
1556 790 1728 814 contemnenda
1736 791 1808 813 multa
1815 789 1939 816 videretur,

1170 817 1233 841 addit
1241 819 1333 843 Gellius
1343 827 1370 843 xt
1377 836 1382 842 .
1392 829 1412 843 r.
1422 820 1488 851 quod
1496 820 1575 844 omisit
1581 821 1665 849 Festus,
1673 824 1694 844 i'n
1701 824 1791 852 fingulos
1798 823 1849 846 dies.
1860 827 1896 844 tot
1902 828 1941 844 au-

1170 851 1330 885 tein‚opinor,
1339 851 1388 874 dies
1395 867 1402 878 ,
1410 859 1470 882 quot
1477 852 1618 883 magistratus
1625 852 1740 881 judicasset
1748 870 1753 880 ‚
1761 860 1839 883 prater
1846 852 1940 876 :estima-

1171 888 1263 905 tionem
1271 882 1335 907 surti.
1353 883 1468 906 Peculatus
1477 884 1555 914 igitur.
1570 891 1599 907 eo
1608 891 1715 915 tempore
1721 885 1822 915 capitalis
1830 891 1879 907 non
1886 883 1940 908 fuit.

1170 913 1235 943 quod
1243 914 1323 937 Livius
1329 914 1438 945 fignificat
1445 915 1506 938 libro
1514 917 1601 939 xxvu.
1609 923 1669 948 cap-3
1675 925 1698 943 4·
1704 923 1760 939 cum
1767 916 1804 939 ait,
1813 916 1941 939 .M.Livius

1167 951 1214 966 erat
1220 947 1362 969 mullisanm's
1369 953 1418 969 ante
1424 955 1451 968 cx
1459 947 1738 979 conficiatuPapulijudtcm
1744 950 1939 978 dammum-quam

1171 977 1309 1005 ignominiam
1316 979 1366 1000 adeo
1374 986 1426 1007 aegre
1433 979 1514 1000 tulerat
1522 994 1528 1004 ,
1542 985 1567 1000 ut
1574 978 1600 1002 C*
1609 988 1646 1001 rus
1653 980 1755 1010 migraret
1764 995 1770 1005 ,
1784 978 1808 1002 (9-
1814 985 1851 1010 per
1858 980 1940 1000 multos

1170 1015 1233 1029 annos
1242 1006 1267 1030 ὺ·
1276 1007 1334 1030 Urbe
1343 1007 1368 1032 (7-
1375 1017 1430 1030 0mm
1437 1015 1491 1031 coetu
1498 1016 1578 1032 careret
1587 1011 1706 1033 hominum.
1720 1013 1754 1033 Ex
1762 1010 1796 1033 his
1803 1009 1940 1037 verbis,n0n

1171 1037 1215 1061 effe
1223 1041 1257 1061 M.
1266 1040 1336 1063 Livio
1343 1055 1349 1065 ‚
1357 1040 1399 1070 qui
1407 1039 1483 1070 postea
1490 1040 1601 1075 Salinator
1608 1040 1639 1064 est
1647 1042 1770 1076 appellatus
1778 1058 1784 1067 ,
1791 1049 1848 1073 aqua
1855 1041 1938 1071 &igni
1976 1057 1978 1059 ·

1172 1069 1326 1094 interdistum
1334 1087 1339 1096 ,
1348 1069 1385 1094 sed
1394 1088 1400 1097 ‚
1409 1069 1516 1095 affectum
1523 1078 1604 1095 animo
1611 1079 1708 1102 gravnex
1714 1079 1742 1095 ex
1748 1079 1776 1095 eo
1784 1073 1872 1103 judicio
1881 1089 1888 1099 ,
1897 1074 1942 1095 ira-

1172 1108 1223 1124 tum
1232 1100 1368 1133 populo,sua
1376 1101 1458 1134 sponte
1466 1102 1528 1126 Urbe
1534 1102 1793 1130 cesiisse,animadverto.
1801 1111 1855 1127 eum
1863 1110 1941 1128 autem

1172 1135 1288 1164 peculatus
1295 1136 1394 1158 nornine
1400 1133 1412 1157 a
1420 1135 1508 1166 populo
1516 1133 1560 1158 esse
1566 1135 1709 1163 damnatum,
1716 1143 1744 1159 ex
1751 1142 1781 1158 eo
1788 1135 1870 1158 libello
1878 1135 1941 1159 didi-

1172 1166 1208 1191 ci,
1216 1172 1288 1197 quem
1297 1165 1374 1189 nescio
1382 1167 1435 1197 quis
1443 1168 1471 1191 de
1479 1167 1533 1190 viris
1541 1166 1666 1190 illustribus
1672 1174 1719 1199 cap.
1729 1175 1766 1194 50·
1775 1175 1799 1191 n.
1810 1175 1830 1190 r.
1842 1173 1943 1197 compo-

1172 1196 1226 1221 suit.
1232 1197 1264 1220 est
1270 1198 1368 1221 enimin
1374 1205 1405 1221 eo
1412 1198 1442 1221 ita
1449 1197 1573 1229 scriptum:
1588 1200 1668 1222 Livius
1675 1199 1859 1230 Salinatorprimo
1867 1199 1942 1228 Confiael

1172 1229 1197 1251 de
1205 1230 1285 1260 Illyriis
1294 1231 1456 1261 triumphavit:
1470 1231 1559 1256 deinde,
1577 1238 1605 1253 ex
1612 1231 1710 1257 invidia,
1725 1231 1840 1263 peculatus
1852 1239 1900 1252 reus
1913 1229 1940 1252 ab

1173 1261 1269 1284 omnibus
1279 1261 1387 1287 tribubus,
1395 1267 1482 1292 excepta
1490 1262 1727 1288 Macia,co›1demnaru.‹
1733 1263 1771 1285 .Et
1778 1262 1836 1293 apud
1844 1261 1942 1285 Livium

1172 1291 1235 1316 libro
1242 1295 1364 1316 xxxvnt.
1376 1300 1424 1324 cap.
1436 1301 1445 1319 ς
1453 1301 1462 1320 5
1470 1311 1475 1316 .
1486 1293 1596 1316 damnato
1603 1293 1632 1316 de
1639 1294 1743 1324 peculatu
1756 1295 1782 1316 L.
1790 1293 1899 1325 Scipione
1910 1295 1942 1315 Α-

1173 1323 1252 1348 siatico
1260 1341 1267 1351 ,
1276 1324 1379 1348 Africani
1387 1325 1482 1354 majoris
1489 1325 1556 1348 fratre
1564 1342 1570 1352 ‚
1578 1326 1623 1348 liris
1631 1325 1734 1352 assumite
1741 1341 1748 1351 ,
1757 1325 1781 1348 ύ-
1789 1326 1875 1347 carceris
1882 1340 1889 1351 ,
1899 1323 1941 1347 niti

1174 1355 1271 1380 solveret
1278 1373 1284 1383 ,
1291 1357 1383 1380 mentio
1391 1356 1429 1380 fir:
1443 1363 1505 1387 aquae
1511 1364 1567 1380 vero
1575 1356 1668 1386 &ignis
1677 1355 1815 1380 interdistio
1825 1356 1888 1379 nulla
1898 1362 1943 1378 no-

1174 1389 1284 1412 minatur.
1297 1388 1407 1412 habemus
1420 1388 1491 1412 etiam
1498 1389 1635 1419 exemplum
1644 1391 1676 1412 M.
1684 1387 1782 1411 Camilli
1791 1388 1845 1419 ,qui
1853 1386 1942 1410 Uibem

1174 1422 1277 1444 Romam
1285 1419 1408 1443 obsidione
1414 1420 1536 1443 Gallorum
1544 1419 1658 1443 liberavit.
1665 1421 1707 1442 Hi'c
1713 1418 1737 1441 ob
1746 1421 1885 1449 Vejemanam
1890 1425 1943 1448 pra-

1173 1452 1233 1479 dam,
1241 1458 1266 1475 ut
1272 1452 1302 1475 ait
1309 1452 1388 1475 Livius
1395 1451 1436 1475 lib.
1446 1454 1472 1475 V.
1479 1458 1568 1482 cap.3z.
1578 1455 1606 1475 ,Λ
1619 1453 1647 1474 L.
1654 1451 1754 1482 =Apulgja
1763 1451 1881 1479 accusatus,
1889 1452 1942 1474 XV.

1175 1483 1356 1513 millibusgravie
1364 1485 1411 1505 aris
1418 1484 1533 1505 damnatus
1540 1483 1575 1511 est.
1593 1482 1660 1505 Abiit
1668 1488 1744 1504 autem
1752 1481 1776 1503 in
1783 1481 1883 1504 exilium
1891 1487 1942 1504 ante

1174 1513 1255 1543 judicii
1262 1514 1339 1537 diem:
1353 1514 1407 1545 quia
1416 1531 1422 1540 ,
1429 1520 1484 1536 curn
1492 1530 1499 1540 ,
1506 1513 1528 1536 se
1535 1513 1670 1536 damnatum
1678 1513 1719 1539 iri,
1730 1512 1760 1535 de
1767 1511 1811 1535 suis
1818 1511 1943 1535 tribulibus

1175 1544 1331 1568 &clientibus
1343 1543 1501 1575 cognovisset,
1517 1544 1546 1568 de
1555 1545 1624 1576 patria
1636 1545 1718 1567 maluit
1731 1544 1855 1570 decedere,
1869 1551 1941 1574 quam

1173 1576 1342 1609 iniquissimam
1350 1578 1448 1600 multam
1457 1593 1463 1603 ‚
1473 1575 1674 1607 populisuffragiis
1688 1577 1820 1606 irrogatam,
1833 1574 1939 1598 exsolve-

1174 1616 1205 1632 re.
1218 1616 1272 1632 nam
1280 1608 1393 1631 damnatis
1407 1608 1435 1631 de
1446 1609 1550 1639 peculatu
1563 1608 1599 1630 vel
1612 1607 1750 1630 solvendum
1763 1613 1808 1630 erat
1821 1607 1903 1637 quanti
1913 1607 1943 1630 lis

1174 1640 1227 1664 effer
1238 1639 1358 1666 astitum,
1370 1639 1439 1662 velin
1448 1639 1561 1664 vinculis,
1577 1638 1654 1669 quoad
1665 1637 1781 1661 solverent
1792 1655 1798 1665 ,
1812 1637 1944 1662 miserrime

1174 1670 1311 1695 vivendum:
1319 1671 1384 1702 quod
1392 1671 1416 1693 iii
1424 1671 1540 1701 Scipionis
1547 1670 1638 1693 Asiatici
1646 1669 1794 1701 judici0‚qtio
1801 1669 1830 1693 de
1837 1670 1945 1701 proxime

1175 1703 1265 1726 dietum
1272 1702 1312 1729 est,
1321 1704 1399 1726 Livius
1406 1702 1526 1733 significat.
1540 1702 1606 1733 quod
1613 1701 1629 1725 si
1636 1709 1688 1725 reus
1695 1718 1700 1727 ‚
1715 1701 1803 1729 iudicio
1811 1709 1859 1724 non
1867 1700 1946 1733 exspe-

1175 1735 1271 1761 stato‚in
1278 1735 1378 1758 exilium
1385 1734 1544 1758 voluntarium
1551 1732 1637 1757 abiisset
1645 1741 1650 1756 :
1658 1740 1712 1757 tunc
1718 1733 1886 1762 accusationem
1892 1733 1946 1765 qui.-

1175 1767 1231 1790 dem
1239 1767 1271 1792 is,
1283 1766 1326 1797 qui
1333 1772 1447 1796 coeperat,
1462 1765 1648 1797 persequebatur:
1663 1772 1730 1788 reum
1736 1771 1814 1788 tamen
1825 1764 1943 1788 absentem

1175 1806 1222 1822 non
1231 1798 1272 1821 alia
1279 1804 1349 1828 quam
1357 1797 1485 1828 pecuniaria
1493 1804 1560 1827 poena
1568 1797 1669 1828 populus
1680 1795 1862 1820 condemnabat:
1880 1803 1943 1819 eam-

1175 1836 1222 1860 que
1229 1829 1352 1860 pecuniam
1360 1829 1456 1854 solvere,
1464 1828 1480 1851 si
1486 1829 1571 1851 rediret
1578 1845 1584 1853 ,
1593 1828 1711 1851 damnatus
1718 1826 1842 1858 cogebatur
1849 1844 1855 1853 ,
1868 1831 1905 1850 aut
1913 1844 1918 1854 ,
1927 1826 1943 1849 ii

1175 1859 1289 1885 solvendo
1297 1867 1345 1883 non
1353 1859 1407 1883 esset
1414 1876 1421 1887 ‚
1429 1861 1452 1883 in
1461 1866 1573 1882 carcerem
1581 1860 1623 1882 ire.
1634 1860 1657 1882 ἐν(
1664 1876 1670 1886 ,
1680 1866 1733 1882 cum
1740 1866 1770 1882 ait
1777 1859 1856 1882 Livius
1864 1859 1892 1882 de
1900 1860 1945 1881 Ca-

1177 1893 1247 1916 millo
1256 1891 1318 1915 libto
1326 1894 1351 1914 V.
1359 1896 1454 1922 cap.46.
1471 1892 1588 1920 Noni-rim
1602 1890 1629 1913 ab
1640 1892 1718 1913 Ardea
1732 1891 1851 1921 professum
1865 1892 1947 1913 (amil-

1176 1926 1224 1948 lum
1234 1931 1311 1954 ‚quam
1319 1930 1418 1954 comperit
1425 1924 1493 1953 legem
1501 1924 1568 1945 latam
1577 1932 1584 1945 .·
1598 1922 1818 1954 quodirijufflpopuli
1826 1923 1908 1944 mutari
1916 1921 1946 1951 fi-

1176 1955 1238 1978 nibus
1246 1963 1285 1977 non
1291 1954 1353 1984 poffir
1361 1964 1368 1976 .·
1376 1962 1425 1978 non
1432 1953 1551 1985 fignificat,
1559 1954 1625 1985 quod
1632 1953 1722 1977 fortasse
1729 1953 1803 1977 videri
1811 1952 1885 1984 ponit,
1895 1960 1944 1977 non

1175 1986 1262 2011 licuisse
1269 1986 1372 2009 Camillo
1381 1987 1480 2010 aliamsin
1488 1986 1606 2009 civitatem
1615 2002 1621 2012 ‚
1634 1992 1696 2008 eirtra
1703 1992 1734 2017 po
1752 1985 1785 2008 tili
1793 1988 1866 2008 Rom.
1874 1983 1945 2008 ditio-

1176 2026 1231 2042 nem
1239 2034 1245 2044 ,
1258 2018 1371 2049 migrare:
1382 2016 1428 2045 sed,
1436 2025 1485 2041 non
1493 2017 1591 2048 potuisse
1598 2020 1701 2040 Romam
1709 1993 1783 2040 regite
1791 2033 1798 2043 ,
1807 2016 1848 2040 nisi
1857 2032 1864 2043 ,
1872 2023 1945 2048 quam

1175 2051 1237 2074 abeo
1245 2048 1303 2073 solvi
1312 2050 1434 2080 pecuniam
1443 2049 1540 2080 populus
1548 2047 1648 2077 juss‘erat,
1661 2055 1698 2071 aut
1706 2048 1818 2075 solveret,
1826 2053 1876 2074 aut,
1891 2048 1945 2079 lege

1175 2084 1227 2108 lata,
1237 2080 1374 2112 rescissoque
1381 2082 1462 2111 populi
1471 2080 1559 2107 iudicio
1567 2097 1573 2105 ‚
1581 2079 1722 2104 liberaretur.
1734 2087 1782 2103 non
1790 2080 1856 2103 enim
1863 2080 1889 2103 in
1895 2080 1944 2103 exi-

1176 2115 1236 2138 lium
1245 2114 1277 2136 ire
1283 2113 1374 2136 coastus
1380 2113 1434 2136 esset
1442 2129 1448 2139 ‚
1463 2111 1478 2135 si
1487 2112 1565 2135 multae
1572 2110 1718 2136 satisfecisset.
1732 2111 1804 2142 idque
1812 2111 1862 2134 satis
1869 2118 1945 2142 aperte

1177 2146 1256 2169 Livius
1263 2144 1368 2171 declarat,
1374 2151 1430 2167 cunt
1437 2144 1467 2166 ait
1473 2142 1515 2166 lib.
1526 2145 1552 2166 V.
1559 2150 1605 2174 cap.
1612 2151 1620 2169 3
1628 2151 1649 2166 2.
1668 2145 1757 2166 Accitis
1763 2145 1850 2166 domum
1857 2142 1945 2165 tribuli-

1178 2177 1217 2200 bus
1225 2177 1250 2201 &
1256 2174 1369 2198 clientibus
1377 2191 1383 2201 ,
1391 2183 1438 2207 quae
1448 2174 1654 2206 magnaparsplebts
1662 2182 1711 2197 erat
1718 2192 1725 2203 ‚
1736 2174 1889 2207 percunt-batus
1896 2175 1944 2197 ani-

1178 2217 1221 2231 mos
1229 2215 1312 2233 eorum,
1320 2207 1438 2237 responsum
1445 2209 1499 2229 tulit
1507 2223 1513 2233 ,
1521 2210 1543 2234 se
1550 2208 1662 2229 collaturus
1669 2208 1748 2237 quami
1755 2207 1869 2229 damnatus
1880 2205 1928 2234 effin
1935 2221 1943 2233 ,

1177 2240 1284 2269 abfiilvere
1295 2247 1346 2261 eum
1359 2247 1397 2261 non
1407 2240 1471 2271 ροβε.
1489 2240 1565 2268 Qare
1578 2245 1626 2261 non
1639 2237 1684 2260 suit
1697 2238 1798 2268 capitalis
1810 2237 1925 2269 peculatus
1936 2252 1944 2263 ,

1177 2279 1232 2295 cum
1240 2271 1334 2303 pecunia
1342 2270 1477 2300 puniretur:
1490 2268 1527 2293 sed
1537 2287 1543 2296 ,
1550 2270 1586 2293 vel
1594 2270 1647 2300 quia
1655 2268 1743 2292 solvere
1750 2269 1849 2292 multam
1856 2269 1888 2292 rei
1895 2274 1944 2291 non

1178 2302 1267 2334 poss'ent
1275 2319 1281 2329 ‚
1291 2303 1328 2325 vel
1335 2302 1389 2332 quia
1396 2301 1487 2325 nollent
1497 2318 1502 2327 ,
1513 2309 1537 2324 ut
1545 2301 1673 2327 Camillus,
1685 2306 1795 2332 tanquam
1807 2301 1832 2324 in
1844 2299 1944 2323 exilium

1177 2333 1385 2366 proficiscebantur.
1405 2333 1477 2363 Qod
1485 2332 1500 2356 si
1508 2334 1561 2363 quis
1568 2332 1596 2356 de
1605 2332 1694 2357 Marcio
1702 2333 1830 2355 Coriolano
1837 2331 1870 2357 id,
1877 2330 1944 2361 quod

1176 2366 1300 2399 Dionysius
1306 2367 1331 2391 &
1338 2365 1468 2391 Plutarchus
1476 2365 1620 2389 tradiderunt
1628 2380 1635 2392 ,
1649 2363 1710 2389 mihi
1717 2363 1810 2395 objiciat
1817 2380 1824 2392 ,
1830 2368 1945 2416 pergitfflg
