2075 2734
440 94 496 130 57⁶
719 86 1757 125 AnriquirirumRormnnnuquffivm.

442 142 599 178 Papinianus
613 143 788 172 commendat
808 142 900 170 fratres
911 163 918 174 ‚
939 142 984 180 qui
998 142 1011 170 *a
1024 142 1069 170 lite
1082 148 1193 178 propter
1208 149 1388 168 communem
1402 139 1584 168 haereditatem
1600 138 1706 168 suborta
1717 160 1725 172 ,
1751 149 1799 177 per
1812 140 2021 172 dii-ilioncmeul-
2054 146 2059 170 ἱ

442 189 486 209 tro
501 181 677 210 discessissent.

481 219 594 247 Familia
608 218 776 254 craſsando]
799 217 910 245 Familiae
925 218 1100 254 appellatione
1113 217 1165 244 hoc
1179 216 1241 245 loco
1254 227 1294 244 res
1304 216 1472 244 haereditariae
1488 217 1647 253 accipiendae
1657 217 1725 246 sunt.

481 257 662 293 Enifiundm]
683 256 769 290 Ercrfii
783 264 886 284 veteres
900 257 1036 287 dicebant,
1052 266 1096 290 pro
1107 253 1202 290 partiri
1215 276 1223 287 ‚
1244 265 1273 282 ac
1287 255 1414 282 dividere.
1434 256 1504 282 unde
1519 255 1582 283 illud
1601 255 1664 291 Festi
1677 268 1685 282 :
1704 254 1809 283 Erislum
1822 257 1906 284 citum
1928 257 2022 295 (quod

441 296 569 334 significat
582 296 761 323 haereditatem
779 294 909 329 divisam)
931 295 959 323 fit
974 297 1043 323 inter
1057 293 1201 322 consortes.
1221 292 1325 319 Erdium
1345 293 1387 326 (id
1402 293 1450 324 cst,
1471 293 1627 327 haercditas)
1649 294 1661 321 a
1676 295 1800 321 coercendo
1813 294 1931 326 dietum,
1952 296 2024 323 unde

444 334 633 368 &ei-cifiande,
656 336 682 362 &c
697 333 797 361 ercisci.
816 337 907 360 citum
920 341 1011 361 autern
1033 333 1078 367 (id
1093 333 1144 363 est,
1164 331 1264 365 divisa)
1284 338 1411 358 vocatum
1428 332 1464 359 est
1478 332 1492 358 a
1504 332 1596 359 ciendo.
1629 333 1671 359 Est
1686 339 1792 364 autem,
1813 333 1887 360 idem
1898 331 1974 362 ciere,
1993 336 2022 362 ὃς

441 372 462 399 ci
473 382 538 403 cere,
560 381 609 408 pro
622 370 748 401 dividere.
770 372 850 399 Unde
862 371 932 399 forte
948 373 1005 407 quis
1018 380 1073 398 non
1086 371 1205 400 aberret,
1228 369 1244 395 fi
1260 370 1372 399 dixerit,
1391 369 1546 403 ercifiundae,
1565 370 1746 408 compositum
1760 370 1792 397 ab
1802 381 1842 400 er,
1863 369 1905 398 vel
1917 370 2025 398 eredim-
2056 385 2060 394 ο

441 419 466 438 te
477 422 484 436 :
503 410 545 436 Sic
559 411 633 437 enim
648 417 750 437 veteres
763 409 924 441 scribebant,
944 410 997 437 fine
1010 409 1181 446 aspiratione:
1203 410 1229 435 ἃ
1245 406 1397 440 acistunclae,
1417 407 1442 434 id
1454 408 1503 438 est,
1524 408 1683 440 dividunda,
1703 408 1744 436 vel
1757 409 1916 436 dividendae.

481 446 621 475 Arbitrum
627 449 773 481 ficmerent,
793 448 831 475 cui
844 447 921 474 totius
934 450 1036 481 reijus,
1055 447 1135 482 [eya]
1164 445 1267 472 Arbiter
1287 447 1335 479 (ut
1349 442 1432 486 Fstus
1446 445 1546 481 docet)
1566 446 1662 475 dicitur
1675 447 1759 481 judex
1772 467 1779 478 ‚
1806 447 1878 483 quod
1892 445 1969 473 totius
1985 444 2024 474 rei
2056 477 2059 487 ψ

441 484 533 512 habeat
546 485 694 517 arbitrium,
716 489 742 515 ὅ(
757 486 921 514 facultatem.
962 487 1003 513 Est
1016 493 1107 513 autem
1122 485 1174 513 hoc
1189 484 1251 511 loco
1264 482 1370 510 arbiter,
1390 484 1471 517 judex
1486 485 1730 520 compromiffirius
1746 505 1753 515 ‚
1774 485 1801 512 id
1819 485 1867 516 est,
1888 485 1953 512 civis
1967 486 2024 512 Ro-

444 534 556 556 manuS,
576 535 610 552 ex
624 525 819 561 compromisso
833 525 845 551 a
859 525 1036 562 litigatoribus
1051 523 1169 559 sumptus
1184 544 1190 553 ‚
1212 523 1253 549 cui
1263 529 1350 555 prator
1365 519 1538 557 disceptandae
1552 522 1663 551 arbitrio
1683 522 1730 550 suo
1743 522 1933 550 controversiae
1945 530 2024 558 pote·
2058 530 2059 533 ¹

443 563 537 590 statem
552 563 634 591 dedit.
656 563 737 599 Qod
751 563 783 590 ad
796 562 864 590 hanc
877 562 964 599 legem
978 564 1086 591 attinet,
1107 561 1235 598 fignificat
1250 563 1334 585 Cicero
1348 558 1392 585 lib.
1405 569 1427 586 1.
1439 559 1473 586 de
1486 562 1602 587 Oratore
1616 569 1687 589 certa
1702 563 1728 589 ἃ
1744 559 1860 588 solennia
1875 560 1950 588 fuiffe
1964 570 2023 588 ver-

442 601 491 634 ba,
512 601 605 638 quibus
621 600 726 633 arbiter,
748 601 863 637 partibus
876 600 976 631 divilis,
997 601 1107 628 alterum
1121 601 1152 626 ab
1167 599 1272 627 alterius
1284 606 1357 633 parte
1364 605 1475 626 arceret,
1496 599 1608 625 Summa
1620 598 1672 626 huc
1684 599 1815 636 pertinet,
1835 607 1864 626 ut
1879 598 2024 635 arbiterfiz-
2057 625 2060 632 ,

442 638 518 667 milm
530 639 668 674 erciftundae
681 639 785 668 additus
794 660 802 671 ‚
821 640 940 675 primum
949 638 1059 676 singulas
1075 647 1129 669 res,
1150 638 1168 665 fi
1177 637 1325 665 commode
1334 635 1391 662 fieri
1403 636 1497 671 ponit,
1517 635 1623 672 fingulis
1635 637 1782 672 adjudicet:
1804 636 1822 664 fi
1831 646 1885 664 non
1893 636 1986 672 poffit,
1995 638 2024 665 ὃς

443 679 520 705 unius
528 687 586 714 fars
593 678 777 715 praeponderet
786 689 791 705 z
800 687 863 706 tunc
873 687 934 705 eum
944 677 1018 704 alteri
1026 686 1052 703 in
1061 677 1201 712 pecuniam
1209 682 1311 703 certam
1320 673 1576 710 condemnet.Q)d
1585 675 1602 701 fi
1611 683 1676 701 unus
1682 674 1773 710 aliquis
1783 673 1850 702 solus
1859 674 1958 702 frustus
1966 683 2024 710 per·
2064 691 2066 693 -

443 717 638 754 cepit‚1·emque
645 716 838 744 haereditariam
846 716 974 752 corrupit,
983 723 1025 742 aut
1034 714 1198 751 consumpsit
1206 724 1212 741 :
1220 722 1278 742 tum
1288 722 1349 739 eum
1359 713 1385 740 in
1392 720 1494 740 certam
1503 721 1610 750 quoque
1616 712 1757 750 pecuniam
1765 711 1840 739 alteri
1848 712 2024 740 condemnet.
2058 749 2061 759 ⁸

491 782 568 814 XX.
594 781 679 812 [mer
695 777 836 821 haeredes,
858 789 913 828 pro
923 776 1122 812 haereditariis
1131 772 1543 825 portionibus,obltgationes
1552 773 1745 808 haereditaria
1762 772 1865 820 divifie
1875 775 1975 820 fiinto.

484 842 650 869 'testimonia
663 841 740 876 hujus
752 842 817 879 legis
832 850 922 871 extant
936 841 1051 878 plurima
1065 842 1092 868 in
1103 840 1160 876 jure
1173 838 1261 869 civili:
1280 847 1337 874 quae
1350 838 1453 874 prolixe
1472 837 1524 865 hoc
1537 837 1599 865 loco
1612 846 1832 865 commemorare
1850 837 1924 866 nolo.
1963 838 2029 864 Sen:

443 880 557 907 tentiam
572 887 676 908 tantum
689 880 805 907 breviter
820 880 957 912 indicabo,
980 889 1036 916 quae
1052 879 1156 907 videtur
1169 877 1221 905 ess‘e
1233 877 1288 903 haec
1297 886 1305 902 τ
1328 877 1366 903 Ut
1380 875 1540 912 obligationes
1553 875 1676 913 testatam·
1689 875 1776 903 divifie
1797 875 1847 904 fint
1862 877 1933 904 inter
1946 874 2028 903 haere-

442 917 504 948 des,
525 927 575 954 pro
588 918 754 954 portionibus
769 917 944 944 haereditariis.
971 917 1105 952 Exemplo
1119 917 1165 943 fiet
1180 925 1220 942 res
1233 914 1348 942 clarior:
1368 914 1393 940 Si
1410 912 1512 950 testator
1530 922 1626 941 votum
1637 914 1744 950 aliquod
1758 913 1836 945 fecit,
1857 922 1902 942 aut
1914 920 2026 941 centum

444 955 522 983 alicui
537 956 617 984 debet
626 977 634 988 ,
654 964 713 984 tum
724 955 822 982 solutio
833 955 901 982 illius
913 955 984 986 voti,
1005 954 1047 981 vel
1056 954 1172 989 pecunia:
1185 952 1264 979 debet
1275 952 1332 978 fieri
1341 961 1395 979 non
1408 960 1546 987 perunum
1561 951 1693 978 haeredem
1703 972 1710 983 ,
1732 951 1775 978 sed
1791 952 1875 979 dividi
1886 961 1934 988 per
1942 951 2027 978 haere-

441 994 503 1025 des,
525 994 561 1022 ita
573 1001 603 1022 ut
615 1004 711 1022 omnes
722 994 836 1021 haeredes
849 992 987 1020 conferant
1000 992 1032 1019 ad
1047 992 1113 1019 illius
1126 990 1287 1018 solutionem
1296 1009 1303 1019 ,
1325 998 1375 1024 pro
1393 989 1562 1024 portionibus
1575 989 1752 1017 haereditariis.
1780 990 1815 1017 Et
1825 989 1859 1017 iic
1874 989 2021 1017 creditores

444 1033 582 1061 demortui
596 1031 723 1060 debitoris
734 1031 839 1069 poffunt
849 1039 940 1068 agere,
962 1039 1017 1057 non
1033 1037 1127 1058 contra
1142 1037 1225 1056 unum
1237 1026 1385 1058 haeredem,
1404 1026 1448 1053 sed
1463 1034 1556 1054 eontra
1564 1037 1669 1055 omues.
1690 1028 1767 1055 Idem
1781 1028 1862 1055 etiam
1876 1026 2028 1064 intelligen-
2058 1030 2063 1033 “

444 1071 511 1098 dum
527 1071 563 1097 est
578 1071 611 1097 de
625 1068 780 1106 testatoribus
791 1068 962 1096 creditoribus.
991 1068 1016 1095 Si
1031 1068 1089 1105 quis
1102 1068 1138 1095 eis
1152 1066 1246 1095 debeat
1261 1065 1374 1101 aliquam
1389 1064 1506 1101 pecuniae
1520 1064 1669 1100 summam,
1689 1075 1739 1093 nec
1752 1073 1813 1093 ante
1826 1066 1932 1094 obitum
1949 1063 2027 1103 testa-

444 1107 508 1135 toris
522 1107 617 1136 solutio
630 1109 675 1137 fiat
684 1119 692 1135 ι
712 1115 770 1136 tum
786 1107 898 1135 haeredes
913 1107 968 1142 ejus
982 1116 1078 1134 omnes
1087 1127 1094 1137 ,
1115 1115 1170 1133 non
1182 1113 1249 1132 unus
1263 1110 1368 1131 tantum
1378 1123 1385 1134 ‚
1405 1109 1498 1129 contra
1511 1102 1662 1131 debitorem
1678 1103 1812 1131 actionem
1829 1103 1936 1131 habent.

486 1150 536 1173 Pro
548 1145 710 1174 hereditariis
718 1144 899 1182 portionibus.]
922 1145 953 1173 Id
967 1145 1018 1178 est,
1033 1153 1079 1180 pro
1087 1142 1204 1179 partibus
1218 1139 1383 1175 hereditatis,
1405 1149 1468 1178 quas
1481 1139 1590 1180 quisque
1603 1141 1738 1170 haeredum
1752 1152 1784 1170 ex
1799 1141 1967 1173 haereditate,
1984 1139 2027 1169 vel
2058 1136 2059 1139 ¹

445 1183 522 1212 bonis
536 1185 666 1213 testatoris
677 1186 787 1222 accepit.

483 1222 652 1260 obligationes
665 1221 854 1257 hareditariae]
885 1222 916 1250 Id
930 1222 981 1253 est,
996 1221 1049 1250 illae
1061 1218 1220 1260 obligationes
1235 1241 1242 1252 ‚
1261 1228 1319 1257 quae
1331 1219 1346 1248 ὲ
1359 1219 1482 1248 testatore
1496 1220 1530 1247 ad
1543 1219 1659 1249 haeredes
1673 1221 1792 1249 veniunt·
1829 1216 1957 1257 obligatio
1972 1218 1989 1252 ⁴(
1998 1223 2027 1247 ut
2058 1202 2060 1225 1

444 1257 612 1298 Justmmnus
622 1261 665 1289 lib.
678 1271 701 1298 3.
711 1261 795 1290 Instit.
807 1261 849 1289 tit.
864 1269 906 1296 14.
919 1260 1032 1296 definit)
1044 1261 1080 1288 est
1092 1260 1157 1296 juris
1170 1258 1322 1290 vinculum,
1342 1268 1397 1296 quo
1410 1258 1560 1286 neceffitate
1573 1259 1761 1296 adstringimur
1774 1258 1884 1293 alicujus
1896 1256 2028 1285 iblvendae

445 1300 499 1330 rei,
522 1298 666 1327 secundum
680 1300 773 1327 nostrae
785 1299 899 1327 civitatis
912 1299 978 1335 jura.
998 1299 1163 1327 Dividuntur
1173 1306 1265 1326 autem
1279 1295 1440 1334 obligationes
1451 1295 1481 1336 in·
1491 1297 1634 1336 parurales,
1653 1296 1754 1329 civiles,
1774 1296 1816 1330 ἐς·
1829 1294 1934 1323 mixtas.
1971 1298 2028 1321 Na·

444 1336 542 1364 turrile:
555 1337 679 1366 dicuntur
693 1358 700 1368 ‚
721 1346 778 1374 quae
792 1342 855 1365 cum
870 1347 960 1365 revera
971 1337 1115 1365 commetae
1133 1336 1197 1368 lint,
1218 1338 1232 1363 ὀ
1249 1336 1308 1372 jure
1327 1343 1419 1362 tamen
1436 1342 1574 1373 quiritium
1588 1345 1643 1363 non
1662 1335 1842 1373 approbantur
1857 1345 1865 1360 :
1885 1332 1966 1362 veluti
1981 1353 1987 1363 ‚
2007 1331 2026 1360 fi
2060 1365 2063 1367 -

443 1373 534 1402 strvus
546 1376 598 1403 civi
613 1377 740 1403 Romano
754 1376 895 1411 pecuniam
912 1375 1067 1403 crediderit:
1087 1376 1146 1411 jure
1160 1375 1270 1411 quidem
1287 1381 1400 1405 naturae,
1420 1382 1477 1410 quae
1491 1381 1584 1409 parem
1599 1375 1723 1401 omnium
1737 1374 1881 1401 hominum
1894 1370 2028 1400 conditio-
2060 1384 2063 1391 =

445 1422 511 1440 nem
526 1413 578 1441 effe
592 1413 677 1442 voluit
688 1435 695 1444 ,
716 1413 845 1450 obligatio
858 1421 918 1442 nata
935 1414 983 1440 est:
1004 1413 1049 1440 sed
1061 1420 1159 1449 praetor
1173 1413 1206 1440 de
1220 1421 1250 1439 ea
1264 1412 1306 1447 jus
1322 1421 1376 1438 non
1390 1411 1464 1438 dicit.
1503 1409 1598 1438 Civile:
1610 1411 1683 1442 sunt,
1704 1421 1761 1448 quae
1778 1411 1819 1438 vel
1833 1419 1968 1446 nunquam
1984 1417 2025 1435 re·
2060 1408 2063 1432 ἱ

445 1460 508 1479 vera
523 1451 663 1479 contraaae
672 1450 747 1483 sunt,
767 1451 838 1478 fasto
847 1458 937 1479 tamen
953 1451 1056 1488 aliquo,
1076 1450 1119 1477 sed
1134 1451 1166 1478 ad
1180 1451 1245 1486 juris
1257 1449 1341 1477 civilis
1356 1450 1489 1476 rationem
1504 1458 1560 1475 non
1573 1450 1798 1479 accommodato,
1818 1447 1945 1475 diflblutae
1958 1446 2028 1474 sunt.

445 1488 536 1516 Mixm
548 1489 687 1521 dicuntur,
707 1499 766 1526 quae
779 1499 841 1517 cum
855 1499 948 1517 revera
961 1491 988 1518 ὃς
1001 1488 1146 1525 aequiffime
1159 1487 1301 1515 contraetae
1316 1486 1376 1513 sunt
1389 1506 1396 1516 ‚
1418 1493 1477 1513 tum
1493 1487 1574 1513 etiam
1591 1488 1604 1512 a
1617 1487 1677 1521 jure
1690 1486 1761 1513 civili
1775 1485 1956 1521 comprobatae
1969 1504 1977 1515 ,
1998 1486 2026 1511 δε
2059 1485 2064 1518 J

448 1526 629 1554 confirmatae:
650 1526 802 1561 cujusmodi
816 1527 890 1557 sunt,
911 1536 943 1554 ex
956 1533 1053 1553 mutuo
1066 1546 1073 1557 ‚
1094 1525 1288 1556 commodato,
1309 1523 1429 1559 deposito
1439 1543 1446 1553 ‚
1467 1531 1562 1558 empto
1577 1543 1584 1554 ‚
1604 1523 1740 1551 condusto
1752 1543 1759 1553 ,
1779 1525 1806 1550 δε
1820 1523 1919 1550 caeteris
1935 1521 2028 1549 fimili-

447 1563 504 1590 bus.
524 1565 564 1590 De
578 1563 630 1591 hoc
644 1564 725 1591 tertio
738 1572 837 1600 genere
849 1565 978 1600 praecipue
993 1563 1036 1590 lex
1049 1562 1175 1599 loquitur.
1196 1562 1266 1590 Alias
1274 1560 1452 1598 obligationum
1464 1559 1594 1597 divisiones
1607 1561 1725 1588 omitto:
1746 1561 1780 1587 de
1792 1560 1886 1597 quibus
1896 1560 2028 1595 juriscon-

446 1600 578 1630 sultorum
593 1600 688 1638 scripta
701 1602 853 1630 videantur:
874 1603 900 1630 ὃς
913 1611 962 1629 nos
975 1602 1058 1630 etiam
1072 1601 1141 1629 libro
1154 1600 1272 1638 sequenti
1287 1599 1408 1636 quaedam
1423 1598 1553 1625 dicemus.

498 1668 534 1701 Χ
535 1666 571 1699 Χ
574 1667 595 1699 J
594 1691 602 1701 .
627 1667 677 1699 'Ut
684 1676 744 1712 quae
752 1665 882 1709 mulien,
907 1677 975 1699 cum
976 1665 1062 1712 juris
1070 1665 1132 1708 esset
1140 1690 1150 1705 ,
1176 1676 1292 1698 annum
1301 1675 1393 1697 unum
1403 1661 1483 1712 apud
1490 1664 1595 1695 virum
1604 1663 1795 1696 matrimonii
1802 1663 1887 1709 caufh
1899 1662 1977 1710 fimf

636 1715 684 1760 fit
691 1738 703 1758 ,
729 1726 765 1747 ea
775 1714 901 1757 mulier,
926 1715 961 1747 ni
974 1713 1149 1747 trinoilium
1165 1714 1338 1761 ufiirpatum
1346 1714 1407 1758 effet
1413 1737 1425 1754 ,
1444 1723 1502 1761 pro
1511 1712 1652 1760 ufiicapta
1664 1711 1830 1746 haberetur.

450 1833 507 1862 cap.
518 1835 541 1862 3.
556 1833 662 1856 extant,
684 1824 776 1851 recitat
789 1823 932 1857 Francifius
945 1827 1135 1850 Hortomannm
1149 1823 1197 1850 IC.

488 1864 638 1892 Docuimus
652 1862 720 1890 libro
734 1862 829 1889 harum
845 1862 1044 1897 Antiquitatum
1059 1870 1085 1888 v.
1100 1870 1132 1888 ex
1144 1859 1261 1888 Severino
1275 1858 1376 1892 Boetia,
1397 1860 1494 1896 Topic.
1504 1857 1561 1887 Cic.
1571 1859 1732 1895 interprete,
1752 1859 1835 1887 tribus
1848 1861 1938 1888 modis
1953 1868 2026 1891 vete·
2060 1869 2064 1898 ς

450 1911 491 1931 res
505 1903 589 1929 Rom.
604 1911 698 1929 uxores
710 1899 837 1928 habuisse:
857 1900 915 1934 ufic,
928 1898 1015 1934 farre,
1035 1898 1079 1926 stu
1092 1898 1299 1934 confarreatione‚
1320 1901 1347 1927 δε
1361 1896 1517 1932 coemptione.
1545 1897 1600 1924 Usu
1613 1897 1670 1925 fieri
1686 1897 1878 1925 matrimonium
1890 1898 2027 1928 dicebatur

448 1940 498 1974 (ut
513 1940 538 1967 id
553 1940 671 1967 breviter
683 1938 852 1975 repetamus)
872 1946 934 1964 cum
948 1937 1080 1964 tutoribus
1092 1937 1246 1965 authoribus
1259 1936 1355 1964 mulier
1368 1937 1396 1964 in
1412 1936 1617 1964 matrimonium
1627 1935 1808 1963 *conveniebat
1821 1957 1828 1967 ,
1849 1938 1876 1964 ὃς
1890 1946 1952 1964 cum
1967 1938 2027 1966 viro

449 1979 486 2006 ita
502 1977 699 2009 consuescebat,
721 1985 750 2005 ut
764 1986 826 2004 curn
840 1975 910 2011 justo
926 1976 1026 2002 marito
1040 1985 1044 2001 z
1065 1975 1134 2003 adeo
1147 1982 1177 2003 ut
1189 1975 1207 2003 fi
1226 1974 1284 2003 usus
1297 1974 1341 2003 ille
1354 1975 1423 2004 intra
1434 1983 1536 2004 annum
1550 1983 1604 2002 non
1617 1975 1861 2011 interrumperetur
1872 1995 1881 2007 ‚
1901 1984 1953 2012 pro
1967 1976 2025 2011 uficf

450 2024 521 2050 capta
534 2017 590 2051 jam
601 2016 748 2043 haberetur.
769 2016 810 2042 De
825 2014 876 2042 hoc
890 2014 977 2041 modo
991 2014 1032 2041 lex
1045 2012 1100 2041 haec
1112 2013 1239 2051 loquitur.

491 2057 529 2080 Νι
541 2053 689 2082 trimatum
702 2053 847 2087 ufiaerpntum
859 2051 945 2089 ε][ει.]
967 2052 1087 2086 Uficrpare
1101 2051 1159 2083 hic,
1180 2054 1207 2081 ὃς
1223 2053 1364 2087 uficcapere.
1384 2050 1464 2080 verba
1476 2051 1546 2078 inter
1559 2049 1584 2077 se
1597 2051 1730 2079 contrarie
1744 2049 1825 2079 relata
1839 2050 1907 2080 sunt.
1951 2052 2026 2080 Nam

452 2099 468 2116 a
481 2092 590 2124 arpano,
605 2093 641 2120 est
650 2091 813 2127 usucapionis
828 2091 998 2126 interruptio.
1016 2089 1250 2128 Jubetigiturlex,
1264 2099 1292 2118 ut
1301 2100 1358 2128 quae
1372 2090 1468 2119 mulier
1480 2098 1579 2116 annum
1595 2098 1680 2117 unum
1691 2089 1859 2116 matrimonii
1874 2088 1947 2117 caufiz
1958 2090 2027 2127 apud

453 2130 542 2155 virum
556 2129 656 2163 sufflet,
676 2140 706 2158 ea
721 2129 818 2157 mulier
828 2138 899 2157 anno
911 2128 1005 2156 exusto
1016 2149 1023 2159 ,
1045 2128 1072 2155 in
1087 2129 1143 2164 ejus
1160 2129 1209 2156 viri
1224 2138 1305 2156 manu
1320 2128 1383 2157 esset
1397 2139 1403 2156 ι
1422 2129 1439 2155 i.
1453 2127 1523 2164 quafi
1534 2128 1668 2162 tificcinptat:
1686 2127 1760 2155 ficuti
1774 2136 1816 2154 res
1830 2126 1943 2155 mobiles
1954 2137 2027 2155 anno

451 2173 469 2192 a
480 2165 635 2200 ucapiumur.
673 2168 914 2203 Quemadmodum
930 2169 1021 2195 {tutem
1032 2165 1092 2202 jure
1109 2166 1177 2194 civili
1188 2176 1279 2194 rerum
1294 2165 1447 2202 uficcapiones
1460 2165 1642 2202 infringuntur
1655 2186 1663 2197 ‚
1690 2165 1708 2192 fi
1724 2166 1850 2193 dominus
1865 2175 1907 2193 eas
1918 2163 2025 2201 ufirrpa-

454 2203 501 2232 rit:
525 2205 603 2232 veluti
618 2205 635 2232 fi
648 2205 779 2234 surculum
793 2207 820 2235 in
835 2205 919 2233 fundo
933 2204 1078 2241 defregerit
1097 2205 1109 2239 (
1117 2204 1189 2241 quod
1203 2214 1236 2232 ex
1250 2204 1320 2232 libro
1337 2216 1361 2242 3.
1387 2203 1440 2231 Cic.
1460 2205 1494 2231 de
1507 2206 1622 2232 Oratore
1636 2204 1808 2241 intelligitur)
1828 2204 1923 2232 eodem
1939 2204 2026 2231 modo

452 2240 495 2270 Iex
510 2242 616 2270 mulieri
629 2245 784 2278 potestatem
798 2244 861 2271 facit
874 2243 1061 2281 possessionem
1074 2242 1146 2270 illam
1161 2243 1210 2270 viri
1225 2243 1450 2279 interrumpendi:
1471 2243 1602 2269 nimirum
1616 2242 1636 2270 fi
1648 2249 1710 2269 ante
1724 2243 1784 2269 anni
1796 2241 1876 2269 finem
1884 2248 1938 2269 tres
1952 2242 1984 2267 ab
1992 2251 2026 2268 eo

455 2281 548 2309 noistes
561 2279 682 2307 abfuerit.
702 2284 755 2308 Has
767 2290 857 2309 autem
872 2290 981 2311 uxores,
1001 2290 1058 2318 quae
1073 2280 1286 2309 matresfamilias
1297 2291 1352 2309 non
1365 2288 1454 2312 erant,
1474 2289 1602 2307 matronas
1614 2281 1723 2316 proprie
1736 2301 1743 2311 ‚
1764 2283 1789 2308 &
1805 2279 1922 2307 restriCte
1937 2279 2027 2315 appel·
2060 2284 2063 2314 ἶ

452 2318 500 2347 lari
514 2318 600 2346 solitas
614 2317 754 2345 verisimile
767 2319 815 2346 est:
834 2319 980 2355 praesertim
995 2328 1058 2346 cum
1076 2319 1194 2356 Agellius
1205 2319 1251 2347 lib.
1268 2321 1308 2348 18.
1321 2328 1377 2355 cap.
1392 2322 1418 2346 6.
1432 2318 1528 2346 scribat
1541 2338 1547 2347 ‚
1567 2327 1711 2346 matronam
1724 2317 1824 2346 distam
1837 2316 1888 2344 effe
1902 2318 2026 2354 proprie,
2059 2315 2063 2329 ⁴

454 2367 511 2396 quae
523 2358 551 2386 in
566 2355 772 2384 matrimonium
788 2365 851 2384 cum
865 2359 924 2386 viro
937 2357 1115 2391 conveniffet,
1136 2358 1223 2396 quoad
1235 2358 1264 2386 in
1279 2367 1311 2385 eo
1325 2358 1502 2387 matrimonio
1516 2364 1648 2385 maneret.

1871 2396 1941 2419 XX!
1949 2396 1964 2421 Ῑ.
1984 2396 2026 2421 Ne

489 1786 531 1815 Sic
541 1775 608 1815 hanc
620 1774 725 1823 legem,
745 1785 820 1822 cujus
832 1785 987 1814 testimonia
999 1785 1067 1821 apud
1082 1784 1207 1822 Agellium
1220 1784 1289 1813 libro
1301 1784 1399 1816 tertio,
1420 1791 1477 1819 cap.
1493 1792 1518 1810 2.
1532 1785 1559 1811 δε
1572 1783 1640 1820 apud
1653 1781 1809 1811 Macrobium
1820 1781 1866 1810 lib.
1884 1794 1906 1812 ι.
1922 1770 2064 1814 Saturus-3
