2075 2734
940 1 959 10 x

483 77 1304 126 Dx-:MARTEEXTVeneuhCAruxo.
1633 109 1678 137 ¹3¹

108 149 166 173 tem
188 144 215 173 Sc
229 142 374 172 castitatem
388 151 394 169 z
414 139 458 169 alii
472 140 564 178 cygnis
577 138 638 167 vehi
652 147 760 166 currum
774 138 854 167 istum
868 140 984 169 tradunt.
1011 139 1160 169 Plutarchus
1175 142 1202 169 in
1216 143 1357 181 Praeceptis
1373 145 1588 181 connubialibus,
1609 154 1686 179 Vene-

109 192 163 210 rem
184 181 273 209 scribit
292 181 451 209 testudinem
470 180 539 216 pede
550 177 694 205 calcantem
709 196 717 208 ‚
744 176 812 205 Eleis
827 177 950 206 Phidiam
964 177 1076 207 effeciss‘e
1090 200 1098 211 ‚
1127 187 1156 208 ut
1170 180 1322 209 domesticae
1337 184 1459 212 custodiae
1474 188 1500 215 δε
1515 187 1608 216 filentii
1622 199 1681 218 mu-

109 219 216 248 lieribus
229 217 384 256 symbolum
398 218 468 246 esset.
500 217 577 244 Idem
591 215 619 242 in
634 213 703 242 libro
717 214 750 242 de
766 215 831 243 lfidc
846 218 871 244 δε
886 217 988 245 Ofiride
998 238 1006 249 ,
1027 217 1060 244 de
1074 217 1122 245 hac
1138 221 1229 245 Venere
1244 229 1323 256 agens
1337 221 1373 249 ita
1386 223 1590 259 interpretatur,
1609 229 1682 263 quod

109 257 219 296 titgines
230 257 345 286 custodia
358 256 492 293 indigeant
505 265 511 281 ι
529 260 620 287 nuptas
631 261 696 280 vero
709 253 803 282 deceat
816 254 913 282 domus
926 254 1085 291 gubernatio
1101 258 1127 284 ὃ(
1141 255 1286 285 silentium.
1310 258 1422 294 Eusebius
1439 260 1506 289 libro
1522 265 1601 291 tertio
1617 265 1684 293 Prae-

111 305 166 332 par.
181 295 307 334 Euangel.
320 293 379 323 fabu
446 293 501 329 ejus
511 292 548 319 ita
561 291 682 328 exponit:
704 294 838 323 Venerem,
858 292 958 329 inquit,
980 294 1070 321 dicunt
1085 296 1231 330 generandi
1246 296 1302 323 vim
1316 297 1460 333 poffidere,
1482 300 1588 329 seminis
1604 305 1628 330 ἃ
1639 313 1684 331 cu-

110 335 228 370 piditatis
243 332 346 363 causam
360 352 368 363 ‚
455 329 562 366 'erisque
575 331 600 356 ei
613 327 731 356 formam
747 331 957 358 accommodant
971 350 978 360 ‚
1005 339 1116 367 propter
1130 334 1334 369 generationem
1349 346 1354 362 :
1382 336 1521 372 pulchram
1537 340 1668 378 effingunt
1678 363 1684 373 ,

111 373 173 409 quia
188 373 333 409 Phosphorus
345 370 397 401 est,
452 378 473 395 ae
487 366 665 404 pulcherrima
682 368 718 394 est
733 368 759 395 in
774 367 847 395 coelo
863 367 940 395 ssclla.
961 368 1000 396 llli
1011 368 1139 403 &Cupido
1154 371 1258 403 ass‘tstit,
1279 382 1390 409 propter
1405 376 1588 412 cupiditatem.
1610 378 1685 406 Ube-

111 419 154 442 ra,
175 413 201 439 ὃς
215 418 298 448 partes
312 405 437 445 genitales
451 406 628 443 obteguntur,
648 406 708 442 quia
722 405 831 434 seminis
847 408 871 435 &z
890 406 1044 434 nutritionis
1059 406 1112 434 lucc
1127 408 1251 437 membra
1267 411 1339 438 causa
1349 411 1416 441 sunt.
1437 415 1508 442 Nata
1515 416 1681 445 veroemari

111 448 274 484 perhibetur,
294 445 364 483 quod
380 444 545 473 elementum
560 442 704 471 humidum
717 443 885 482 calidumque
900 445 954 476 est,
976 447 1002 473 ἃ
1016 451 1094 472 motu
1109 446 1203 473 crebro
1218 447 1321 483 spumas
1338 451 1411 486 ejicit
1421 472 1427 482 ‚
1447 461 1504 496 qua:
1519 463 1561 481 res
1569 456 1606 482 est
1613 454 1684 491 sper-

112 487 190 514 matis
208 484 368 522 symbolum.
409 485 486 511 Hanc
506 482 601 513 deam,
622 483 853 518 quemadmodum
868 488 997 514 Martem,
1017 482 1138 519 religiose
1151 484 1289 514 coluerunt
1305 488 1436 521 Romani,
1457 501 1470 517 a
1486 499 1536 527 qua
1549 494 1685 530 uliginem

111 525 207 552 ducere
220 522 302 551 videri
315 521 470 553 voluerunt,
491 530 553 548 curn
570 519 703 548 finxerunt
718 531 750 549 ex
764 531 794 549 ea
809 523 834 550 &
849 520 962 548 Anchise
976 528 1070 548 uatum
1086 523 1212 549 AEueam:
1228 533 1278 559 qua
1293 526 1325 552 de
1334 527 1441 554 causain
1450 531 1571 557 nummis
1579 530 1683 568 quibus-

109 562 171 589 dam
191 559 366 597 expresserunt
387 558 542 587 Mercurium
555 558 734 586 deducentem
747 563 867 589 Venerem,
878 559 910 586 ab
925 557 1038 587 Anchise
1056 560 1082 586 in
1098 560 1145 587 Ida
1161 568 1255 588 monte
1269 563 1476 593 decumbentem
1492 587 1498 598 ‚
1529 576 1559 596 ut
1573 578 1635 596 cum
1651 579 1683 596 eo

109 599 301 636 congrediatur.
315 598 386 627 Hinc
395 597 517 634 plurimis
525 596 730 634 cognominibus
740 600 765 626 ἃ
774 596 882 633 templis
891 607 949 625 eam
958 597 1131 626 honorarunt.
1140 598 1210 625 Vide
1218 599 1274 635 ejus
1283 601 1338 637 Fig.
1347 603 1374 629 in
1383 602 1472 631 fronte
1480 604 1566 633 libr.2.
1575 614 1638 634 not:⁴
1648 610 1683 636 K.

145 637 170 664 C
179 646 220 664 Lu
230 647 246 664 A
255 646 286 664 ci
298 647 316 664 N
327 647 343 663 A
363 640 387 664 V
398 646 412 663 ε
421 647 438 664 N
449 645 466 663 υ
477 646 489 663 s
498 655 505 666 ‚
527 635 596 662 dicta
617 634 630 661 a
643 634 736 668 cluere,
757 636 829 673 quod
843 636 949 673 antiqua
962 634 1172 672 linguapugnare
1185 635 1323 673 fignificat.
1348 639 1414 667 Plin.
1430 641 1473 668 lib.
1488 654 1527 678 ¹5-
1563 646 1593 672 Ei
1611 652 1683 672 tem-

106 674 180 711 plum
195 675 270 703 vovit
286 676 313 702 ἃ
327 674 472 702 construxit
485 671 562 700 Titus
573 671 666 700 Tatius
681 674 754 705 Rex,
774 674 802 700 in
816 683 846 701 ea
861 673 913 701 fori
927 681 1001 709 parte
1010 694 1017 705 ‚
1037 682 1089 710 qua
1104 675 1222 701 Romani
1231 677 1258 703 ἃ
1267 675 1444 706 Sabiniarmis
1453 680 1577 715 depositis
1584 691 1680 719 pacem

106 713 236 744 inierunt,
256 716 283 741 ἃ
298 711 369 740 faCto
383 711 509 740 sacrificio
524 709 576 738 sese
589 719 778 748 purgaverunt.
799 711 851 739 Alii
866 711 1033 740 confundunt
1049 711 1116 738 hanc
1131 721 1193 739 cum
1207 712 1323 740 Cloacimi
1338 724 1394 751 qua:
1409 724 1499 744 tamen
1514 720 1614 748 diveri'a
1629 722 1664 748 est
1674 742 1681 752 ,

105 759 134 779 ut
147 750 215 778 infra
228 750 285 787 post
297 750 461 779 docebimus.
489 749 607 786 Qidam
622 748 689 776 hanc
705 753 824 777 Venerem
837 758 968 778 armatam
982 751 1197 786 interpretantm.
1228 754 1328 778 Vcnem
1341 753 1463 781 cluacinae
1477 757 1611 794 templum
1623 780 1630 791 ‚
1650 770 1682 787 a:-

105 789 163 820 des‚
185 791 212 817 δε
227 789 334 816 aedicula
348 787 516 816 recensentur
528 786 560 814 ab
576 787 710 821 Onuphrio.
1526 796 1529 797 ⁷

145 829 252 855 Μυκη·
264 838 272 854 1
287 837 303 854 Α
324 830 349 854 V
358 837 398 855 EN
409 836 425 853 υ
435 837 447 854 s
462 847 470 858 ,
496 826 567 862 prius
581 825 678 863 MyrtiJ
693 847 698 858 ,
720 825 733 852 ἡ
752 834 830 863 myrto
844 827 944 854 Veneri
956 826 1040 854 dicata
1055 834 1157 853 nomen
1173 826 1259 855 habet.
1281 828 1349 856 I‘lin.
1366 829 1411 857 lib.
1431 841 1441 858 x
1447 841 1471 867 5.
1507 833 1579 870 Qin
1596 836 1621 862 ἃ
1636 843 1679 862 am

106 874 180 893 vetus
195 864 244 892 fuit
256 863 343 891 Veneri
353 869 467 899 Myrtea,
487 872 568 900 quam
582 873 652 891 nunc
667 862 794 890 Martiam
810 874 914 893 vocant.
936 864 1013 892 Idem
1028 864 1105 892 habet
1120 864 1272 894 Plutarchus
1282 867 1310 894 in
1326 868 1520 907 Qaestiouibus
1530 872 1662 900 Romanis
1671 894 1679 905 ,

104 904 191 939 quaest.
201 912 243 929 20.
264 902 351 938 Hujus
364 902 430 929 aedcs
444 900 494 929 fuit
510 902 537 928 in
552 901 662 938 regione
674 912 718 930 xr.
733 902 798 929 teste
811 907 842 930 P.
856 902 959 930 wiffare.

144 942 166 968 L
177 951 187 968 1
198 951 212 967 B
225 951 234 967 1
246 950 262 967 τ
276 951 284 967 ι
296 950 312 967 N
324 949 348 967 (ε
368 943 392 967 V
403 950 441 968 en
453 950 467 968 E
476 950 492 967 R
505 950 514 967 1
527 950 538 967 s
561 941 683 968 aerarium
702 940 804 967 Servius
824 941 922 968 Tullius
937 940 1064 972 instituit,
1087 942 1114 969 in
1130 942 1203 979 quod
1217 942 1414 978 pro—defunctis
1429 947 1494 974 certi
1508 948 1585 983 pretii
1601 958 1679 976 num-

104 979 144 1006 mi
158 977 328 1006 inferrentur.
346 975 475 1016 Diorgffius
487 977 533 1005 lib.
541 987 568 1013 4.
594 978 625 1005 In
640 977 717 1014 hujus
731 978 836 1015 templo
849 978 1032 1006 vendebantur
1047 988 1091 1010 ea,
1113 989 1170 1017 quae
1186 981 1217 1007 ad
1232 980 1326 1009 funera
1339 983 1516 1018 pertinebant.
1543 987 1625 1021 Cujus
1641 989 1679 1015 rei

103 1016 188 1045 causas
208 1017 343 1053 requirens
363 1016 511 1043 Plutarchus
531 1016 612 1047 dicit,
631 1023 675 1044 aut
690 1016 741 1043 effe
753 1015 805 1044 hoc
820 1027 905 1045 unum
918 1018 951 1045 de
967 1018 1066 1044 Numa:
1082 1018 1164 1054 Regis
1178 1018 1308 1054 sapienter
1322 1021 1444 1049 institutis
1454 1042 1461 1053 ,
1481 1031 1535 1059 quo
1549 1024 1678 1053 discerent

103 1054 242 1087 homines,
256 1054 288 1082 ab
301 1054 340 1081 his
354 1053 431 1082 rebus
444 1064 498 1082 non
512 1054 669 1086 abhorrere,
683 1063 769 1090 neque
782 1064 832 1092 pro
847 1055 955 1091 piaculis
969 1064 1011 1082 eas
1025 1055 1135 1083 ducere:
1150 1063 1195 1083 aut
1203 1057 1313 1085 voluisse
1322 1066 1423 1087 veteres
1431 1059 1577 1097 hacipfire
1586 1072 1680 1090 mone-

103 1102 134 1120 re
147 1093 277 1121 caducum
291 1092 356 1125 effe,
375 1092 447 1129 quod
463 1093 525 1121 esset
539 1100 648 1124 natum,
668 1102 718 1120 una
732 1094 879 1131 eademque
892 1094 950 1121 Dea
964 1095 991 1121 &c
1005 1093 1122 1124 ortibus,
1143 1095 1169 1121 ἃ
1183 1094 1333 1123 inter-itibus
1347 1097 1507 1133 praelidente.

145 1130 203 1159 Alia
222 1131 253 1159 ab
272 1130 321 1158 hac
343 1130 378 1157 est
400 1133 424 1157 V
434 1141 448 1159 r.
458 1141 475 1159 N
485 1140 522 1158 us
544 1132 567 1157 L
579 1140 588 1157 1
600 1141 614 1157 B
624 1139 662 1157 EN
673 1141 689 1158 τ
703 1142 712 1158 1
725 1139 741 1157 N
752 1141 766 1158 A
781 1152 788 1163 ‚
814 1132 828 1160 2¹1
847 1130 940 1158 libendo
961 1131 1046 1161 dieta,
1067 1132 1141 1167 cujus
1163 1133 1289 1162 meminit
1308 1137 1383 1162 Varro
1394 1155 1400 1166 ,
1420 1139 1521 1167 thero,
1543 1139 1569 1166 &
1585 1138 1679 1166 Nonim

102 1169 249 1201 amamus,
269 1170 312 1196 cui
331 1167 437 1204 puellae,
457 1177 514 1205 qux
535 1167 694 1196 excesserant
707 1178 790 1196 annos
804 1169 937 1205 pueritiae,
956 1177 1037 1204 pupas
1052 1170 1134 1198 aetatis
1148 1169 1198 1197 suo:
1212 1170 1320 1208 inlignia
1335 1173 1424 1200 dicare
1438 1173 1572 1207 solebant,
1592 1178 1631 1204 uti
1646 1187 1677 1204 cx

103 1204 186 1241 Pmfio
199 1206 333 1234 discimus.
360 1207 446 1232 Locus
460 1205 504 1231 ubi
517 1206 594 1240 hujus
608 1205 741 1240 templum
758 1206 850 1237 fuerit,
871 1207 1017 1242 ignoratur.

144 1246 247 1271 ALMA
267 1243 349 1270 etiarn
369 1244 491 1270 Venus
514 1243 585 1270 dicta
607 1242 643 1268 est
657 1262 665 1273 ‚
692 1244 719 1271 id
740 1243 776 1271 est
789 1264 797 1276 ‚
816 1244 908 1279 Jicha
922 1263 931 1275 ,
951 1243 1003 1270 five
1017 1242 1130 1277 pulchra.
1158 1243 1255 1271 Festus.
1282 1246 1370 1282 Hujus
1389 1248 1496 1276 aedicula
1514 1249 1565 1277 fuit
1586 1252 1613 1278 in
1637 1261 1677 1279 re.

122 1290 182 1311 ione
196 1291 227 1308 xr
237 1291 258 1308 ι.

101 1290 120 1320 g
146 1322 170 1348 C
179 1329 193 1346 Α
203 1329 218 1346 L
227 1329 242 1345 v
251 1328 266 1346 A
285 1319 311 1345 V
320 1329 334 1346 ε
343 1327 405 1346 nus
421 1318 453 1345 ab
462 1326 559 1346 eventu
573 1327 674 1344 nomen
688 1319 774 1347 habet.
796 1319 838 1346 Sic
845 1320 918 1346 enim
927 1316 1079 1345 Ladantius
1091 1317 1136 1347 lib.
1150 1330 1172 1347 1.
1184 1321 1271 1356 capite
1281 1330 1324 1349 20.
1350 1324 1423 1352 Urbe
1438 1323 1452 1351 a
1466 1325 1548 1352 Gallis
1561 1336 1676 1363 occupa-

104 1365 148 1390 ta,
167 1356 258 1393 obsessi
272 1357 298 1384 in
313 1355 447 1392 Capitolio
461 1357 595 1386 Romani,
614 1365 677 1382 cum
693 1366 724 1384 ex
740 1356 885 1384 mulierum
901 1356 999 1392 capillis
1013 1363 1149 1385 tormenta
1164 1357 1297 1390 fecffl'ent,
1319 1360 1403 1388 aedem
1420 1361 1507 1389 Veneri
1523 1365 1606 1391 Gali-a
1615 1374 1677 1393 con-

104 1396 244 1424 secrarunt.
265 1394 391 1422 Meminit
404 1392 482 1429 hujus
495 1393 607 1421 historiae
622 1395 648 1421 ἃ
661 1394 773 1431 Vegetius
786 1394 855 1421 libro
868 1403 894 1430 4.
917 1395 947 1421 In
961 1393 1099 1422 obfidione
1115 1396 1241 1432 Capitolii
1255 1400 1386 1434 corruptis
1399 1400 1484 1437 jugis,
1503 1411 1533 1429 ac
1548 1401 1628 1431 lcnoa
1641 1404 1678 1430 fa-

104 1435 234 1472 rigatione
246 1433 387 1460 tormentis
401 1441 462 1458 cum
478 1440 624 1459 nervorum
640 1434 716 1468 copia
729 1431 879 1464 defecisset,
899 1439 1029 1459 matronae
1044 1432 1165 1460 absciffos
1179 1435 1263 1461 crines
1279 1435 1341 1462 viris
1355 1437 1476 1465 obtulere
1483 1426 1674 1474 puonanffibffl2

103 1470 278 1508 reparatisque
298 1469 442 1501 machinis,
462 1469 672 1497 adversariorum
692 1472 828 1507 impetum
842 1470 1003 1507 repulerunt.
1038 1471 1191 1498 Maluerunt
1205 1481 1296 1500 autem
1310 1474 1483 1509 pudiciffimae
1499 1461 1618 1506 ftie’mina:
1631 1480 1676 1507 de-

105 1509 224 1537 formato
238 1509 270 1536 ad
286 1516 392 1545 tempus
408 1509 492 1544 capite
506 1507 588 1535 libere
604 1509 694 1536 vivere
707 1518 770 1536 cum
784 1509 901 1540 maritis,
922 1517 1003 1545 quam
1017 1507 1133 1536 hostibus
1146 1509 1259 1547 integro.

144 1548 190 1575 ER
199 1557 217 1574 Y
226 1555 242 1573 c
255 1557 265 1574 1
276 1557 293 1575 n
303 1557 319 1574 A
341 1549 366 1574 V
375 1555 460 1574 nnus
475 1546 667 1583 cognominata
680 1547 716 1574 est
729 1547 762 1575 ab
775 1551 849 1585 Eryce
863 1555 958 1574 monte
971 1546 1077 1578 Siciliae,
1095 1547 1123 1574 in
1139 1555 1193 1583 quo
1208 1549 1304 1575 AEneas
1319 1552 1399 1578 matri
1414 1552 1548 1588 templum
1557 1554 1674 1581 constm-

103 1593 192 1617 xerat,
211 1585 245 1612 de
258 1594 312 1621 quo
325 1583 404 1613 multi
415 1583 539 1612 scribunt.
559 1585 649 1612 Postea
663 1587 690 1614 ἃ
706 1587 803 1614 Romae
816 1588 852 1623 Q
867 1584 957 1612 fabius
970 1584 1102 1612 Maximus
1116 1584 1239 1614 Dic‘tator
1253 1583 1338 1614 :edem
1355 1590 1377 1616 ei
1387 1591 1477 1621 vovit,
1498 1600 1561 1618 cum
1570 1601 1602 1618 cx
1610 1592 1673 1620 faza-

103 1623 184 1654 libus,
204 1622 247 1650 vel
260 1622 392 1659 Sibyllinis
405 1621 477 1650 libris
493 1623 610 1650 edietum
626 1625 703 1655 esset,
723 1632 753 1652 ut
767 1625 788 1651 is
803 1630 929 1654 voveret,
949 1623 1023 1659 cujus
1037 1623 1190 1650 maximum
1205 1625 1351 1661 imperium
1367 1628 1393 1654 in
1409 1627 1473 1654 urbe
1489 1629 1558 1657 esset.
1585 1628 1673 1656 Livius

103 1661 172 1689 libro
181 1671 223 1689 22.
244 1662 311 1688 Eam
324 1662 398 1689 idem
412 1669 512 1688 creatus
526 1660 660 1689 Duumvir
673 1663 699 1690 in
714 1662 847 1699 Capitolio
861 1662 1003 1690 dedicavit.
1022 1660 1112 1688 Limus
1127 1661 1172 1688 lib.
1183 1673 1226 1700 23.
1249 1663 1310 1690 Fuit
1324 1666 1350 1692 ὃς
1364 1665 1411 1692 alia
1426 1666 1492 1693 aedes
1507 1666 1605 1693 Veneris
1614 1671 1674 1705 Ery-

102 1699 159 1726 cina
173 1699 205 1727 ad
218 1704 325 1736 po'rtam
339 1699 474 1727 Collinam
486 1719 492 1730 ‚
508 1699 720 1728 votaaLfflorcio
729 1700 830 1727 Lusim'o
837 1699 964 1731 Consule,
980 1699 1050 1727 bello
1059 1699 1197 1735 Ligustino
1206 1721 1213 1732 ‚
1230 1702 1256 1728 &
1264 1700 1296 1727 ab
1304 1703 1401 1730 eodem
1411 1704 1563 1731 Duumviro
1571 1704 1675 1732 dedica-

103 1744 130 1765 ta
152 1747 186 1765 eo
204 1747 288 1769 anno,
309 1747 362 1775 quo
385 1737 504 1774 Aquileia
525 1738 637 1767 Colonia
651 1738 746 1767 Latina
760 1739 787 1767 in
799 1747 866 1777 agro
880 1737 1022 1766 Gallorum
1036 1739 1072 1765 est
1085 1737 1206 1767 deducta.
1232 1737 1320 1766 Livius
1336 1740 1381 1768 lib.
1393 1750 1440 1776 40.
1480 1742 1608 1770 Meminit
1616 1743 1672 1778 ejus

100 1774 179 1805 ovid.
190 1775 236 1804 lib.
251 1785 275 1803 2.
290 1777 323 1804 de
337 1776 458 1804 remedio
471 1776 582 1803 amoris:

443 1812 485 1849 Est
492 1822 564 1849 prope
581 1817 604 1842 C
605 1813 707 1843 ollinam
719 1815 840 1850 templum
853 1812 994 1842 venerabile
999 1822 1102 1849 portam
1111 1834 1119 1846 ,

476 1852 591 1887 Impcfiaet't
601 1854 689 1888 templo
701 1854 802 1880 nomina
812 1854 885 1887 celfiaes
896 1857 972 1891 Egyx.

139 1893 202 1919 Hoc
214 1890 347 1928 templum
362 1891 436 1919 fuisse
449 1899 480 1917 ex
494 1892 710 1919 nominatissimis
724 1893 824 1920 constat
838 1902 870 1920 ex
883 1890 999 1925 Appiano
1012 1890 1057 1918 lib.
1069 1902 1090 1919 1.
1108 1890 1242 1918 bellorum
1256 1891 1383 1921 civilium.

138 1930 167 1957 V
176 1939 190 1956 Ε
199 1939 215 1956 R
224 1940 240 1957 τ
252 1939 262 1956 1
273 1939 313 1957 co
323 1940 339 1957 a
349 1941 367 1958 n
380 1939 390 1956 1
402 1940 426 1956 a:
446 1930 471 1955 V
484 1937 497 1954 Ε
507 1937 524 1955 N
537 1938 551 1956 ε
561 1941 576 1957 n
589 1940 597 1956 1
609 1940 621 1957 s
643 1931 710 1958 aedes
730 1939 803 1958 extra
822 1938 930 1967 portam
953 1928 1087 1957 Collinam
1108 1931 1150 1956 via
1166 1928 1261 1957 Salaria
1274 1930 1332 1959 fuit.
1375 1933 1438 1959 Haec
1453 1931 1520 1960 aedes
1536 1932 1603 1960 facta
1619 1933 1671 1966 est,

102 1975 167 1994 cum
185 1974 238 1995 tres
258 1967 373 1996 Vestales
393 1977 447 1996 uno
469 1974 594 2002 tempore
613 1968 742 1996 incestum
757 1967 949 1996 commififfent
963 1969 974 2002 (
984 1967 1215 2004 quemadmodum
1230 1966 1326 2003 Julius
1338 1967 1476 2008 obsequens
1490 1970 1543 2005 ait)
1558 1979 1588 1999 ut
1601 1971 1673 2008 puell

102 2003 189 2031 larum
208 2005 310 2033 animos
330 2006 438 2035 lascivos
457 2005 490 2033 ad
511 2006 657 2034 castitatem
671 2014 794 2035 verteret.
834 2009 877 2034 De
891 2007 989 2033 eodem
1007 2006 1117 2033 ναῖεν-ιω
1130 2004 1265 2033 Maximus
1279 2006 1324 2034 lib.
1339 2008 1366 2036 8.
1381 2016 1437 2044 cap.
1456 2018 1500 2044 15.
1518 2008 1626 2037 oridius
1643 2009 1672 2037 li-

101 2041 152 2070 bro
166 2052 193 2078 4.
206 2043 354 2072 Fastorum:
1559 2043 1562 2046 ’

435 2086 517 2110 Roma
525 2080 647 2117 pudicitia
655 2091 804 2116 proavorum
818 2090 925 2117 tempore
938 2080 1003 2116 lapfiz

473 2124 599 2147 Cumaeam
610 2128 708 2147 veteres
719 2120 867 2156 conjulm'sttsss
879 2130 965 2147 anum.

440 2159 543 2192 Templa
548 2158 622 2192 jubet
633 2158 785 2196 PPnerifieri
794 2179 801 2190 ,
820 2158 908 2197 quibus
923 2155 1104 2192 ordinefizfftsss,

476 2197 537 2224 Inde
548 2200 626 2224 Venus
639 2202 705 2231 verso
717 2196 815 2224 nomine
826 2198 898 2223 corda
913 2203 990 2222 tenet.

142 2236 167 2262 V
176 2241 192 2260 r.
201 2242 219 2260 u
228 2241 243 2260 E
253 2244 268 2261 n
281 2242 291 2260 ι
303 2243 314 2261 s
338 2234 444 2269 Routn
453 2243 471 2262 n
481 2244 505 2261 ,κε
515 2255 523 2267 ,
542 2235 585 2263 vel
599 2239 697 2263 Venerrs
713 2238 739 2264 ἃ
753 2236 851 2262 Romae
867 2233 974 2263 conlbrs
989 2233 1128 2261 delubrum
1144 2233 1194 2263 fuit
1209 2236 1237 2264 in
1252 2235 1293 2264 via
1307 2235 1391 2270 sacra,
1411 2237 1522 2267 testante
1537 2238 1563 2266 id
1581 2245 1673 2266 contra

99 2269 296 2309 Symmachum
309 2272 446 2301 Prudentia
454 2283 462 2299 ε

436 2310 488 2337 Ad
490 2311 590 2344 fiacram
603 2311 712 2345 resonare
723 2309 793 2338 viam
806 2308 953 2348 mugitibus,
973 2319 1033 2337 ante

438 2347 576 2376 Delubrum
587 2352 682 2377 Roma.-
701 2349 788 2377 colmar
802 2359 862 2377 nam
868 2350 991 2386 jaingume
1003 2348 1043 2381 (⁶3⁶
1058 2348 1108 2384 ipsu

1008 2389 1034 2416 R
1054 2397 1069 2414 z
1606 2393 1677 2417 More
