2075 2734
387 132 440 156 222
693 103 1700 148 ANT¹QU1TATUMROMANARUMLIB.‘III.

387 173 521 202 Haeremus
539 164 637 194 Livius.
678 164 764 191 Festus
784 164 866 191 etiam
888 163 924 190 ait
938 182 945 193 ,
975 158 1120 198 Pontificem
1141 156 1290 185 Maximum
1310 155 1430 192 judicem
1452 162 1531 191 atquc
1545 153 1675 180 arbitrum
1690 161 1781 183 rerum
1795 153 1963 191 divinarum}

388 218 467 246 atque
487 208 664 234 humanarum
687 203 748 229 esse.
789 203 924 229 Caeterum
947 198 1066 233 Pontifex
1084 196 1219 224 Maximm
1240 205 1273 223 ex
1286 194 1399 231 collegio
1420 192 1585 235 Pontificum
1599 189 1741 234 ‘creabatur
1753 211 1761 223 ‚
1787 203 1842 222 non
1854 196 1964 233 quidem

386 248 552 283 collegarum
571 241 741 279 cooptatione
755 260 761 270 ,
783 247 813 267 ut
833 240 860 266 in
879 239 980 266 cacteris
990 234 1138 271 sacerdotiis
1158 245 1218 262 mos
1237 242 1292 261 erat
1306 254 1314 265 ,
1341 232 1385 259 sed
1403 230 1618 273 populi-tributis
1638 236 1770 261 commis,
1789 238 1818 258 ut
1837 242 1870 261 ex
1888 234 1967 262 omni

391 284 455 312 Livit
469 283 573 311 historia
588 280 664 307 facile
678 277 789 314 intelligi
805 278 899 314 potest.
921 276 1010 305 Multo
1025 275 1108 302 etiam
1122 282 1248 310 tempore
1261 281 1317 299 non
1330 270 1378 311 nisi
1391 280 1423 298 ex
1438 268 1555 307 patribus
1568 267 1718 312 creabatur,
1738 268 1966 306 donecpostremo

386 323 514 350 omnibus
528 318 673 347 honoribus
687 315 757 352 plebi
771 315 990 346 communicatis,
1011 311 1130 348 Pontifex
1142 320 1249 349 quoque
1263 314 1396 337 Maximus
1411 318 1442 349 εὶς
1457 307 1535 348 plebe
1547 316 1651 350 primus
1664 312 1766 333 creatus
1778 307 1815 334 est
1825 312 1856 336 T.
1870 312 1968 338 Corun-

387 371 482 388 camus.
524 357 584 384 1³0st
603 364 685 393 quem
707 354 785 380 multi
806 361 864 381 tam
879 351 998 384 maricii,
1020 360 1101 388 quam
1110 349 1200 385 plebeji
1217 347 1347 384 Pontifices
1360 352 1475 374 Mnxtmt
1487 353 1569 388 creati
1584 345 1707 387 fuerunt,
1723 343 1808 384 *usque
1819 347 1852 374 ad
1866 351 1897 374 C.
1910 347 1968 384 Ju-

388 398 452 426 lium
472 397 599 430 Caefizrem.
642 395 706 429 Quo
724 400 834 419 mortuo
854 393 882 419 in
896 392 951 428 ejus
966 391 1057 419 locum
1075 387 1255 427 Pontificatum
1268 386 1412 414 maximum
1427 395 1476 422 per
1489 386 1547 412 vim
1561 386 1654 411 invasit
1666 382 1775 416 Lepsdus
1787 393 1795 414 5
1822 385 1883 420 post
1895 386 1969 422 cujus

389 444 508 465 mortem
530 433 556 461 id
579 432 756 460 iacerdotium
779 429 889 467 suscepit
902 427 1027 467 Augustus
1044 448 1050 458 ‚
1078 429 1151 464 quod
1165 427 1269 462 Lepido
1282 426 1347 452 vivo
1360 433 1499 466 nunquam
1513 431 1667 465 quanquam
1682 420 1802 449 oblatum
1816 442 1825 454 ,
1849 424 1970 460 wipere

390 474 558 502 sustinuerat,
578 479 607 498 ut
622 475 645 497 T
645 469 786 508 ranqun'lus
798 469 888 497 tradit.
913 469 1019 495 Decens
1032 473 1122 494 autem
1137 464 1287 493 visum-est.
1309 472 1372 491 eum
1386 464 1432 500 qui
1444 469 1525 489 totius
1539 469 1647 503 imperii
1659 458 1848 496 POssCffionem
1862 462 1971 498 adeptus

390 512 467 542 esset,
487 509 569 546 ipsam
591 517 698 545 quoque
718 506 869 544 supremam
883 507 1035 534 divinarum
1050 513 1142 531 rerum
1156 502 1361 542 authoritatem,
1382 509 1440 537 quae
1451 499 1504 527 hoc
1517 499 1665 542 sacerdotio
1679 497 1972 542 comprehendebatur,

390 550 496 577 habere.
523 549 614 584 Qare
628 551 686 583 polt
703 543 845 583 Augustum
859 554 954 572 omnes
968 544 1089 570 Romani
1104 542 1252 577 Principes,
1275 540 1320 577 qui
1333 538 1378 579 iub
1395 539 1568 578 Imperatoris
1581 545 1696 579 nomine
1710 546 1749 564 rei
1761 537 1894 565 Romanae
1905 547 1972 575 prae-

391 588 514 617 fuerunt,
536 584 714 623 Pontificatum
733 582 878 610 maximum
898 583 939 609 vel
960 581 1142 617 susceperunt,
1163 580 1206 607 vel
1219 579 1245 606 se
1261 575 1388 614 Ponttfices
1405 580 1534 602 Maxtmos
1546 574 1749 617 appellari-passi
1765 574 1836 618 suntl:
1859 584 1890 604 ut
1905 581 1972 605 Con.

381 625 514 664 stammas
529 645 536 656 ‚
563 621 724 661 Constantius
739 642 746 653 ,
772 619 964 648 mle-minianus
977 639 984 649 ‚
1013 619 1101 646 Valens
1114 637 1122 646 ,
1149 617 1190 650 ξς
1209 617 1349 644 Gratianus
1369 612 1498 650 Augustus
1513 624 1521 638 :
1549 622 1595 649 qur
1614 612 1767 640 Christianae
1785 613 1909 651 rehgioni
1930 616 1975 644 ad-

390 664 469 695 dieti,
489 670 641 700 quanquam
657 671 670 687 a
685 658 813 697 Pontgsicio·
826 657 940 685 Maximi
955 667 1067 685 munere
1081 656 1269 688 abhorrerent,
1289 656 1316 682 id
1330 661 1422 682 tamen
1437 652 1531 689 elogiis
1546 651 1598 679 suis
1613 650 1776 686 adscriptum
1789 661 1845 680 non
1857 652 1975 690 asperna-

389 703 410 729 ti
423 701 495 732 sunt,
516 700 556 728 vel
568 700 726 736 rejecemnt.
1675 725 1679 729 ι
1838 728 1842 732 1
1964 699 1965 703 =

431 741 535 766 Primus
548 739 673 766 omnium
687 735 827 764 Gratianus
841 736 992 772 Imperator
1005 734 1094 762 edicto
1107 732 1244 769 propofito
1260 732 1309 767 (ut
1319 728 1433 768 Zqfimus
1447 729 1546 763 docet)
1561 727 1585 772 se
1601 724 1750 767 Pontficem
1763 732 1913 770 Maximum
1926 740 1972 768 ap*-

391 777 482 816 pellari
497 777 597 808 vetuit,
617 783 710 812 atque,
731 776 767 803 ita
781 784 810 802 ea
823 773 961 801 sacerdotii
975 774 1089 810 dignitas
1108 772 1135 799 in
1152 769 1361 807 imperatoribus
1376 767 1485 795 defecit.
1519 768 1620 794 Seriem
1634 764 1785 808 Ponttficum
1799 772 1976 808 Mammorum

392 827 406 844 a
422 818 514 844 Numa
525 815 643 846 Marcio,
662 813 744 851 usque
756 813 789 841 ad
804 813 901 841 Titum
915 812 1035 840 Flavium
1049 809 1237 847 Vespasianum
1252 809 1450 845 Imperatorem
1464 806 1612 842 Augustum
1628 805 1735 842 collegit
1748 805 1898 840 Onuphnus.

1043 881 1067 907 C
1089 889 1106 907 Λ
1128 890 1151 906 Ρ.
1190 877 1324 906 XXIII.

977 936 1029 967 De
1046 934 1142 967 Saliis
1158 933 1287 967 Collinis
1302 933 1396 966 XII.

395 1018 435 1079 S
447 1028 462 1045 A
472 1027 487 1044 L
497 1027 523 1045 11
540 1016 664 1047 Palatini,
684 1014 717 1042 de
731 1013 826 1052 quibus
841 1020 903 1040 ante
917 1012 1047 1044 diximus,
1067 1011 1082 1040 :l
1097 1013 1190 1040 Numa
1206 1012 1317 1040 instituti
1332 1011 1399 1040 sunt.
1419 1013 1477 1039 Hos
1490 1019 1555 1039 vero
1567 1011 1657 1040 Tullus
1671 1011 1793 1050 Hostilius
1806 1016 1866 1042 Rex
1874 1024 1906 1043 ex
1916 1023 1980 1048 voto

458 1055 569 1086 creavit,
590 1055 622 1082 de
636 1053 730 1091 quibus
744 1050 874 1090 Dioqffius
887 1051 931 1078 lib.
949 1061 974 1086 3.
989 1050 1044 1078 haee
1060 1052 1201 1079 memorice
1213 1051 1304 1087 prodit
1318 1060 1324 1076 ε
1346 1051 1498 1087 Pugnatum
1513 1050 1549 1077 est
1564 1051 1597 1078 ad
1612 1054 1746 1080 Heremm
1764 1062 1813 1082 cv1
1823 1064 1844 1081 1.
1859 1053 1891 1081 ab
1905 1054 1980 1083 Urbe

396 1093 493 1125 stadio,
513 1092 605 1120 multis
619 1093 741 1128 utrinque
756 1088 918 1117 cadentibus.
940 1090 1065 1126 Cumque
1078 1096 1138 1117 tum
1153 1098 1259 1126 quoque
1274 1089 1320 1116 diu
1334 1097 1409 1125 aequo
1424 1090 1512 1116 Marte
1527 1096 1686 1121 certaretur,
1709 1090 1798 1118 Tullus
1812 1092 1940 1128 protensis
1947 1091 1982 1120 ad

398 1131 500 1159 eoelum
518 1130 640 1158 sranibus
659 1138 755 1156 votum
769 1127 828 1155 Diis
839 1126 919 1158 fecit,
940 1126 958 1153 fi
973 1128 1010 1154 eo'
1021 1127 1065 1154 die
1079 1126 1182 1154 Sabinos
1192 1128 1326 1158 vinceret,
1345 1131 1454 1153 Saturno
1469 1128 1495 1154 δε
1510 1126 1558 1160 Opi
1570 1126 1596 1154 se
1610 1128 1792 1156 instituturum
1808 1130 1899 1162 ferias,
1920 1139 1984 1167 quas

399 1170 518 1196 Romani
534 1169 592 1205 post
613 1174 795 1202 comportatas
816 1172 891 1193 terrae
913 1164 1003 1201 fruges
1024 1164 1156 1191 celebrare
1176 1164 1260 1193 solent
1272 1163 1399 1200 publicet
1427 1164 1675 1201 duplicaturumqne
1689 1165 1814 1195 Saliorum
1829 1177 1983 1195 numerum.

399 1208 436 1235 Hi
452 1207 510 1234 sunt
524 1215 622 1243 genere
640 1204 753 1235 Nobtles,
774 1204 852 1230 certis
866 1201 1033 1238 temporibus
1046 1203 1142 1228 armati
1156 1201 1276 1230 saltantes
1290 1201 1322 1227 ad
1337 1201 1406 1227 tibiae
1418 1200 1558 1229 modulos,
1579 1203 1606 1228 ὃς
1621 1202 1721 1237 patrios
1728 1206 1855 1239 quoidam
1864 1205 1982 1241 hymnos

399 1246 587 1272 concinentes:
610 1244 644 1269 Et
659 1250 720 1270 ante
733 1249 795 1268 cum
811 1240 844 1267 de
859 1239 935 1266 Saliis
952 1237 1080 1266 Palatinis
1092 1239 1222 1275 loquitur:
1243 1237 1380 1274 Agonales,
1400 1237 1500 1273 inquit,
1522 1237 1590 1270 sive,
1611 1245 1641 1266 ut
1655 1239 1765 1275 quidam
1781 1241 1912 1276 appellare
1925 1251 1983 1270 ma-

400 1283 472 1313 lunt,
492 1279 585 1309 Collini
597 1279 663 1307 Salii
675 1279 773 1306 habent
785 1279 812 1305 in
821 1277 928 1305 Collino
942 1276 1048 1305 tumulo
1063 1276 1205 1305 sacrarium
1214 1297 1221 1308 ‚
1240 1277 1298 1313 post
1315 1277 1440 1302 Numam
1453 1274 1565 1302 institui
1579 1277 1593 1304 a
1608 1277 1684 1313 Rege
1693 1278 1822 1311 Hostilio,
1842 1278 1907 1307 ficut
1914 1279 1984 1307 bello

401 1320 491 1347 Sabzno
507 1326 625 1347 voverat.
646 1318 774 1347 Meminit
786 1315 884 1343 horum
898 1319 923 1343 δε
937 1318 1013 1343 Varro
1027 1315 1043 1342 l.
1059 1325 1085 1351 5.
1098 1315 1133 1342 de
1144 1315 1209 1353 ling.
1225 1318 1285 1343 Lat.
1296 1313 1336 1341 his
1349 1313 1450 1341 verbis:
1466 1313 1493 1339 in
1507 1312 1579 1341 libris
1590 1315 1730 1346 saltarum,
1749 1324 1868 1353 quorum
1884 1325 1985 1354 cogno-

401 1368 466 1386 men
482 1356 666 1396 Agonenfium,
689 1359 740 1384 διε.
760 1355 799 1381 Ex
817 1354 911 1391 quibus
925 1353 1049 1380 omnibus
1063 1353 1235 1381 manifestum
1248 1353 1300 1384 est,
1318 1352 1397 1378 Salios
1410 1350 1457 1378 hos
1465 1349 1541 1378 nona
1551 1353 1658 1384 Numa,
1679 1362 1773 1380 verum
1783 1353 1797 1381 ὲ
1806 1354 1874 1382 Tull.
1884 1353 1986 1391 Hostrlio

402 1406 466 1435 rege
480 1406 513 1424 ex
527 1405 592 1423 voto
605 1396 737 1422 institutos
750 1392 837 1423 tonse,
858 1392 972 1427 ideoque
985 1390 998 1417 ἐι
1011 1390 1145 1427 prioribus
1160 1391 1249 1428 aliquo
1265 1389 1349 1417 modo
1362 1389 1511 1429 distinetos:
1533 1392 1560 1418 δε
1573 1391 1680 1418 Collmos
1694 1390 1734 1418 vel
1748 1393 1884 1430 Agonen-ses
1897 1393 1984 1422 dictos

402 1435 476 1463 fuisse
491 1434 505 1461 ἐι
520 1440 629 1464 monte,
652 1433 679 1460 in
693 1440 748 1467 quo
761 1429 902 1456 ficiarium
916 1429 1070 1456 habuerunt.
1110 1428 1194 1456 Aliter
1209 1437 1302 1457 tamen
1316 1428 1350 1454 de
1364 1427 1395 1454 iis
1407 1430 1512 1454 Set-mus
1525 1429 1632 1465 Virgilii
1646 1430 1775 1465 interpres
1788 1429 1892 1463 scribit,
1913 1432 1959 1468 qui
1971 1430 1986 1460 ὲ

403 1473 499 1506 Jolbpho
513 1472 634 1508 Scaltgero
648 1470 682 1497 sic
696 1470 800 1496 citatur.
838 1469 900 1494 Duo
914 1467 973 1495 sunt
986 1475 1084 1503 genera
1097 1466 1223 1493 Salrorum
1235 1487 1243 1498 ,
1263 1475 1292 1494 ut
1306 1467 1333 1493 in
1348 1465 1488 1492 Saliaribus
1503 1466 1665 1495 carminibus
1679 1467 1827 1499 invenitur,
1849 1468 1945 1496 Collini
1958 1471 1985 1500 ὃς

404 1504 552 1548 Quintiles
572 1520 585 1536 a
610 1510 702 1535 Numa
723 1506 833 1533 instituti
848 1515 853 1532 t
879 1505 911 1532 ab
932 1504 1035 1541 Hostrlm
1051 1513 1114 1532 vero
1129 1504 1232 1531 Pavorii
1243 1507 1269 1533 ὃῑ
1284 1502 1397 1530 Pallori).
1438 1503 1521 1531 Addit
1533 1505 1641 1542 Scalrger
1654 1515 1662 1533 ε
1721 1514 1768 1533 uos
1780 1505 1927 1543 Quirmales
1941 1506 1986 1535 hic

405 1556 497 1577 vocat3
518 1547 591 1578 sunt,
611 1548 656 1582 qui
669 1547 745 1573 aliter
758 1544 902 1580 Agonenjbs.
936 1544 1009 1570 Nam
1026 1545 1052 1582 ᾃῑ
1066 1552 1146 1570 mons
1163 1542 1307 1581 Qrinalis
1320 1541 1457 1569 dicebatur
1471 1543 1604 1579 Agonalts.
1638 1544 1704 1581 Qae
1716 1551 1812 1579 praeter
1826 1542 1881 1572 hxc
1892 1545 1926 1573 ad
1939 1545 1989 1580 hog

403 1594 465 1613 rum
481 1594 578 1613 munus
590 1585 741 1620 pertinent,
761 1590 793 1608 ex
806 1580 934 1608 Saliorum
947 1580 1126 1608 palatinorum
1138 1580 1318 1617 descriptione
1331 1585 1494 1616 repetantur.

1060 1648 1087 1678 C
1110 1660 1127 1678 Α
1145 1660 1169 1677 1¹.
1211 1650 1338 1677 XXIV.

618 1712 669 1744 De
685 1710 892 1751 Duumviris‚
918 1709 1135 1753 Decemviris,
1160 1716 1208 1744 (9⁰
1224 1706 1495 1756 Qindecimviris
1503 1707 1602 1754 fizcris
1607 1708 1784 1756 faciundis.

409 1791 619 1856 Sacerdotium
632 1790 683 1818 hoc
696 1788 709 1816 :a
725 1787 861 1827 Tarquimo
873 1786 977 1823 Superbo
992 1791 1068 1826 Rege
1081 1789 1232 1817 institutum
1246 1789 1291 1817 est.
1332 1789 1393 1826 Qa
1406 1788 1439 1815 de
1453 1798 1483 1816 re
1497 1787 1628 1824 Dionyfius
1642 1789 1659 1816 l.
1674 1799 1702 1825 4.
1716 1799 1749 1817 ex
1764 1791 1893 1817 Varronis
1908 1792 1989 1819 tradi-

471 1833 545 1859 tione
565 1829 619 1856 hacc
638 1828 727 1856 scribit
740 1838 745 1854 ·.
776 1828 859 1855 Venit
878 1828 911 1853 ad
933 1828 1093 1862 Tyrannum
1106 1836 1216 1856 externa
1227 1827 1350 1864 quaedam
1364 1826 1461 1853 mulier
1478 1836 1517 1854 ix.
1533 1825 1615 1854 libros
1626 1826 1801 1863 Sibyllinorum
1817 1829 1988 1858 oraculorum

409 1869 516 1897 venales
529 1867 655 1895 offerens:
675 1875 791 1903 cumque
805 1864 958 1903 Tarqumius
972 1865 1055 1893 nollet
1071 1875 1116 1893 eos
1129 1866 1198 1894 tanti
1209 1874 1314 1896 emere,
1334 1864 1426 1901 quanti
1440 1863 1484 1891 illa
1498 1864 1674 1896 indicaverat,
1695 1865 1772 1897 abiit,
1795 1868 1821 1894 &
1835 1874 1886 1893 tre:
1894 1868 1988 1896 exuffit

411 1918 443 1937 ex
457 1918 491 1935 eo
505 1915 633 1934 numero:
654 1914 704 1932 nec
720 1904 807 1932 multo
822 1908 880 1939 port
892 1902 1009 1939 reliquos
1023 1903 1119 1931 relatos
1133 1903 1264 1931 tantidem
1281 1903 1389 1930 obtulit:
1409 1902 1546 1939 derii'aque
1559 1911 1609 1938 pro
1621 1903 1717 1935 delira,
1739 1904 1811 1940 quod
1824 1911 1931 1932 tantum
1939 1915 1989 1942 pro

412 1945 579 1984 paucioribus
593 1951 698 1982 peteret
711 1964 717 1974 ‚
739 1950 870 1979 quantum
886 1951 935 1977 pro
949 1941 1064 1978 pluribus
1077 1942 1199 1969 obtinere
1211 1951 1268 1969 non
1280 1948 1418 1977 potueram
1440 1940 1544 1969 rursum
1558 1940 1694 1969 discedens
1708 1942 1874 1978 reliquorum
1888 1953 1988 1972 crema.

415 1986 457 2012 vit
473 1983 630 2012 dimidium:
653 1980 792 2017 relatisque
807 1979 904 2012 tribus,
922 1981 979 2008 auri
993 1989 1124 2018 quantum
1137 1987 1213 2008 antea
1226 1981 1311 2016 petiit.
1331 1982 1405 2008 Tum
1419 1988 1465 2006 rex
1482 1979 1591 2006 miratus
1604 1980 1724 2008 mulieris
1737 1980 1889 2013 confilium,
1904 1992 1990 2011 accer-

415 2022 473 2049 sivit
494 2031 598 2058 augures
612 2033 621 2047 :
640 2029 722 2056 reque
744 2019 881 2046 denarrata
894 2038 902 2049 ‚
922 2019 985 2055 quid
1006 2019 1159 2047 faciendum
1180 2018 1244 2047 effet
1258 2039 1266 2050 ‚
1294 2027 1339 2046 eos
1359 2016 1497 2045 consuluit.
1535 2016 1576 2044 llli
1589 2018 1702 2055 augam&
1717 2018 1872 2055 quibusdam
1885 2021 1989 2053 edocti,

415 2059 581 2095 aspernatum
595 2067 659 2087 eum
673 2068 734 2085 rem
749 2057 853 2084 miss‘am
868 2056 1009 2087 divinitus,
1029 2059 1056 2086 &
1070 2057 1204 2094 piaculum
1217 2066 1299 2095 grave
1307 2056 1465 2087 admiffinn,
1479 2056 1551 2092 quod
1560 2066 1614 2083 non
1622 2056 1806 2084 omneslibros
1812 2060 1924 2090 emerit,
1938 2058 1990 2096 juss

415 2096 505 2124 serunt
519 2098 653 2124 numerari
666 2097 771 2124 mulieri
784 2095 840 2123 auri
852 2103 981 2132 quantum
994 2104 1097 2133 peteret
1110 2116 1117 2127 ‚
1139 2098 1166 2125 δε
1178 2094 1311 2133 reliquum
1323 2094 1494 2122 oraculorum
1507 2094 1614 2121 redimi.
1655 2094 1753 2123 Mulier
1768 2096 1835 2123 datis
1846 2095 1919 2125 libris
1934 2096 1991 2125 dili-

417 2142 512 2171 genter
525 2143 569 2161 eos
583 2134 684 2162 servare
697 2136 818 2165 monuit,
839 2143 888 2161 nee
902 2134 1008 2170 posthac
1021 2134 1132 2172 usquam
1147 2134 1199 2162 visa
1210 2135 1247 2161 est
1261 2135 1330 2161 inter
1342 2132 1475 2160 homines·
1504 2131 1658 2171 Tarqutm'us
1668 2134 1834 2162 Duumviros
1846 2136 1947 2163 creavit
1959 2144 1991 2162 ex

419 2181 534 2200 numero
554 2171 692 2205 Nobtlium,
714 2173 804 2209 hisque
817 2172 920 2200 addidit
931 2173 996 2200 duos
1009 2173 1143 2201 ministros
1156 2172 1276 2209 publicos
1289 2192 1296 2203 ,
1317 2173 1344 2200 &
1355 2180 1403 2208 per
1418 2170 1467 2197 hos
1481 2170 1605 2198 custodiri
1618 2170 1699 2199 libros
1713 2172 1806 2200 voluit.
1838 2171 1992 2201 Duumviro-

418 2220 479 2237 rum
500 2209 613 2237 alterum
634 2214 673 2237 M.
687 2211 802 2238 Atilium
816 2230 823 2241 ‚
844 2210 930 2238 vistim
943 2221 999 2239 non
1012 2212 1082 2239 bona
1094 2211 1147 2239 fide
1160 2220 1220 2238 rem
1233 2219 1340 2248 gerere,
1361 2211 1388 2238 ὃ(
1402 2209 1434 2237 ab
1448 2218 1500 2236 uno
1516 2209 1700 2237 ministrorum
1712 2210 1831 2238 delatum
1845 2212 1992 2247 patricidii,

420 2249 449 2276 in
463 2247 568 2276 culeum
583 2246 700 2274 insutum
714 2250 828 2283 proJecit
841 2250 868 2276 in
882 2259 965 2277 mare.
1006 2249 1123 2287 Expullis
1135 2250 1223 2286 postea
1237 2247 1356 2286 Regibus
1364 2246 1537 2286 Sibyllinorum
1553 2257 1615 2275 cura
1628 2249 1737 2277 devenit
1751 2249 1783 2275 ad
1796 2250 1927 2286 populum
1939 2260 1947 2281 3
1972 2250 1993 2276 is

420 2285 599 2315 nobilissimos
613 2286 682 2312 viros
695 2286 813 2312 custodes
825 2297 921 2315 eorum
936 2289 1051 2321 creavit,
1071 2289 1116 2326 qui
1130 2297 1177 2325 per
1189 2295 1279 2316 totum
1295 2287 1355 2314 vitae
1366 2292 1473 2322 tempus
1486 2286 1660 2323 fungerentur
1669 2297 1702 2315 eo
1710 2296 1836 2319 munere,
1850 2287 1993 2315 liberialio-

421 2325 468 2361 qui
483 2324 514 2352 ab
526 2322 652 2351 omuibus
666 2322 822 2351 militaribus
835 2333 914 2362 atque
928 2326 1048 2354 civilibus
1063 2327 1176 2358 muniis,
1195 2325 1295 2363 hosque
1308 2324 1389 2352 libros
1403 2323 1508 2360 publice
1521 2326 1653 2362 accipiunt
1662 2345 1669 2354 ,
1688 2335 1738 2353 nec
1751 2325 1803 2353 fine
1816 2325 1856 2353 his
1870 2327 1993 2363 cuiquam

420 2362 483 2392 licet
503 2371 549 2391 eos
567 2360 703 2398 inspicere.
744 2362 779 2389 Et
799 2368 827 2389 ut
848 2365 1011 2400 compendio
1033 2366 1138 2401 dicam,
1157 2364 1259 2395 nullam
1273 2373 1349 2398 rem,
1369 2372 1403 2391 ne
1418 2361 1487 2392 sacra
1500 2364 1626 2401 quidem,
1648 2365 1767 2392 Romani
1781 2371 1838 2392 tam
1854 2365 1993 2402 diligenter

1915 2411 1933 2440 q
1936 2409 1995 2429 uam
