2075 2734
347 110 401 138 233
625 104 1632 152 ‘An-r1QurrA'rt1MRortANAssuMLxBLIV.

1044 154 1096 188 Ipfiz
1109 163 1207 183 torona!

657 187 778 216 Emeritos
792 188 880 217 Diana
891 200 978 223 canes,
999 191 1034 226 ό·
1040 192 1135 227 spicula
1150 192 1245 231 tergit,

655 231 691 253 Et
704 235 772 254 netas
777 227 844 266 sinit
857 227 896 256 ire
901 229 982 265 seras.

386 266 503 305 Collegit
516 265 570 294 haec
583 263 714 292 Adrianus
728 265 856 293 Turnebus
872 268 1010 296 Adverlar.
1023 267 1068 296 lib.
1077 279 1102 305 7.
1115 279 1173 306 cap.
1182 272 1225 298 26.
1239 278 1272 297 ex
1287 278 1341 306 quo
1354 278 1386 298 ea
1400 267 1532 305 destripfi.

387 306 493 333 Eodem
507 306 549 332 die
564 303 657 330 festum
672 310 727 331 erat
739 302 878 332 servorum
893 308 919 334 ὃς
935 305 1084 339 servarum,
1104 308 1138 335 de
1150 317 1205 344 quo
1219 309 1255 336 ita
1268 307 1357 335 scribit
1373 307 1521 334 Plutarchus
1534 307 1562 334 in
1579 307 1771 344 Quaestionibus
1779 309 1925 347 Romanis}

350 344 492 379 quaestione
511 353 570 369 100·
598 341 654 367 CUr
667 339 749 368 [abbas
764 341 868 369 Sexti&
882 363 890 374 ‚
917 346 962 381 qui
977 354 1050 372 nune
1066 345 1197 383 Augustus
1210 346 1307 373 dicitur
1320 366 1327 378 ‚
1354 344 1425 374 feriae
1439 344 1499 374 sunt
1512 345 1647 383 utriusque
1661 345 1735 374 sexus
1746 346 1826 376 servis
1841 361 1847 377 :
1867 361 1931 378 mu-

350 380 425 408 lieres
443 389 533 408 autem
547 387 608 406 tum
624 378 745 418 maxime
758 380 845 408 lavare
859 381 885 409 &
899 390 1011 420 purgare
1026 384 1111 419 capita
1125 385 1229 412 student
1244 386 1253 411 ?
1281 386 1322 411 An
1337 383 1390 412 hoc
1403 383 1482 412 servis
1499 384 1591 411 datum
1605 405 1612 415 ,
1639 383 1713 421 quod
1728 394 1758 411 ea
1771 386 1814 414 die
1828 388 1930 416 Semrius

351 420 408 446 Rex
424 426 499 445 natus
515 416 529 444 ὲ
545 416 647 452 captiva
656 417 713 480 lfluit
727 417 820 446 ancilla
834 421 843 446 ?
870 418 939 448 lotio
956 428 1047 449 autem
1061 422 1153 458 capitis
1168 422 1200 450 ab
1215 420 1314 449 ancillis
1329 421 1456 449 feriarum
1469 421 1543 449 causa
1557 428 1645 458 coepta
1659 442 1666 454 ,
1694 423 1775 451 etiarn
1792 425 1824 452 ad
1836 424 1932 456 liberas

349 457 477 491 pervalit?
498 455 653 482 Haerenusi
676 463 699 481 e.

388 495 463 521 XVI.
486 492 598 520 Kalend.
613 493 776 528 Septembris
790 495 968 525 Partumnalia
983 505 1058 526 erant
1067 518 1075 530 ,
1096 498 1130 526 de
1143 497 1237 535 quibus
1251 497 1288 525 ita
1303 496 1507 525 Kalendarium:
1528 498 1558 525 E.
1572 498 1645 526 Port.
1660 499 1720 527 NP.
1734 498 1787 528 hoc
1800 500 1852 531 est.
1870 500 1933 530 Por-v

350 530 492 562 sumnalia,
514 530 637 558 Nefastus
652 530 752 566 primo.

390 570 580 600 Portumnnlm,
602 569 688 605 inquit
704 572 780 596 Varro
789 590 796 601 ‚
817 568 834 596 l.
844 580 871 605 5.
885 572 919 599 de
932 573 1021 610 lingua
1035 575 1144 606 Latina,
1164 574 1236 602 diCta
1249 574 1263 600 ὲ
1278 577 1415 600 Portumno
1424 594 1431 604 ‚
1452 574 1494 601 cui
1510 583 1543 601 eo
1551 574 1593 601 die
1602 575 1669 602 aedes
1678 577 1705 604 in
1712 583 1792 612 portu
1800 576 1932 606 Tiberino

349 607 432 639 faeta,
455 610 481 636 ὅς
497 606 568 634 ferite
581 607 710 635 institutae.
747 607 883 636 Adrmnus
897 611 1026 638 Turnebus
1039 612 1129 639 addit:
1152 614 1224 639 Rem
1240 612 1360 640 divinam
1376 611 1434 639 fieri
1447 611 1606 640 consuevisse
1624 614 1657 641 ad
1672 622 1786 650 pontem
1800 613 1932 642 AEmilr'um

346 645 392 710 irbi
407 646 463 681 ejus
476 646 543 673 aedes
558 645 647 673 fuerit.
675 644 751 672 Plura
764 654 822 683 quae
835 647 870 675 de
883 649 1088 677 l'ortumnaltbus
1100 649 1226 682 afferam,
1247 660 1302 678 non
1316 649 1410 678 habeo.
1430 650 1472 676 De
1488 654 1626 677 Portumno
1640 651 1701 679 vide
1713 662 1770 689 quae
1783 651 1933 690 scripsimus

357 693 396 710 .2.
411 693 440 711 ca
462 704 468 711 .
480 694 489 711 1
515 705 521 711 .

388 693 467 752 Χῐῐξ.
487 694 547 749 ΙΞαῙ.
561 721 724 758 Septembris
736 722 836 751 Vinalia
851 732 941 758 erant,
962 734 1078 763 quorum
1089 726 1281 755 Kalendarium
1296 726 1330 754 fic
1346 725 1485 753 meminit:
1506 727 1541 754 G.
1552 726 1615 754 Vin.
1624 727 1652 753 F.
1660 729 1688 755 P.
1696 726 1747 756 hoc
1754 729 1805 760 est,
1821 728 1931 763 Vinalia,

352 760 440 788 Festus
452 758 552 796 primo.

392 797 491 825 eraliu
510 796 624 833 duplicia
645 806 719 826 erant
732 820 740 831 ,
767 799 815 828 alia
828 800 916 828 Veneri
930 799 947 833 ‚⁴
963 802 1011 830 alia
1024 802 1084 835 Jom'
1097 801 1294 831 celebrabantur
1308 825 1315 835 ‚
1342 812 1398 841 qua:
1412 809 1503 830 tamen
1518 801 1656 842 scriptores
1671 811 1772 832 veteres
1786 805 1886 833 mirum
1903 808 1932 835 in

350 837 466 864 modum
487 835 672 864 confundunt:
703 837 789 866 modo
811 840 884 867 enim
906 849 936 866 ea
950 849 1007 877 quae
1022 840 1111 868 Veneri
1124 841 1194 869 fficra
1208 850 1281 869 erant
1297 862 1303 872 ,
1331 844 1357 870 ὃ(
1372 841 1407 868 ob
1422 841 1448 868 id
1465 841 1594 867 Veneralm
1607 842 1620 868 ὲ
1637 840 1778 870 Plutarcho
1791 843 1931 876 dicuntur,

349 875 430 908 mens}
443 873 529 908 Aprili
542 882 550 902 z
577 873 658 902 altera
670 877 749 910 meust
764 876 876 915 Augusto
891 877 1019 906 celebrata
1034 879 1142 907 tradunt
1156 900 1164 912 ,
1193 878 1278 906 modo
1293 880 1457 907 contrarium
1472 878 1587 906 scribunt
1601 900 1608 911 ,
1629 888 1658 906 ut
1671 880 1788 908 incertus
1803 880 1850 914 fis,
1868 882 1933 919 quid

348 912 517 949 potissimum
539 911 659 949 sequaris.
686 911 787 949 Joftph.
803 914 912 952 Scnltger
931 917 1152 954 Castigationibus
1173 917 1222 944 fixis
1241 918 1273 944 ad
1289 916 1389 954 Festum
1403 917 1512 945 inclinat
1526 917 1553 943 in
1568 916 1635 945 hanc
1649 916 1807 947 sententiam
1822 940 1830 951 ‚
1858 919 1933 956 quod

350 949 452 977 Vinalia
472 949 572 978 Veneris
584 971 591 982 ‚
611 950 664 978 five
679 950 780 978 Vinalia
792 953 881 987 priora
896 953 986 981 mense
1001 954 1085 991 Aprili
1099 966 1104 982 :
1131 956 1211 984 altera
1224 955 1338 986 Vanum,
1359 964 1416 992 qus:
1430 959 1498 987 Jovts
1512 962 1600 987 erant,
1622 958 1648 983 δε
1661 954 1750 992 rustica
1765 956 1867 984 Vinalia
1881 967 1927 994 ap-

348 988 511 1025 pellabantur
525 1008 532 1020 ,
557 988 665 1026 Augusto
687 989 777 1017 mense
797 989 895 1020 fuerint
915 992 1064 1020 celebrata:
1091 1002 1173 1030 quem
1194 996 1221 1022 &t
1241 1003 1290 1021 nos
1309 993 1391 1021 secuti
1410 991 1472 1021 ante
1492 993 1581 1020 sumus
1597 1013 1604 1025 ‚
1624 995 1650 1020 δε
1670 993 1756 1020 adhuc
1774 994 1933 1031 sequemur:

349 1027 471 1063 quamvis
487 1047 493 1057 ‚
520 1033 550 1054 ut
563 1027 617 1063 iple
631 1028 713 1055 etiam
730 1028 827 1055 fatetur
839 1050 847 1060 ,
875 1031 1039 1057 contrarium
1054 1032 1124 1067 apud
1137 1032 1277 1068 scriptores
1291 1032 1444 1068 reperiatur.
1484 1032 1526 1059 Sic
1540 1032 1612 1058 euim
1630 1034 1706 1058 Varro
1719 1031 1736 1058 l.
1751 1041 1775 1067 5.
1793 1033 1827 1059 de
1841 1032 1931 1069 lingua

350 1066 457 1092 Latina:
475 1063 577 1091 Vinalia
591 1064 690 1101 Rufina
703 1065 827 1093 dicuntur
839 1074 900 1095 ante
914 1069 988 1095 diem
1001 1069 1192 1097 duodecimum
1207 1069 1334 1105 IQzlendaa
1348 1068 1523 1105 Septembris:
1546 1069 1619 1106 quod
1633 1076 1692 1096 tum
1709 1069 1797 1096 Veneri
1810 1070 1932 1100 dedicata

350 1103 429 1134 aedis,
451 1104 478 1130 δε
491 1102 562 1129 horti
577 1103 633 1138 ejus
648 1103 735 1131 tutelae
749 1104 925 1140 affignantur‚
946 1115 976 1134 ac
990 1114 1049 1134 tum
1064 1106 1123 1135 sunt
1138 1108 1224 1135 feriati
1239 1107 1358 1135 olitores.
1379 1107 1475 1133 Paulus
1486 1107 1550 1135 Festi
1567 1106 1718 1135 mutilator:
1739 1106 1839 1146 Rustica
1856 1108 1932 1136 Vina·
1949 1123 1952 1126 >

351 1139 388 1168 lia
409 1141 614 1177 quartodecimo
637 1141 768 1169 Kalendas
790 1144 954 1178 Septembris
975 1144 1174 1173 celebrabantur
1187 1167 1194 1178 ‚
1222 1155 1276 1182 quo
1297 1145 1340 1172 die
1360 1145 1481 1180 primum
1496 1146 1589 1172 vinum
1605 1146 1632 1172 in
1647 1145 1751 1172 Urbem
1767 1146 1932 1176 deferebant.

353 1178 459 1206 Festus:
485 1176 585 1215 Rtgstica
605 1178 706 1206 Vmalia
728 1179 891 1215 appellantur
912 1182 1003 1209 menie
1024 1183 1142 1219 Augusto
1155 1203 1163 1214 ,
1190 1182 1395 1219 quartodecimo
1418 1181 1548 1216 Kalendas
1569 1183 1752 1218 Septembris,
1777 1185 1853 1222 Jovis
1875 1185 1933 1213 dies

354 1214 433 1242 festus
445 1236 453 1247 ,
482 1217 541 1252 quia
564 1217 651 1244 Latini
671 1216 771 1244 bellum
793 1226 914 1254 gerentes
932 1218 1052 1247 adversus
1065 1218 1229 1248 Mezentium
1242 1241 1249 1252 ,
1276 1221 1366 1246 omnis
1381 1219 1436 1246 vini
1451 1218 1608 1246 libationem
1623 1220 1648 1245 ei
1660 1222 1720 1247 Deo
1733 1221 1934 1252 dedicaverunt.

345 1253 459 1296 Jiodem
481 1260 571 1281 autem
584 1254 627 1281 die
643 1254 729 1282 Veneri
743 1255 844 1292 templa
857 1257 916 1286 sunt
929 1257 1080 1286 consecrata
1093 1270 1099 1286 z
1125 1258 1238 1286 alterum
1253 1258 1285 1285 ad
1297 1257 1409 1285 Circum
1424 1258 1575 1285 maximum
1592 1268 1596 1283 ;
1623 1256 1736 1284 alterum
1751 1258 1778 1284 in
1792 1258 1852 1285 luco
1865 1259 1932 1287 Libi-

351 1289 456 1326 zinenfi,
477 1291 536 1328 quia
551 1293 577 1319 in
591 1292 668 1328 ipfius
682 1294 747 1321 Deae
760 1295 842 1322 tutela
856 1296 914 1324 sunt
927 1296 1007 1324 horti.
1037 1297 1119 1333 Qod
1132 1297 1204 1324 idem
1219 1294 1273 1324 fele
1287 1296 1314 1323 in
1329 1304 1395 1323 voce
1410 1297 1485 1329 Rosc‘n'
1499 1295 1612 1331 scripsit,
1633 1304 1690 1331 quae
1703 1295 1783 1322 verba
1797 1295 1810 1323 a
1825 1294 1933 1332 Jofhpha

351 1330 472 1366 Scaltgero
492 1330 526 1357 fic
547 1330 605 1359 sunt
626 1332 762 1359 restituta:
789 1332 887 1371 Rustica
909 1334 1009 1362 Vinalia
1032 1335 1123 1362 mense
1142 1336 1260 1371 Augusto
1284 1337 1370 1360 Venert
1391 1333 1477 1360 dicata
1498 1333 1557 1360 sunt
1577 1331 1650 1370 quod
1665 1333 1762 1360 eodem
1776 1334 1819 1362 die
1833 1336 1894 1362 aedis
1907 1336 1933 1363 ei

352 1369 504 1395 consecrata
518 1368 548 1396 fit
562 1379 567 1395 ε
587 1370 710 1405 jumenta
722 1379 844 1408 quoque,
865 1372 974 1400 olitores
990 1376 1015 1401 ὃῑ
1029 1382 1125 1401 omnes
1138 1372 1209 1400 horti
1225 1374 1250 1400 in
1267 1372 1322 1408 ejus
1337 1371 1417 1398 tutela
1432 1370 1506 1402 sunt,
1528 1373 1579 1399 δίς.
1619 1372 1721 1398 Contra
1736 1379 1840 1404 tamen,
1863 1375 1889 1401 &
1905 1375 1934 1402 in

349 1405 526 1443 firperioribus
547 1416 613 1444 quos
634 1409 789 1440 citavimus,
807 1409 871 1437 locis
891 1410 1008 1446 scripfit,
1029 1411 1096 1439 &in
1110 1420 1177 1437 voce
1192 1410 1307 1438 thalm:
1327 1408 1439 1438 Vinalia.
1463 1409 1565 1445 inquit,
1585 1409 1658 1436 diem
1675 1409 1771 1437 festum
1785 1411 1931 1444 habebant,

350 1452 407 1480 quo
420 1444 464 1471 die
478 1445 572 1472 vinum
585 1454 689 1474 novum
702 1445 760 1478 ‚rm
775 1446 900 1476 libabant.
930 1449 1017 1485 Hujus
1031 1448 1096 1475 vero
1110 1448 1242 1476 libationis
1255 1448 1325 1478 vini,
1345 1455 1402 1483 quae
1415 1446 1484 1483 Jom
1498 1446 1591 1478 fiebat,
1611 1448 1647 1474 ita
1660 1449 1787 1476 meminit
1800 1449 1874 1476 idem
1888 1450 1939 1477 ali-

350 1481 377 1508 bi
392 1492 398 1508 :
419 1482 513 1516 caspar
528 1484 621 1510 vinum
634 1480 768 1549 novun&
786 1486 858 1522 quod
872 1496 904 1514 ex
919 1486 993 1514 dolio
1006 1488 1125 1515 demitur
1138 1486 1256 1514 fiicrificii
1269 1484 1358 1516 causa,
1378 1484 1439 1513 ante
1454 1483 1534 1522 quam
1548 1485 1675 1521 gustetur.
1701 1490 1758 1517 Jow
1773 1487 1845 1514 enim
1858 1488 1930 1524 prius

350 1519 395 1546 sua
407 1521 467 1546 vina
479 1520 596 1549 libabant
610 1542 617 1552 ‚
645 1531 702 1558 quae
716 1532 732 1549 v
769 1523 847 1552 abant
862 1523 969 1552 Vinalia.
1001 1526 1030 1553 Id
1048 1533 1138 1552 autem
1154 1525 1233 1553 fiebat
1247 1545 1255 1556 ‚
1279 1523 1365 1560 inquit
1379 1523 1490 1558 ,Iosephus
1504 1526 1614 1559 Scaltger
1627 1524 1653 1549 in
1668 1524 1854 1559 Conjee‘taneis
1869 1536 1872 1552 :
1895 1534 1930 1553 ne

349 1556 483 1593 reliquum
493 1579 499 1589 ‚
521 1559 593 1594 quod
607 1560 635 1586 in
649 1559 782 1595 apothecis
798 1562 861 1594 illis,
883 1563 953 1589 unde
967 1563 1049 1597 caspar
1062 1571 1247 1598 promeretur,
1267 1570 1432 1592 remaneret,
1451 1560 1558 1588 sacrum
1569 1560 1620 1587 effe
1634 1561 1777 1596 inciperet,
1799 1565 1825 1590 ὅ(
1840 1565 1931 1591 omni-

350 1594 388 1621 no
409 1605 440 1622 ex
463 1595 547 1623 usibus
569 1597 716 1633 eriperetur
735 1597 875 1628 humanis:
904 1600 946 1627 led
959 1600 1054 1635 culpari
1066 1599 1142 1627 libato
1155 1621 1162 1632 ‚
1188 1601 1316 1637 religione
1339 1598 1493 1627 solveretur.
1535 1599 1628 1635 Itaque
1642 1608 1706 1626 cum
1719 1600 1801 1632 calpar
1814 1599 1930 1628 libabant

348 1632 470 1667 Izijerium
490 1633 633 1666 vocabant,
655 1633 728 1672 quod
742 1635 826 1665 solum
843 1638 1000 1670 inferretur,
1021 1638 1059 1666 his
1073 1638 1174 1669 vexbis5
1195 1637 1281 1665 MaHe
1293 1638 1358 1664 hocce
1371 1636 1429 1664 vino
1442 1634 1528 1674 inferio
1542 1635 1596 1673 esto.
1632 1637 1664 1663 Et
1679 1636 1732 1677 hoc
1746 1637 1875 1674 praecipue
1890 1639 1931 1666 di-

349 1670 458 1698 cebatur
472 1671 506 1698 de
520 1672 583 1699 vino
596 1673 692 1700 diffini)
708 1694 714 1704 ,
737 1676 762 1702 ἃ
776 1675 878 1704 doliari.
922 1678 994 1704 Nam
1008 1677 1105 1713 alioqui
1120 1677 1154 1704 de
1167 1677 1263 1704 eodem
1279 1675 1366 1702 musto
1380 1675 1495 1702 libabant
1509 1695 1517 1706 ,
1539 1675 1582 1701 led
1596 1674 1623 1701 id
1639 1678 1754 1702 Sacrtma
1770 1676 1928 1709 vocabatur,

349 1710 518 1746 posteaquam
527 1710 693 1746 polluxerant
700 1721 742 1738 eas
756 1714 936 1742 confeffiones
946 1735 952 1747 ‚
972 1724 1029 1751 quae
1039 1714 1169 1742 vocabant
1182 1715 1346 1750 Suffimenta,
1368 1722 1400 1742 cx
1415 1713 1473 1741 faba
1487 1711 1617 1749 milioque
1631 1712 1744 1745 molito,
1764 1713 1851 1742 mulso
1858 1713 1927 1750 spar-

349 1747 391 1773 io:
414 1756 471 1784 quse
485 1748 542 1774 Diis
556 1758 589 1776 eo
604 1758 728 1785 tempore
741 1751 883 1784 dabantur,
903 1762 957 1790 quo
970 1762 1027 1780 uvae
1040 1753 1143 1780 calcatae
1154 1752 1230 1789 prelo
1243 1750 1448 1788 premebantur,
1470 1753 1524 1780 δῖε.
1545 1751 1680 1791 Hactenus
1694 1751 1926 1789 josephussmliger.

350 1785 390 1813 Ex
405 1785 497 1822 quibus
510 1787 671 1823 cognoscere
683 1789 745 1816 licet
757 1790 859 1819 caulam
874 1790 1061 1827 superstitionis
1076 1790 1144 1819 illius
1159 1811 1166 1823 ,
1185 1800 1231 1819 cur
1245 1791 1339 1818 vinum
1354 1799 1458 1818 novum
1472 1796 1581 1826 tangere
1593 1790 1666 1816 netas
1679 1789 1761 1819 esset,
1783 1796 1925 1827 antequam

347 1824 433 1851 Vmale‘
442 1834 450 1850 1
463 1824 621 1853 kalarentur.

388 1862 452 1901 XII.
473 1863 586 1891 Kalend.
606 1865 769 1901 Septembris
788 1866 920 1901 constantia
940 1875 1033 1897 erant:
1055 1868 1090 1897 fic
1111 1867 1313 1898 Kalendarium:
1335 1869 1368 1896 A.
1382 1865 1464 1894 cons.
1478 1867 1537 1894 NP.
1553 1865 1625 1902 quod
1640 1865 1848 1902 interpretantur
1861 1869 1924 1894 Con-

341 1899 443 1933 fielzlm,
466 1902 587 1930 Nefastus
601 1902 701 1938 primo.

389 1939 520 1973 confisam
536 1961 543 1972 ,
570 1942 655 1977 inquit
672 1945 746 1968 Varro
759 1942 803 1970 lib·
815 1953 839 1978 ς.
854 1944 888 1971 de
903 1943 966 1981 ling.
983 1946 1075 1973 Latina
1088 1967 1096 1979 ‚
1114 1946 1186 1974 dieta
1200 1943 1214 1972 a
1228 1944 1303 1978 Conso
1317 1964 1323 1973 .
1343 1943 1416 1982 quod
1431 1950 1490 1971 tum
1505 1941 1575 1970 feriae
1590 1941 1701 1978 publicae
1714 1942 1738 1969 ei
1754 1942 1815 1969 Deo
1828 1962 1841 1982 ,ψ
1857 1944 1882 1970 ὃς
1898 1943 1926 1970 in

352 1975 422 2002 circo
436 1978 467 2004 ad
483 1987 555 2005 aram
570 1979 626 2014 ejus
640 1979 672 2006 ab
687 1980 864 2009 sacerdotibus
882 1983 948 2010 fiunt
966 1983 1019 2011 ludi
1035 1984 1072 2011 illi
1088 2006 1095 2017 ‚
1121 1984 1214 2021 quibus
1229 1983 1345 2019 virgines
1359 1983 1457 2009 Sabina:
1471 1987 1563 2020 raptat..
1586 1981 1682 2021 ⁸Festus
1696 1991 1701 2007 ¹.
1725 1980 1856 2014 Confimlm
1870 1980 1926 2009 ludi

351 2013 520 2046 dicebantur,
541 2026 607 2053 quos
625 2019 653 2045 in
670 2017 801 2046 honorem
816 2020 891 2058 Consi
901 2021 1045 2049 iaciebant:
1066 2031 1147 2059 quem
1162 2023 1251 2049 Deum
1267 2020 1366 2048 confilii
1378 2019 1512 2057 putabant.
1531 2022 1619 2045 Ltrtus
1631 2018 1675 2045 hb.
1689 2028 1710 2045 1.
1725 2016 1757 2045 ab
1774 2017 1848 2045 Urbe
1861 2028 1925 2046 con-

351 2050 405 2077 dita
425 2052 518 2080 author
536 2056 571 2081 est
584 2075 591 2086 ,
618 2060 749 2090 Consualm
770 2058 845 2085 ludos
865 2059 917 2086 effe
941 2061 1062 2096 Neptuni
1079 2060 1220 2097 Equestris
1259 2060 1301 2086 De
1315 2058 1354 2086 his
1371 2059 1407 2086 ita
1420 2056 1568 2084 Plutarchus
1582 2058 1609 2084 in
1624 2056 1762 2084 Romulo:
1791 2056 1927 2098 Romulus

350 2086 475 2122 sparserat
495 2100 648 2124 rumorem,
668 2096 790 2130 reperiss‘c
803 2096 829 2123 se
842 2106 915 2124 aram
931 2097 1068 2134 cujusdam
1083 2099 1135 2125 Dei
1148 2096 1193 2125 sub
1208 2106 1278 2125 terra
1291 2096 1462 2124 occultatam.
1503 2096 1555 2122 Dei
1568 2104 1670 2122 nomen
1683 2099 1774 2127 Comus
1789 2095 1852 2126 ruit,
1873 2098 1928 2123 ssve

352 2124 424 2161 quod
439 2127 465 2153 in
479 2128 649 2158 confirltando
659 2133 778 2167 juvar-ct,
805 2134 870 2162 ficut
887 2137 987 2163 Latinis
1004 2137 1039 2163 est
1050 2134 1177 2174 confilium
1191 2156 1198 2168 ‚
1226 2138 1252 2163 δι
1265 2134 1344 2170 conficl
1357 2145 1364 2161 :
1392 2134 1445 2161 five
1461 2134 1481 2162 is
1496 2134 1638 2169 Neptunus
1651 2133 1775 2170 equellris
1787 2133 1822 2160 est
1835 2144 1840 2161 :
1860 2142 1923 2160 nam

353 2171 395 2189 ara
407 2164 491 2204 *Cotfi
506 2165 532 2192 in
556 2168 636 2195 Circo
656 2171 752 2207 majori
773 2172 874 2210 reliquo
892 2181 1017 2210 tempore
1031 2174 1114 2202 latens
1128 2193 1135 2203 ,
1162 2172 1311 2211 Ctrcensibus
1323 2171 1389 2199 ludja
1402 2179 1527 2208 apparet:
1555 2171 1607 2199 five
1621 2193 1628 2205 ‚
1653 2172 1724 2209 quod
1738 2171 1782 2198 alii
1796 2170 1923 2202 assemnt,

351 2199 444 2242 abd-110
456 2203 576 2233 confilio,
597 2215 743 2244 arcanoque
757 2209 825 2238 haud
840 2213 1058 2239 inconvenienter
1071 2210 1237 2239 subterranea
1247 2212 1307 2238 Deo
1321 2211 1344 2238 ei
1357 2219 1400 2237 ara
1412 2209 1549 2238 tribuitur:
1570 2211 1607 2237 Ea
1623 2219 1688 2247 ergo
1702 2219 1745 2236 ara
1752 2209 1866 2246 prolata,
1883 2206 1923 2250 ‘fir-

353 2240 482 2265 crihcmm
506 2241 561 2274 ejus
583 2245 693 2271 nomine
709 2246 875 2281 splendidum
892 2252 918 2278 &
933 2250 1008 2277 ludos
1022 2271 1029 2281 ‚
1054 2252 1080 2278 ὅ(
1095 2249 1272 2285 speetaculum
1286 2247 1422 2284 publicum
1436 2249 1519 2276 edidit
1534 2268 1541 2279 ,
1568 2248 1720 2276 convocatis
1735 2250 1766 2274 ad
1780 2247 1831 2273 hoc
1843 2245 1923 2272 finiti-

352 2277 418 2306 mis,
441 2279 491 2304 &c-
512 2278 545 2306 Et
560 2280 638 2314 paulo
653 2281 722 2316 post:
745 2286 836 2321 Raptce
849 2295 939 2315 autem
955 2288 1013 2315 sunt
1028 2288 1144 2325 virgines
1156 2285 1529 2324 xv.Kalend.Sep1emb.quo
1537 2287 1580 2314 die
1588 2285 1726 2320 Conffialm.
1748 2283 1922 2324 Ubinumero

350 2322 467 2342 erratum
481 2323 547 2352 puto
562 2337 568 2347 ‚
594 2327 656 2345 cum
672 2319 860 2351 Kalendarium
876 2336 905 2352 χι
917 2336 937 2353 1.
955 2326 1014 2353 Kal.
1029 2323 1165 2363 Septemb.
1180 2324 1276 2352 festum
1292 2324 1356 2352 illud
1370 2324 1493 2352 collocet.
1528 2323 1688 2360 Confimhbus
1701 2331 1781 2359 equos
1794 2341 1802 2351 ‚
1829 2320 1926 2348 almos-

349 2360 400 2389 que
419 2352 583 2381 coronabant
603 2359 628 2384 ὃ(
650 2358 731 2384 0⁶52st
748 2358 881 2391 fincbant:
912 2364 953 2391 vel
973 2365 1032 2401 quia
1052 2364 1122 2391 ieriae
1141 2363 1193 2391 istae
1212 2365 1286 2390 Conci
1300 2384 1307 2395 ‚
1335 2364 1380 2400 qui
1399 2361 1508 2402 equester
1527 2366 1655 2398 Neptmms
1674 2361 1708 2388 est
1723 2380 1730 2392 2
1757 2357 1903 2423 agcbssnffsss
1917 2373 1924 2390 '-

1841 2406 1855 2424 a
1867 2407 1924 2427 inus
