2075 2734
440 99 1417 134 DzExpen1.·rxouzIC·ii12211:
1671 119 1723 149 727

123 155 212 186 infuso
231 154 426 193 compagium:
453 152 510 191 ejus
531 153 647 182 exterior
669 152 820 194 superficies
842 153 918 181 vituli
938 155 1015 182 corio
1039 154 1181 192 integitur,
1202 154 1354 187 hinnulive,
1373 162 1419 184 aut
1438 154 1571 192 ejusmodi
1592 160 1723 190 animalis.

122 195 212 224 Habet
232 193 456 223 circumferentiae
473 193 592 229 ferreum
614 201 747 218 munimen
769 189 783 218 a
798 190 910 219 summis
925 213 931 223 ‚
960 193 1073 230 imisque
1088 195 1219 228 partibus,
1241 204 1295 232 quo
1309 194 1409 222 entium
1425 194 1492 222 ictus
1506 194 1724 228 vehementiores

121 240 184 262 tuto
205 234 318 270 excipit,
341 241 470 269 rerraeque
487 231 635 259 adnitendo
656 240 711 257 non
731 231 892 258 corroditur.
920 231 1057 266 Impaerus
1071 232 1107 259 est
1121 233 1254 267 ejusmodi
1270 233 1347 261 scuto
1362 233 1442 261 etiam
1451 233 1551 269 feneus
1564 235 1650 268 umbo,
1673 240 1720 274 qui

121 272 244 308 ingentes
265 272 371 300 sustinet
391 271 458 298 ietus
471 291 478 300 ‚
504 278 535 297 ac
554 268 672 305 lapidum
694 269 828 304 impetum
844 289 851 299 ,
873 268 1070 301 sarissarumve,
1092 270 1191 307 telique
1205 271 1404 308 quantumlibet
1418 272 1538 301 violenti.
1581 275 1641 302 Una
1656 285 1721 304 cum

119 308 195 338 scuto
214 310 279 338 enfis
299 310 397 347 pendet
409 310 441 336 ad
456 309 582 336 dextrum
596 306 702 338 femur,
722 305 912 342 Hiffiiinieusem
929 316 1044 340 vocant,
1065 318 1161 344 anceps
1176 310 1225 341 est,
1247 319 1378 338 mucrone
1394 311 1508 338 eximio:
1530 311 1650 340 defertur
1664 315 1723 341 vio-

120 346 224 380 lenter,
246 358 279 376 eo
293 348 366 386 quod
377 345 506 374 obeliscus
518 345 575 380 ejus
590 345 699 377 firmus,
720 345 867 382 stabilisque
882 346 976 373 existit.
997 346 1038 373 Ad
1052 345 1106 374 haec
1122 356 1212 375 veruta
1228 349 1297 378 duo,
1316 348 1442 385 galeaque
1456 358 1543 381 aenea,
1566 352 1591 378 ἃ
1611 361 1721 380 crurum

119 393 233 423 tegmen
248 396 335 416 ocrea.
353 388 445 413 Verum
457 383 513 411 haec
527 383 626 419 partim
643 383 766 411 crassiora
774 383 848 413 sunt,
868 386 967 421 partim
979 385 1108 411 tenuiora.
1130 386 1168 412 Ex
1181 386 1356 417 firmioribus,
1377 395 1435 423 quae
1444 387 1537 415 teretia
1547 387 1621 418 sunt,
1642 397 1722 417 tmen-

119 425 200 452 talem
208 424 305 454 habent
319 424 484 452 diametron:
505 431 563 458 quae
576 422 717 458 quadrata,
739 421 862 450 trientale
876 422 959 451 latus:
980 423 1101 451 tenuiora
1114 422 1246 451 hastilibus
1260 425 1376 452 modicis
1386 425 1578 458 affimilantur,
1599 436 1657 463 quae
1672 437 1719 466 ge-

120 471 183 491 runt
200 473 262 491 cum
281 462 395 491 caeteris.
416 470 474 498 quae
485 460 612 496 praedi&a
626 460 695 488 sunt.

160 504 268 529 Horum
291 500 417 528 omnium
438 498 566 536 longitudo
585 499 652 536 ligni
671 497 723 526 tria
737 497 822 526 cubita
833 507 888 525 non
905 497 981 525 facile
996 500 1109 527 excedit⁴
1153 500 1306 536 Impadtum
1322 501 1357 528 est
1374 501 1479 538 singulis
1493 501 1577 530 telum
1586 502 1717 539 ferreum,

118 540 243 576 utrinque
262 539 411 568 humatum,
435 539 529 565 eadem
551 546 603 574 qua
615 538 719 574 lignum
733 536 915 573 longitudine:
937 536 1011 572 cujus
1024 546 1138 568 nexum,
1161 538 1373 575 struCturamque
1383 547 1438 566 tam
1454 541 1568 568 firmiter
1584 543 1711 571 muniunt

119 578 152 604 ad
168 577 289 604 medium
305 576 385 613 usque
396 575 502 613 lignum
518 576 678 607 inserentes,
698 574 848 612 crebrisque
863 574 961 606 fibulis,
983 575 1115 613 clavisque
1130 576 1330 613 transfigentes,
1350 584 1379 604 ut
1393 587 1447 605 non
1461 578 1533 614 prius
1548 589 1630 607 nexus
1639 588 1715 609 uten·

119 615 156 642 do
175 614 319 646 relaxetur,
340 624 422 652 quam
444 614 548 642 ferrum
559 613 709 651 frangatur:
729 613 791 641 licet
805 613 837 641 fit
851 613 963 640 craffiim
979 614 1006 641 in
1021 615 1080 641 imo
1090 635 1096 645 ‚
1117 614 1161 641 ubi
1176 614 1293 642 adimet
1306 614 1382 651 ligno
1392 616 1469 652 digiti
1484 618 1559 644 unius
1573 627 1604 646 ac
1618 617 1712 651 semis,

117 662 151 681 eo
167 653 249 690 usque
262 662 293 682 ac
307 660 413 682 tantum
427 652 554 681 adhibent
565 652 708 690 diligentiae
721 652 748 679 in
762 651 907 681 merendo.
926 652 1024 680 Praeter
1034 652 1088 680 haec
1101 652 1209 683 omnia,
1230 653 1394 681 adornantur
1407 654 1493 680 corolla
1503 650 1622 688 plumea,
1648 665 1714 693 pen-

116 690 209 728 nisque
223 691 306 720 tribus
318 692 452 728 puniceis,
472 699 518 719 aut
533 692 616 728 nigris
629 690 736 721 eretffis,
757 690 933 726 longitudinis
946 689 1035 718 ferme
1049 690 1183 721 cubitalis,
1205 699 1262 727 quae
1275 700 1337 718 cum
1354 692 1380 718 in
1396 690 1505 720 summo
1518 696 1619 722 vertice
1635 703 1712 723 caete-

115 730 151 757 ris
166 730 248 757 armis
259 731 427 764 addiderint,
450 730 490 757 vir
504 730 615 767 quidem
630 735 739 766 apparet
752 728 835 765 duplo
849 729 939 764 major
952 737 1033 766 quam
1047 729 1092 757 fit:
1113 729 1169 765 ejus
1185 738 1248 756 vero
1265 728 1383 766 aspeetus
1396 729 1520 765 pulcher,
1541 732 1709 770 hostibusque

113 767 254 800 terribilis,
275 777 355 806 atque
373 768 493 805 plerique
512 776 624 806 accepto
638 777 688 795 aere
701 767 778 794 unius
791 765 943 803 spithamae,
966 776 1075 806 quoquo
1089 767 1177 795 versus
1192 767 1264 804 quod
1275 767 1404 795 adhibent
1417 768 1534 805 ρεξὶοτί,
1555 779 1708 808 vocantque

112 807 269 839 cordituum,
290 807 438 844 pei-fedam
452 806 551 835 habent
563 814 736 834 armaturam.
776 805 831 842 Q
841 814 906 832 vero
921 805 1030 833 censum
1044 806 1176 834 excedunt
1192 805 1381 834 drachmarum
1396 807 1491 834 decem
1505 807 1620 835 millium
1630 829 1637 840 ‚
1660 819 1712 845 pro

111 844 235 876 conlisae,
257 855 321 873 cum
342 846 443 873 caeteris
462 846 557 876 armis,
578 843 666 871 hamis
683 842 821 871 consertos
840 843 955 871 induunt
977 844 1093 871 thoraces.
1133 845 1211 872 Idem
1235 844 1358 871 armandi
1373 845 1471 872 modus
1489 846 1524 873 est
1539 847 1621 874 etiam
1637 848 1710 877 circa

107 880 227 916 principes
245 882 407 921 triariosque.
429 890 606 919 praeterquam
627 881 700 918 quod
719 890 770 918 pro
788 882 887 913 verutis
907 880 997 909 triarii
1013 882 1094 910 hastas
1113 890 1220 919 gerunt.
1260 883 1397 911 Hactenus
1418 882 1544 921 Polybius,
1568 894 1630 912 cum
1652 895 1709 922 quo

111 921 194 948 etiam
208 920 352 960 Dionyfius‚
372 920 461 947 Livius
475 922 502 948 &
519 921 561 948 alii
575 920 754 948 conlentiunt.
795 921 837 947 De
851 920 947 956 clypeo
960 920 1047 949 adhuc
1061 922 1150 950 dicam
1165 922 1239 958 cnjus
1255 920 1368 958 Polybius
1381 931 1436 948 non
1455 923 1591 950 meminit.
1633 924 1708 952 Nam

111 958 184 994 quod
199 956 294 994 Janus
308 957 423 994 Luftaris
436 960 562 987 Graecum
577 963 671 994 θυρεὸν,
693 959 787 986 Latina
801 967 869 985 voce
881 958 972 996 clypeus
986 961 1117 991 reddidit,
1139 960 1166 987 in
1183 970 1217 988 eo
1231 960 1331 987 erroris
1346 960 1517 988 convincitur
1529 961 1561 989 ab
1569 960 1641 988 Aldo
1648 966 1709 989 Ma-

109 994 196 1028 natio,
217 998 263 1034 qui
280 996 368 1034 ipsum
387 997 494 1035 clypeum
515 1008 566 1035 pro
580 996 656 1025 scuto
672 995 742 1024 male
754 996 894 1033 accepisse,
918 997 1040 1026 ostendit.
1063 998 1166 1037 clypeus
1177 1000 1252 1026 enim
1266 1007 1323 1025 non
1333 999 1475 1034 quadratus
1492 998 1556 1030 fuit,
1578 1001 1709 1036 quemad-

109 1034 226 1062 modum
239 1037 355 1070 statum,
378 1037 451 1073 quod
469 1036 482 1063 a
499 1035 596 1075 Polybio
609 1034 779 1063 describitur:
801 1034 843 1063 led
859 1036 1006 1066 rotundus,
1027 1046 1060 1064 ex
1073 1047 1124 1064 aere
1139 1037 1222 1065 faetus
1239 1037 1329 1064 minor
1343 1036 1435 1069 sente,
1455 1037 1489 1064 de
1506 1047 1561 1075 quo
1577 1038 1707 1066 videndus

107 1072 190 1099 Aldus
208 1074 345 1102 Manutius
365 1075 410 1102 lib.
427 1085 453 1105 2.
470 1075 505 1102 de
524 1073 646 1112 Qaefitis
658 1083 706 1112 per
719 1072 866 1110 epistolam,
874 1073 947 1109 epist.
956 1077 979 1101 6.
1003 1075 1136 1103 Telorum
1151 1085 1183 1103 ac
1195 1075 1346 1110 jaculorum
1360 1075 1566 1112 gladiorumque
1580 1076 1708 1105 vocabula

113 1110 214 1147 aliquot
233 1113 350 1140 recenset
371 1113 451 1150 Agell.
466 1113 512 1141 lib.
535 1121 643 1148 10.cap.
659 1123 702 1148 25.
727 1110 851 1145 Hastam,
868 1112 966 1146 pilum.
981 1113 1153 1146 phala-icam,
1165 1113 1399 1148 semphalaricam,
1411 1112 1584 1149 Jolxjemeam,
1599 1115 1707 1151 gestam,

90 1149 220 1177 -lanceam
234 1172 243 1183 ‚
254 1151 340 1185 sparos
356 1172 363 1183 ‚
383 1151 500 1184 rumices,
523 1150 624 1187 trisaces
644 1150 691 1185 (fic
707 1151 779 1177 enim
796 1151 921 1178 emendat
934 1149 1030 1187 Justus
1042 1149 1149 1187 Lipsius)
1165 1151 1295 1189 tragulas,
1309 1151 1436 1186 frameas.
1457 1152 1622 1186 manducabis,
1642 1162 1708 1180 cate-

101 1189 146 1223 jas
159 1208 167 1221 ‚
187 1188 332 1224 rhomphaeas
347 1210 355 1221 ,
372 1188 515 1226 stantium,
528 1188 658 1223 ftnbom’s,
670 1187 790 1227 sicilues,
808 1197 915 1219 verum,
936 1190 1018 1223 enses,
1031 1189 1114 1227 ficas,
1134 1191 1280 1222 mathurus,
1293 1189 1396 1223 spatas,
1415 1188 1542 1227 lingulas,
1562 1190 1702 1219 clunacula.

108 1225 160 1253 Sed
181 1235 243 1254 cum
267 1238 298 1256 ex
313 1228 343 1255 iis
359 1237 438 1263 pauca
450 1228 600 1256 admodum
615 1227 647 1254 ad
665 1230 819 1254 Romanam
847 1235 1011 1254 armaturam
1027 1229 1192 1265 pertineant,
1212 1229 1245 1255 de
1261 1226 1356 1264 quibus
1369 1226 1411 1255 vel
1424 1228 1481 1263 jam
1494 1236 1556 1256 ante
1570 1230 1703 1262 diximus,

107 1264 151 1291 vel
170 1264 250 1300 paulo
263 1266 320 1301 post
333 1267 429 1293 diCturi
442 1265 545 1296 firmus,
569 1267 595 1292 in
610 1274 704 1291 eorum
721 1264 898 1300 explicatione
912 1264 965 1293 hoc
979 1265 1041 1293 loco
1054 1276 1109 1295 non
1123 1264 1303 1295 immorabor.
1346 1266 1524 1302 Exponuntur
1538 1275 1632 1296 tamen
1646 1267 1704 1305 pas-

109 1302 159 1330 sim
175 1302 190 1331 ὲ
205 1304 415 1336 Grammaticis,
435 1304 481 1341 qui
493 1304 526 1332 de
539 1304 570 1332 iis
583 1303 644 1331 sunt
657 1301 823 1331 consulendi.

734 1381 938 1408 CAi’u'r
996 1381 1055 1408 XI.

772 1449 825 1482 De
841 1446 1040 1494 expeditione.

107 1535 319 1596 Ostendimus
336 1535 479 1566 hastenus‚
500 1544 552 1572 qua
574 1535 678 1563 ratione
697 1532 798 1562 Bellum
821 1532 939 1561 hostibus
952 1534 983 1561 sit
996 1533 1141 1565 indiCtum,
1163 1533 1304 1570 quomodo
1318 1532 1434 1561 delcetus
1448 1531 1567 1564 habitus,
1587 1536 1632 1571 qui
1647 1530 1696 1563 d‘u-

194 1584 237 1601 ces
257 1573 333 1606 belli,
354 1576 398 1611 qui
419 1574 576 1601 militarium
599 1582 744 1601 munerum
764 1572 895 1608 praefecti,
919 1573 964 1610 qui
985 1572 1111 1599 ordinum
1134 1572 1258 1600 ductores
1272 1591 1279 1602 ‚
1300 1571 1347 1608 qui
1362 1570 1481 1599 militum
1499 1571 1619 1604 ordines,
1641 1583 1699 1610 quae

105 1620 181 1639 arma
194 1621 291 1640 eorum
306 1613 418 1640 fuerint:
438 1613 495 1648 jam
514 1612 663 1640 exercitum
677 1612 837 1642 educemus,
858 1612 885 1639 ὅ(
902 1620 957 1648 quo
971 1611 1064 1638 ordine
1079 1609 1204 1644 expeditio
1218 1609 1286 1637 faeta
1301 1611 1343 1638 lit,
1365 1610 1534 1637 docebimus.
1574 1609 1628 1638 Ubi
1640 1612 1697 1638 dux

105 1650 252 1686 imperium
273 1649 287 1677 ὲ
298 1651 398 1688 populo
409 1656 561 1685 acceperat,
582 1649 738 1686 bellumque
755 1649 801 1684 ipsi
813 1649 988 1676 commissum
1005 1656 1074 1679 erat,
1097 1648 1125 1675 in
1140 1648 1295 1682 Capitolium
1308 1646 1377 1678 ibat,
1398 1646 1488 1685 ibique
1502 1647 1619 1676 solennia
1633 1657 1697 1678 vota

105 1695 158 1724 pro
171 1688 305 1725 republica
318 1689 502 1724 nuncupabat,
523 1696 603 1724 atque
617 1688 680 1715 inde
691 1686 896 1724 paludamento,
917 1686 1067 1718 latoribus,
1089 1685 1284 1724 insignibusque
1296 1686 1403 1721 imperii
1412 1687 1512 1713 exteris
1525 1686 1666 1723 assumptis
1681 1709 1690 1720 ‚

103 1726 177 1754 reeta
196 1727 229 1754 ad
251 1735 358 1764 portam
373 1727 453 1754 Urbis
469 1724 540 1757 ihat,
560 1727 594 1754 ad
609 1735 689 1763 quam
703 1725 838 1755 salutatus,
859 1725 953 1752 amicis
965 1724 1048 1751 officii
1062 1724 1134 1752 caula
1145 1725 1280 1761 aliquanto
1294 1725 1342 1751 viae
1356 1723 1440 1759 spatio
1452 1723 1691 1761 prosequentibus,

101 1773 132 1792 ac
145 1765 214 1793 bene
225 1765 420 1796 ammantibus,
429 1765 460 1792 ad
469 1764 567 1791 bellum
582 1763 808 1800 proficiscebatur.
825 1762 931 1790 Setvius
943 1763 1109 1790 doetiffimus
1116 1764 1269 1790 Grammat.
1286 1762 1313 1789 in
1325 1764 1350 1790 3.
1367 1762 1495 1790 AEneidos
1509 1770 1621 1791 annotat
1629 1772 1691 1792 mo-

100 1803 137 1830 ris
152 1802 240 1835 fuisse,
261 1811 291 1832 ut
303 1805 338 1835 is,
360 1803 407 1840 qui
419 1802 481 1830 belli
492 1811 583 1829 curam
596 1801 758 1839 susceperat,
778 1801 919 1829 &crarium
934 1802 1030 1829 Martis
1041 1801 1182 1838 ingressus,
1202 1802 1293 1838 primo
1304 1800 1397 1828 ancilia
1406 1808 1610 1833 commoveret,
1629 1803 1690 1839 post

98 1839 198 1869 hastam
212 1841 345 1870 simulacri
356 1840 449 1878 ipfius,
470 1841 634 1876 diceretque:
656 1845 743 1872 Mars,
758 1839 845 1876 vigila.
1253 1848 1257 1850 “

97 1907 102 1910 ,
140 1881 275 1908 Caeterum
295 1890 349 1917 quo
362 1879 456 1906 ordine
473 1879 605 1907 incesserit
618 1880 763 1908 exercitus,
784 1876 864 1914 Polyb.
878 1876 922 1904 lib.
932 1880 957 1905 6.
969 1877 1051 1906 docet
1064 1878 1138 1915 cujus
1153 1877 1232 1905 verba
1247 1887 1278 1905 ex
1292 1877 1411 1904 versione
1422 1875 1492 1912 Jam'
1508 1879 1620 1912 Lnfinrzs
1633 1878 1688 1908 haec

100 1916 173 1945 sunt:
197 1917 372 1955 Plerumque,
392 1918 494 1954 inquit,
514 1917 596 1953 primi
608 1917 736 1945 incedunt
749 1914 964 1943 extraordinarii:
984 1915 1033 1944 hos
1046 1915 1180 1943 sociorum
1195 1917 1320 1943 dextrum
1329 1915 1597 1952 substquiturcornu:
1619 1927 1687 1954 quos

100 1956 226 1992 deinceps
239 1956 283 1984 sua
295 1957 419 1990 jumenta
433 1955 586 1992 sequuntur.
609 1955 668 1982 Post
683 1964 727 1982 eos
742 1956 762 1982 it
775 1955 966 1980 Romanorum
976 1953 1062 1988 prima
1074 1953 1148 1991 legio,
1168 1953 1266 1980 habens
1275 1954 1548 1990 poneimpedimenta
1561 1954 1604 1982 sua
1613 1967 1616 1982 1
1625 1964 1685 1983 tum

96 1995 207 2029 jecunda
222 1995 321 2023 incedit
341 1994 426 2031 legio,
447 1994 612 2031 sequentibus
634 1993 717 2029 ipsam
738 1992 788 2020 suis
803 1991 941 2024 vehiculis,
960 1991 1149 2028 sociorumque
1163 1991 1382 2028 impedimentis,
1401 1992 1446 2028 qui
1463 2001 1561 2029 agmen
1574 2002 1685 2031 cogunt.

100 2032 238 2061 Ultimum
255 2034 344 2065 enim,
365 2034 430 2060 dum
447 2033 585 2063 incedunt,
607 2031 703 2058 laevum
720 2030 855 2058 sociorum
869 2038 953 2056 cornu
968 2037 1041 2057 tenet
1052 2029 1153 2057 locum.
1177 2029 1284 2068 Equites
1300 2029 1436 2057 interdum
1453 2029 1598 2067 sequuntur
1611 2039 1686 2060 ater-

98 2078 135 2107 go
153 2070 208 2098 suas
229 2072 328 2109 quique
337 2077 436 2108 partes:
456 2070 517 2098 alias
530 2072 717 2106 jumentorum
733 2068 814 2096 latera
828 2067 999 2104 obequitant,
1021 2069 1142 2103 stipantes
1158 2077 1200 2099 ea,
1222 2075 1366 2105 tutumque
1383 2069 1529 2104 praebentes
1543 2070 1684 2098 incess'um.

100 2109 183 2148 Qod
202 2109 219 2137 fi
243 2119 293 2146 qua
307 2110 337 2138 lit
351 2108 365 2137 a
378 2117 454 2146 tergo
467 2109 590 2144 sulpicio,
614 2115 707 2137 caetera
722 2107 830 2144 quidem
847 2105 914 2141 apud
929 2105 997 2141 ipsos
1012 2107 1108 2133 eodem
1125 2106 1150 2133 se
1165 2105 1263 2133 habent
1279 2107 1378 2133 modo:
1401 2106 1447 2142 ipfi
1463 2116 1527 2134 vero
1541 2106 1679 2135 sociorum

97 2148 299 2175 exrraordinarii
317 2147 428 2175 afr-onte
439 2148 470 2175 ad
484 2155 591 2185 tergum
605 2146 793 2175 traducuntur,
815 2142 972 2180 alternisque
988 2144 1081 2172 diebus
1093 2143 1199 2182 legiones
1212 2143 1253 2176 ἐς
1267 2154 1357 2171 cornua
1365 2146 1457 2171 eadem
1467 2146 1617 2180 praecedunt
1626 2157 1682 2174 rur·-

95 2183 208 2222 sumque
229 2185 372 2223 sequuntur
392 2184 404 2212 ὲ
425 2194 516 2222 tergo,
537 2193 566 2214 ut
585 2185 732 2222 aquationis
746 2205 753 2215 ‚
775 2182 1043 2220 frumentationisque
1063 2184 1173 2220 integrae
1183 2181 1317 2220 acqualiter
1329 2192 1426 2210 omnes
1439 2184 1582 2221 participes
1596 2185 1680 2216 fiant,

98 2231 233 2252 mutantes
247 2224 351 2261 semper
365 2225 488 2251 ordinem
497 2245 504 2255 ‚
526 2231 554 2251 ut
568 2223 719 2252 alternatim
734 2223 817 2259 primi
830 2221 962 2253 incedant,

136 2264 257 2290 Utuntur
271 2264 350 2291 etiam
366 2264 418 2290 alio
430 2271 528 2299 genere
541 2262 662 2293 incess'us,
683 2261 850 2297 temporibus
864 2269 958 2300 parum
973 2260 1044 2300 tutis.
1066 2259 1218 2287 Potentibus
1233 2260 1306 2287 enim
1322 2260 1425 2296 campis
1433 2260 1677 2296 ducunttriplicem

89 2299 242 2338 pbalangem
270 2302 478 2338 ae-juidistantem
495 2321 502 2332 ‚
529 2299 684 2337 hastatorum
697 2321 704 2332 ,
725 2308 864 2334 principum
882 2318 890 2331 ,
916 2306 1088 2326 triariorum:
1114 2306 1299 2334 praeponentes
1317 2299 1533 2326 antecedentium
1553 2299 1679 2334 jumenta

98 2341 231 2367 omnious.
272 2340 329 2367 lost
348 2340 435 2377 prima
455 2349 520 2367 vero
543 2340 629 2376 signa,
651 2347 762 2369 eorum,
784 2338 828 2374 qui
851 2336 957 2364 secundi
968 2337 1107 2364 incedunt:
1130 2337 1187 2372 post
1199 2335 1325 2367 secunda,
1347 2346 1457 2367 eorum,
1478 2338 1523 2373 qui
1537 2339 1622 2364 tertii:
1647 2340 1674 2365 δε

97 2376 128 2404 ad
137 2379 345 2415 proportionem
359 2378 394 2406 fic
404 2378 556 2407 alternatim
569 2385 701 2415 ponentes
712 2377 849 2414 jumenta,
870 2378 896 2404 ἃ
911 2375 989 2414 signa.
1008 2378 1087 2404 Hunc
1101 2375 1253 2403 inmodum
1260 2376 1489 2406 adirerinstruffl,
1511 2384 1572 2402 cuin
1581 2375 1682 2412 aliquid

1627 2422 1684 2451 ἕνα·
