2075 2734
443 101 1374 136 Dr.Lx-:cisAcriournvs‚&c.CAv.10.‘
1645 118 1700 154 555

108 154 186 181 nm
198 150 266 180 libro
278 151 374 188 quinto
388 151 421 179 de
434 150 523 190 lingua
537 152 644 184 Latina,
663 150 716 178 dies
721 149 783 188 fasti
796 160 844 187 per
853 161 920 189 quos
927 151 1074 187 putoribus
1084 155 1178 182 omnia
1191 155 1271 183 verba
1279 157 1333 184 fine
1346 156 1452 193 piaculo
1465 158 1527 189 licet
1534 161 1598 198 ῥινὶ.
1619 165 1692 193 Con-

112 189 289 219 trariihorum
296 198 426 219 vocantur
436 190 488 217 dues
494 189 595 226 nefinsti,
607 198 655 226 pei·
661 197 729 226 quos
737 190 793 217 dies
800 189 868 226 nefas
874 189 931 225 fizri
938 198 1080 226 praetorem
1089 214 1097 224 ,
1105 193 1144 227 do,
1151 192 1212 225 dico,
1221 193 1320 222 addico.
1340 195 1448 224 Ovidius
1455 196 1526 226 him.
1536 201 1554 227 F
1556 201 1673 232 :istorum
1683 215 1689 231 2

416 228 460 255 Ille
477 227 584 266 neffflus
601 228 652 254 erit
664 247 671 258 ,
692 235 739 261 per
757 237 832 266 quem
850 227 903 255 tria
920 228 996 255 rerba
1005 227 1134 266 silentur,

457 265 545 303 fifias
562 264 611 292 erit
623 284 631 294 ,
651 274 698 300 per
716 274 792 303 quem
811 265 863 303 lege
883 265 970 293 licebat
988 266 1040 302 aqi.

140 305 277 333 Suetonius
289 306 316 334 in
325 304 438 332 Octavio
451 303 485 330 de
492 301 649 338 putoribus,
669 303 732 342 teste
748 303 886 338 Priftmno:
908 303 975 339 Fasti
984 304 1036 332 dies
1051 305 1122 336 sunt,
1147 307 1174 334 in
1187 308 1278 344 quibus
1285 309 1422 344 jusfiztur.
1435 311 1461 340 id
1470 313 1521 346 est,
1537 315 1685 346 dicitur1&

106 343 207 381 „ffistj’
231 345 258 371 jn
272 343 364 380 quibus
381 350 429 368 non
441 341 547 368 dicitur.
585 340 779 369 Macrobruslib.
791 351 812 369 1.
827 343 956 370 Saturnal.
969 351 1027 379 cap.
1040 347 1080 370 16.
1102 344 1169 380 Fastt
1182 347 1234 372 dies
1248 346 1321 378 sunt,
1345 349 1438 384 quibus
1453 350 1511 379 hcet
1519 352 1573 388 fari
1581 356 1682 387 pretori

107 384 158 410 tria
172 381 250 409 verba
262 381 390 410 solennia,
411 379 456 410 do,
475 378 543 410 dico,
564 379 667 406 addico:
686 379 777 417 hisque
790 381 917 408 contrarii
936 379 996 407 sunt
1008 380 1106 416 neſszsti.
1146 383 1266 421 Intercfis
1280 385 1370 413 diebus
1386 387 1542 424 quibusdam
1557 390 1629 419 horis
1646 393 1684 421 fas

106 420 158 451 est,
176 419 331 456 quibusdam
344 417 381 444 fas
395 426 450 444 non
465 417 501 444 est
518 417 560 453 jus
573 418 669 445 dicere.
708 418 742 445 Et
754 415 830 454 fastis
843 417 952 455 quidem
965 418 1057 446 diebus
1074 419 1133 455 lege
1146 421 1188 457 agi
1200 423 1285 457 porest
1294 443 1300 454 ‚
1322 433 1384 450 cum
1398 426 1499 462 populo
1510 438 1565 456 non
1578 431 1664 464 potest

103 456 266 484 commatibus
277 463 420 491 utrumque
432 454 525 492 potest.
545 456 581 483 Hi
589 465 653 483 vero
666 455 712 493 qui
725 464 811 493 quoto
824 465 931 492 quoque
939 456 1030 483 mense
1044 456 1156 488 fuerint,
1176 467 1208 486 ex
1219 459 1288 487 libro
1295 462 1389 496 prioris
1402 466 1572 494 commentarit
1586 453 1682 504 quarto

105 495 138 523 de
150 503 281 523 annorum
297 495 322 522 ὃ(
336 493 440 521 dierum
449 493 522 530 apud
536 495 676 523 Romanos
688 495 806 527 ratione,
827 496 854 522 ὅ(
867 503 900 522 ex
912 493 1058 529 kalendario
1072 497 1186 523 Romam
1200 496 1237 524 illi
1251 498 1319 525 libro
1334 500 1432 529 inserto
1444 502 1535 540 liquet.

793 571 909 598 ΕΑΓ.
950 571 987 598 X.

100 634 154 668 De
169 633 246 680 legIs
260 631 442 674 Manibus,
445 633 512 679 five
519 630 556 665 de
565 630 731 666 exercenda
740 631 961 680 jurtfiiislione‚
970 630 1008 665 de
1017 631 1239 676 vindicatione,
1250 641 1295 668 (φ’
1305 637 1337 668 in
1347 638 1416 683 jure
1426 650 1464 684 ces
1480 652 1561 683 zone,
1571 655 1675 678 eman*

147 684 299 731 cipatione
306 681 484 730 ‚adoptione
492 706 502 724 ,
511 680 754 727 manumzffione‚
759 679 975 726 postulatione,
986 693 1023 714 ac
1030 680 1154 716 datione
1162 686 1271 715 tutoris
1280 710 1288 724 ‚
1295 685 1494 731 possulatc'one
1503 714 1511 728 ,
1524 703 1561 724 ac
1568 690 1629 726 da-

216 733 298 764 tione
305 730 481 780 Fff'ffiwis
494 729 654 769 bonorum,
677 739 767 776 atque
775 729 979 778 postulatione
990 729 1163 772 ίπῐενάίἑῖί,
1189 731 1304 778 ejusque
1324 735 1550 782 interpositione.

98 806 341 868 Magistratibus
346 810 391 842 jus
402 806 554 841 dicentibus,
574 807 634 835 loco
648 808 730 835 etiam
742 809 771 836 δε
786 814 911 843 tempore
925 807 1040 843 cognitis
1053 827 1060 837 ,
1079 807 1136 843 jam
1153 808 1387 844 quemadmodum
1400 808 1462 838 illud
1477 812 1606 846 dixerint,
1627 818 1673 845 de-

201 847 354 874 clarandum
369 846 413 872 est,
434 850 550 871 Pratores
562 846 644 882 igitur
649 847 693 879 jus
703 844 842 877 dixeram,
861 853 905 872 aut
917 854 948 872 ex
961 844 1096 880 luperiore
1107 845 1181 876 loco,
1202 853 1247 874 aut
1260 856 1293 874 ex
1306 855 1396 883 aequo:
1416 848 1443 876 id
1457 851 1508 881 est,
1525 861 1570 880 aut
1583 854 1615 880 de
1629 856 1676 882 tri-

96 884 200 918 bunali,
221 892 265 912 aut
276 885 308 911 de
321 883 410 920 plano.
432 883 569 918 Qioniam
585 892 674 911 autem
688 882 748 910 sella
761 883 846 919 polita
858 882 976 911 sedentes
987 884 1014 910 id
1030 882 1174 915 faciebant,
1184 893 1229 911 eos
1243 884 1297 911 dies
1312 886 1440 920 cessionum
1454 897 1582 918 vocarunt
1591 901 1596 917 2
1605 900 1674 927 quo.

96 932 158 950 rum
172 924 226 950 duo
239 921 314 948 fuere
325 930 432 958 genera.
469 921 542 947 Nam
557 920 600 948 alii
608 919 826 957 poslulau'ontbus,
837 921 881 948 alii
892 920 1066 958 cognitionibus
1082 921 1162 950 dicati
1177 921 1293 951 fuerunt.
1325 923 1504 960 Cogmtiomsm
1519 935 1608 955 autem
1622 929 1677 956 diez

95 960 138 987 alii
153 960 208 988 aliis
222 959 286 997 legis
297 959 446 987 actionibus
458 960 610 987 exercendis
623 968 698 988 erant
711 960 855 989 constituti.
875 961 954 986 Unde
969 958 1068 994 Ulpian.
1070 958 1110 998 ff.
1116 960 1146 987 de
1153 959 1268 987 bonorum
1276 960 1413 1000 possejllmne
1423 974 1430 988 :
1451 965 1476 990 Si
1486 964 1560 993 causa
1567 968 1677 1003 cognita

94 997 229 1025 bonorum
243 997 367 1034 poffeffio
379 998 471 1031 detur,
490 1007 545 1025 non
559 997 619 1025 alibi
632 997 751 1029 dabitur,
771 1007 852 1035 quam
863 1006 915 1034 pro
928 997 1066 1031 tribunali,
1086 999 1147 1035 quia
1159 1008 1246 1036 neque
1257 999 1396 1028 decretum
1412 1001 1446 1028 de
1455 1001 1529 1035 plano
1540 1003 1672 1039 interponi,

95 1045 182 1072 neque
193 1036 266 1064 causa
279 1036 388 1072 cognita
401 1035 536 1063 bonorum
551 1036 673 1072 possessio
684 1035 756 1067 alibi,
767 1045 848 1073 quam
856 1045 907 1072 pro
919 1035 1043 1064 tribunali
1054 1036 1111 1063 dari
1121 1037 1216 1072 potest.
1236 1038 1274 1064 Ut
1285 1047 1376 1066 autem
1390 1038 1456 1076 legis
1468 1041 1585 1070 actiones
1595 1052 1670 1072 erant

93 1073 199 1106 multae,
219 1073 403 1108 flcjurifiiifflo
415 1082 521 1111 quoque
532 1073 667 1108 multiplex
680 1081 744 1101 erat.
764 1079 828 1112 Lege
841 1075 952 1111 quidem
964 1084 1049 1111 agere,
1070 1082 1100 1102 ut
1110 1082 1173 1103 ante
1185 1074 1317 1107 diximus,
1338 1075 1403 1104 nihil
1419 1076 1487 1105 aliud
1504 1088 1574 1111 erat,
1588 1090 1670 1117 quam

91 1113 189 1150 aliquid
203 1121 314 1143 eorum,
334 1121 392 1149 quae
402 1111 462 1148 Iege
477 1113 692 1145 continerentur,
712 1112 781 1149 apud
794 1120 937 1149 praetorem
947 1132 954 1143 ,
977 1112 1017 1139 vel
1031 1113 1102 1148 apud
1116 1122 1194 1144 eum,
1214 1114 1259 1150 qui
1274 1113 1356 1141 talem
1363 1114 1576 1150 jurisdictionem
1591 1119 1670 1148 habe-

89 1158 148 1182 ret,
169 1152 196 1178 in
211 1151 271 1186 jure
280 1149 374 1177 obire:
393 1158 506 1186 nempe,
527 1151 662 1178 vindicare
674 1171 681 1181 ,
701 1158 780 1187 atque
792 1151 852 1186 jure
864 1151 958 1178 cedere
972 1171 979 1181 ,
999 1149 1086 1178 filium
1101 1150 1176 1178 suum
1189 1152 1374 1188 emancipare,
1394 1152 1510 1182 alienum
1527 1156 1669 1193 adoptare,

90 1189 197 1216 servum
214 1189 418 1218 manumittere,
438 1195 573 1220 intorem,
592 1189 728 1216 bonorum
742 1189 942 1224 poffieffionem,
965 1189 1154 1221 interdictum,
1175 1189 1345 1218 &actionem
1358 1190 1496 1226 postulare.
1527 1192 1585 1230 Jus
1601 1205 1667 1223 vere

86 1227 171 1253 dicere
183 1235 254 1258 erat,
275 1226 372 1263 aliquid
385 1226 483 1254 horum
498 1234 543 1254 aut
556 1228 659 1258 dicere,
679 1234 724 1254 aut
736 1227 872 1257 addicere,
893 1234 937 1254 aut
953 1227 1023 1254 dare.
1044 1228 1221 1264 Qaeprmm,
1241 1237 1304 1256 cum
1317 1228 1442 1261 faciebat,
1463 1230 1606 1269 decre-off,
1623 1241 1668 1263 aut

89 1264 216 1292 decretum
229 1263 392 1300 interpofiuffe
405 1265 548 1292 dicebatur.
577 1264 677 1292 Diebus
691 1266 772 1300 igitur
779 1263 866 1300 sollis.
880 1273 995 1298 pretores
1008 1264 1116 1292 summo
1131 1274 1209 1292 mane
1224 1266 1251 1293 in
1267 1267 1426 1300 comitium,
1447 1267 1500 1295 five
1514 1269 1606 1298 forum
1621 1281 1666 1299 ve-

89 1302 211 1331 niebant,
231 1310 309 1339 atque
320 1303 347 1329 in
359 1302 484 1330 tribunali
497 1301 556 1329 sella
569 1303 653 1339 pofita
668 1302 825 1334 affidebant,
847 1304 873 1330 ὃς
886 1303 992 1337 acchb,
1012 1311 1040 1330 ut
1052 1304 1161 1331 tertiam
1173 1303 1266 1331 horam
1275 1304 1374 1340 populo
1389 1305 1571 1335 circumstanti
1585 1309 1666 1338 incla-

88 1348 186 1370 maret,
208 1339 384 1376 imperabant.
422 1341 514 1368 Tertia
525 1341 668 1369 inclamata
681 1361 688 1372 ‚
708 1347 767 1368 tum
783 1350 829 1377 per
840 1341 964 1375 accenfiam
978 1341 1094 1369 eundem
1108 1340 1240 1378 populum
1254 1342 1384 1379 rogabant
1399 1363 1408 1374 ,
1429 1352 1497 1371 num
1512 1346 1569 1381 quis
1583 1348 1660 1380 effer,

91 1378 136 1415 qui
149 1380 217 1414 apud
232 1379 257 1406 se
270 1378 323 1415 lege
333 1388 406 1415 agere
418 1378 511 1410 vellet,
532 1379 559 1406 id
573 1379 624 1410 est,
645 1378 742 1417 quijus
748 1380 862 1413 posceret.

123 1418 187 1444 Hoc
198 1424 332 1453 praecepto
344 1417 436 1444 audito
445 1416 618 1448 accedebant,
638 1417 684 1453 qui
697 1417 749 1454 lege
762 1426 835 1453 agere
850 1415 988 1448 volebant,
1010 1415 1107 1447 veluti,
1118 1415 1149 1454 si
1156 1416 1209 1444 dies
1216 1416 1409 1453 postulationum
1421 1419 1498 1452 estet,
1510 1421 1661 1460 quialiquid

85 1462 180 1482 eorum
193 1453 360 1492 postulabant
370 1475 378 1486 ,
400 1463 457 1491 quae
472 1455 537 1491 legis
549 1454 697 1482 astionibus
709 1454 914 1482 continebantur
927 1475 933 1485 ,
959 1464 992 1482 ex
1004 1454 1105 1491 legibus
1119 1475 1126 1486 ,
1146 1463 1191 1483 aut
1203 1456 1296 1483 edictis
1309 1465 1406 1485 eorum
1423 1468 1427 1484 :
1445 1467 1547 1495 nempe
1561 1460 1660 1497 aliquid

83 1500 194 1522 eorum,
213 1502 270 1530 quae
281 1492 357 1528 supra
370 1493 498 1521 dmmus.

124 1531 272 1563 Caeterum,
293 1530 321 1558 hi
334 1539 420 1568 neque
428 1539 474 1565 pro
490 1529 608 1564 arbitrio,
627 1539 714 1567 neque
727 1537 830 1558 temere
840 1538 919 1567 agere
932 1537 1078 1567 potuerunt
1089 1551 1098 1565 ,
1122 1529 1167 1558 sed
1181 1537 1262 1567 prout
1274 1531 1302 1558 in
1317 1530 1422 1568 finguh's
1436 1531 1502 1570 legis
1513 1535 1661 1567 actionibus

81 1566 131 1594 scri
151 1576 210 1596 tum
223 1576 287 1598 erat.

121 1577 196 1643 gegis
208 1616 298 1635 autem
311 1606 422 1634 animes
431 1606 545 1642 formula
560 1606 668 1634 fuerunt
685 1607 784 1643 agendi
798 1627 807 1640 ,
833 1615 896 1643 quas
910 1607 1031 1643 primum
1050 1605 1176 1644 pontficet
1192 1605 1341 1635 intulerunt
1355 1628 1362 1639 ,
1383 1608 1481 1637 deinde
1501 1614 1533 1636 C.
1549 1611 1657 1640 Fla-vius

81 1646 150 1678 App.
164 1644 356 1680 Clatcaiiifiriba
366 1645 398 1672 ab
411 1645 501 1681 Appio
513 1645 673 1680 compositas
687 1645 835 1682 divulgavit
846 1666 855 1677 ‚
876 1645 909 1672 de
923 1646 1017 1681 quibus
1031 1649 1177 1679 Pompomus
1195 1645 1228 1672 de
1241 1645 1355 1681 Origine
1368 1646 1435 1680 juris
1452 1647 1544 1676 multa.
1584 1650 1658 1688 Legis

79 1681 161 1718 igitur
172 1682 280 1710 ‘tamnes
292 1684 369 1711 dictae
385 1682 445 1710 sunt
454 1702 463 1713 ‚
486 1682 559 1720 quod
571 1691 663 1709 earum
677 1692 768 1710 rerum
781 1703 788 1714 ‚
809 1682 843 1709 de
855 1683 947 1719 quibus
960 1683 1002 1709 lex
1015 1683 1145 1709 duodecim
1161 1681 1307 1710 tabulatum
1319 1683 1414 1719 icripta
1428 1693 1484 1713 erat
1498 1705 1505 1716 ,
1526 1687 1654 1722 privatim

77 1721 239 1756 agendarum
253 1722 432 1750 formularum
445 1720 653 1757 praescribebant.
686 1723 776 1757 Atque
788 1720 828 1747 hae
843 1721 960 1748 actiones
972 1722 1008 1748 ita.
1022 1720 1140 1748 solennes
1153 1720 1275 1753 fuerunt,
1294 1729 1323 1749 ut
1338 1722 1384 1757 qui
1397 1731 1475 1759 agere
1490 1724 1604 1757 veilent,
1625 1729 1654 1756 ὃς

74 1757 277 1790 ,impetrationis
291 1762 422 1788 rationem
437 1759 547 1790 habere,
569 1761 595 1786 ἃ
609 1759 786 1787 formularum
801 1758 938 1787 deberent.

115 1796 313 1832 Impetrationis
327 1807 356 1825 ea
371 1797 410 1824 vis
420 1796 471 1824 fuit
482 1818 490 1828 ‚
512 1805 542 1824 ut
556 1798 659 1824 nemini
670 1797 762 1825 liceret
779 1797 882 1833 judicio
895 1797 1010 1833 experiri
1023 1816 1030 1826 ,
1051 1796 1097 1824 nisi
1110 1796 1181 1832 prius
1199 1795 1230 1822 ab
1245 1804 1278 1822 eo
1292 1816 1298 1826 ‚
1320 1796 1394 1832 cujus
1408 1805 1462 1826 erat
1477 1797 1650 1834 jmisdiffio,

76 1834 172 1869 agendi
185 1837 330 1864 formuiam
343 1835 516 1871 impetrasset.
534 1835 554 1861 F
556 1834 723 1864 ormularum
737 1844 816 1866 vero,
836 1842 866 1862 ut
879 1834 1002 1863 formulae
1019 1836 1140 1871 quaedam
1152 1832 1340 1861 adhiberentur
1352 1833 1496 1862 verborum
1507 1857 1513 1867 ,
1535 1846 1649 1874 quarum

75 1871 158 1899 ductu
168 1874 194 1901 in
206 1875 312 1910 judiciis
325 1874 522 1910 experirentur,
540 1881 571 1902 ut
583 1875 629 1910 qui
643 1883 697 1901 uno
713 1872 795 1901 verbo
808 1873 928 1905 erraffet,
948 1873 970 1901 is
983 1881 1040 1901 tota
1054 1873 1128 1901 cauta
1140 1872 1259 1901 cecidisse
1269 1873 1411 1900 videretur.
1430 1874 1514 1901 Porro
1528 1874 1650 1905 formulae

76 1909 126 1936 1⁴11ae
138 1913 166 1939 in
180 1912 285 1948 lingulis
295 1910 443 1940 actionibus
456 1911 563 1939 fuerunt
577 1911 632 1938 fere
645 1911 797 1947 peculiares.

115 1950 147 1976 In
158 1948 340 1982 vindicatione,
362 1952 387 1978 δε
399 1950 428 1977 in
434 1951 496 1984 jure
508 1949 588 1976 ceffio
600 1948 672 1977 haec:
693 1950 720 1976 Si
731 1951 789 1986 quis
802 1948 906 1977 servum
915 1969 922 1980 ‚
943 1955 988 1976 aut
1000 1948 1079 1976 aliam
1092 1957 1148 1975 rem
1158 1955 1315 1985 corpoream
1330 1947 1382 1987 fibi·
1390 1948 1524 1978 vindicare
1533 1952 1646 1987 volebat,

74 1986 96 2013 is
108 1988 175 2024 apud
183 1996 313 2022 putorem
327 1989 364 2016 ita
375 1987 479 2024 agebat.
516 1986 659 2014 der'cator
674 1995 767 2015 tenens
780 1986 887 2014 strvum
900 1987 927 2014 in
939 1987 1010 2022 jure,
1031 1987 1067 2013 ita
1080 1985 1183 2013 dicebat
1196 1997 1202 2012 ·.
1229 1989 1304 2010 Hunc
1315 1985 1441 2025 hommem
1455 1998 1487 2014 ex
1493 1991 1554 2023 jure
1567 1992 1650 2030 quiri-

73 2023 142 2053 tium
155 2036 239 2053 meum
252 2025 298 2062 effe
310 2029 359 2060 ajo.
399 2027 500 2054 Praetor
513 2033 603 2053 autem
618 2024 799 2062 interrogabat
812 2034 891 2055 eum,
910 2025 980 2052 unde
994 2022 1135 2060 petebatur
1147 2043 1155 2054 ‚
1176 2032 1208 2050 an
1220 2030 1305 2049 contra
1322 2025 1461 2052 vmdtcaret
1478 2037 1486 2051 :
1506 2028 1531 2055 id
1547 2034 1595 2061 cst,
1614 2040 1648 2059 an

75 2071 168 2092 contra
182 2063 286 2091 servum
301 2064 376 2091 illum
389 2063 464 2091 suum
480 2063 532 2090 effe
545 2063 679 2090 affereret:
699 2072 733 2090 eo
747 2071 812 2090 vero
826 2070 931 2090 tacente
941 2082 947 2093 ‚
968 2069 1014 2089 aut
1027 2061 1154 2092 cedente,
1173 2069 1271 2097 praetor
1285 2060 1390 2088 servum
1404 2064 1543 2094 addicebat
1562 2068 1647 2096 vindi-

73 2104 157 2130 canti:
178 2103 223 2139 qui
237 2112 301 2130 vero
315 2103 494 2130 vindicaverat
506 2122 513 2132 ,
533 2102 585 2138 lege
596 2099 667 2138 egtffc
679 2111 688 2128 :
710 2101 755 2138 qui
768 2100 876 2128 cefferat
888 2120 896 2132 ‚
915 2099 1009 2134 injure
1022 2097 1108 2135 ceſjiffe
1120 2110 1129 2125 :
1154 2106 1234 2136 atque
1254 2107 1285 2126 ea
1297 2100 1325 2126 in
1339 2099 1398 2135 jure
1408 2101 1475 2137 ceffio
1490 2104 1644 2134 dicebatur:

68 2140 180 2174 prmria
196 2150 260 2168 vero
275 2140 398 2172 addictio,
418 2141 481 2168 teste
494 2142 591 2167 Boetto.

112 2181 141 2205 In
153 2178 333 2213 mancrpatione
347 2180 373 2206 &
387 2177 580 2212 emancipatione
597 2176 653 2205 hacc
668 2185 723 2205 erat
740 2176 857 2204 formula
872 2188 879 2205 z
904 2175 1038 2205 Adhibitis
1050 2184 1105 2203 non
1119 2176 1208 2203 minus
1221 2176 1339 2213 quinque
1351 2177 1458 2206 testibus
1470 2179 1572 2208 civibus
1587 2182 1645 2209 Ro.

73 2217 160 2244 manis
173 2217 313 2253 puberibus
327 2237 333 2249 ,
354 2218 380 2245 &
394 2224 519 2252 praeterea
529 2215 580 2243 alio
595 2216 714 2251 ejusdem
732 2216 894 2243 conditionis
908 2235 915 2245 ‚
935 2215 980 2251 qui
993 2214 1088 2242 libram
1103 2223 1202 2241 aeneam
1217 2223 1322 2254 teneret
1333 2236 1339 2246 ,
1363 2216 1409 2252 qui
1420 2217 1598 2253 appellabatur
1609 2220 1642 2246 li.

69 2253 182 2289 bripens,
203 2257 238 2287 is,
259 2255 305 2292 qui
320 2255 482 2290 mancipium
493 2254 652 2290 accipiebat,
673 2264 705 2281 aes
720 2262 826 2284 tenens,
838 2254 874 2282 ita
885 2253 1002 2280 dicebat:
1023 2256 1101 2279 Hunc
1113 2262 1154 2289 ego
1168 2252 1290 2280 hommem
1302 2254 1401 2287 exjure
1412 2256 1546 2292 qmrttium
1557 2267 1644 2285 meum

70 2292 117 2330 effi
129 2295 183 2328 ajo,
204 2294 277 2331 isque
291 2292 359 2320 mihi
373 2300 480 2328 emptus
494 2293 530 2319 est
543 2291 596 2320 hoc
611 2302 662 2319 aere
674 2313 681 2323 ,
701 2301 771 2319 aenea
784 2291 851 2325 libra
864 2302 868 2317 z
889 2291 986 2319 deinde
998 2300 1050 2318 aere
1064 2290 1228 2327 percutiebat
1241 2290 1350 2323 libram,
1371 2292 1451 2329 idque
1464 2304 1497 2322 aes
1513 2294 1590 2321 dabat
1605 2296 1644 2328 ei,

71 2342 85 2359 a
98 2341 153 2368 quo
168 2332 332 2368 mancipium
347 2330 507 2367 accipiebat,
526 2330 596 2367 quafi
607 2331 687 2366 pretii
701 2329 772 2358 loco.
813 2330 869 2367 Qi
885 2337 950 2366 ergo
963 2328 1087 2357 naturalis
1099 2336 1174 2365 pater
1193 2328 1279 2357 fllium
1292 2330 1459 2366 emancipare
1473 2331 1578 2360 volebat
1588 2353 1597 2364 ,
1621 2334 1644 2361 is

70 2370 216 2399 secundum
234 2369 439 2408 postulationem
455 2389 464 2403 ,
495 2368 538 2398 die
559 2369 720 2407 cognitionis
740 2367 825 2399 filium
851 2367 1084 2434 suumpfiduciario
1102 2367 1171 2406 patri
1190 2367 1375 2411 emancipabat
1387 2388 1396 2402 ,
1427 2368 1476 2409 bac
1495 2370 1644 2436 yerborfunz

961 2413 1028 2444 PPP
1587 2418 1645 2449 ,052
