2075 2734
365 99 419 127 360
806 92 1151 128 ΡΑυιῙΜ

360 146 432 168 etiam
441 161 447 171 ,
460 140 648 175 quodexemplis
656 140 737 166 referia
744 143 842 165 narratio
850 142 990 173 dignitatem
998 150 1046 166 non
1053 141 1121 166 habet
1130 159 1136 169 ‚

360 176 445 207 putidae
461 174 659 207 potiuscujusdam
667 174 794 205 diligentiae
802 191 808 201 ,
821 176 845 199 &
854 173 991 199 ambitionis
998 175 1081 207 inepta
1089 174 1137 206 spe-

361 208 422 232 ciem
433 208 551 240 quandam
561 215 604 238 pra:
615 206 636 229 se
644 204 696 229 fert.

546 271 570 297 C
598 280 613 296 A
642 280 656 296 Ρ
683 277 701 296 υ
728 279 746 297 τ
790 269 954 298 XXXIII.

433 325 474 349 De
489 319 584 348 rectione
589 318 755 355 ferendarum
768 318 851 355 legum
859 339 866 351 ,
889 328 917 345 ac
928 317 1010 353 primo
1023 328 1074 357 qua

613 356 702 396 quibus
716 356 822 383 comitas
834 356 898 384 late.

420 417 549 448 egissatores
556 422 592 440 aut
600 414 669 439 tribui
675 416 692 438 is
698 416 804 439 comitiis
811 432 818 442 ,
825 416 1009 444 autcenturiatis,
1016 416 1139 442 autetiam,

437 456 461 472 ut
469 450 492 472 in
501 449 602 480 imperio
610 448 743 470 mandando
751 465 757 474 ,
765 448 788 470 δε
796 448 821 471 iu
828 448 1102 480 adoptionibus,cunatis
1109 448 1139 471 le-

365 489 420 512 gen}
428 481 542 504 ferebant:
551 480 566 504 fi
573 479 667 503 tributis
675 495 680 506 ‚
687 486 724 502 aut
731 487 785 502 cum
793 481 815 503 S.
823 482 851 504 C⁴
860 487 898 503 aut
905 479 961 503 fine:
972 480 987 503 fi
994 480 1125 503 centuriatis
1134 495 1139 505 ‚

364 512 377 537 e
391 515 410 535 S.
424 514 452 535 C.
467 512 556 544 semper
569 512 620 543 plus
632 512 736 534 omniuo
744 511 864 542 dignitatis
871 529 877 539 ‚
891 519 958 543 atque
965 513 1108 535 authoritatis
1117 512 1141 534 in

366 544 512 571 centuriatis,
527 544 565 567 sed
580 542 695 574 potestatis
708 550 756 566 non
765 544 927 567 minuseratin
935 544 1034 567 tributis.
1049 551 1112 575 sque
1119 551 1138 565 e-

366 578 419 600 nim
432 578 532 607 populus
543 575 918 606 universustenebaturiislegibus
927 593 933 602 ,
948 583 997 607 qua
1006 575 1097 598 tributis
1103 582 1141 597 co-

367 608 442 631 mitiis
450 607 581 631 ferebantur
589 624 595 633 2
609 613 676 637 atque
684 607 713 630 iis
721 623 728 633 ,
741 614 791 637 qux
798 608 938 630 centuriatis.
952 607 1022 638 idque
1030 607 1141 630 sancitum

368 639 471 667 effert-ge
478 648 490 662 a
499 638 661 670 QHortensio
669 639 787 661 Dictatore
793 639 843 664 lata,
853 646 906 662 curn
915 647 966 662 ante
975 640 1021 665 inre
1030 647 1065 661 co.
1076 639 1142 670 quod

366 671 474 695 statuisset
482 672 547 702 plebs
554 687 560 698 ,
569 670 659 702 patricii
668 677 717 693 non
723 677 857 693 tenerentur
864 687 869 696 ,
879 672 942 694 Lxlii
952 671 1089 694 testimonio
1097 671 1141 699 jam

366 702 527 735 probavimus.
544 702 680 726 Hortensius
687 718 693 727 ‚
701 709 750 732 quae
758 709 834 732 rogata
841 702 905 733 plebs
913 701 1023 726 stnxiliet.
1032 702 1086 725 ideo
1094 710 1143 733 per-

367 735 442 758 tinere
449 735 476 757 ad
483 741 566 758 omnes
575 734 678 764 Qritites
685 734 768 759 voluit,
775 734 811 760 vel
823 741 847 756 ut
853 734 900 762 jura
906 734 981 765 plebis
988 741 1144 765 angeret,cum

367 766 471 798 plebeius
479 766 526 797 ipse
533 764 599 789 esset:
608 766 643 788 vel
651 766 705 788 utili
712 764 799 795 reipub.
814 766 920 789 contilio.
930 766 996 797 quod
1005 767 1028 789 in
1036 766 1106 789 libera
1113 767 1144 789 ci-

368 799 439 822 vitate
452 798 590 822 diffimilem
602 797 692 820 civium
703 797 868 820 conditionem
882 797 1001 821 discordix
1010 797 1096 821 semina
1103 805 1144 827 pu·

368 836 433 854 taret.
447 831 472 853 in
486 837 535 861 quo
548 828 681 852 diffidentes
692 835 796 852 veterum
809 829 936 860 opiniones
948 830 1003 852 licet
1015 828 1144 860 agnoscere.

369 870 434 888 nam,
441 862 506 893 quod
515 861 641 884 Hortensio
650 860 762 883 Dictatoti
771 859 783 882 ὲ
792 861 862 883 Laelio
870 861 951 888 tribui,
960 860 1037 884 scribit
1046 861 1148 886 Gellius,

368 893 394 917 id
409 895 436 916 ad
451 896 480 923 Q
489 892 617 916 Publilium
626 892 749 915 Philonem
764 892 908 916 metatorem
918 894 996 916 Livius
1008 892 1090 919 refers,
1104 893 1145 923 qui

368 925 452 948 multis
463 925 528 948 annis
541 930 592 947 ante
599 923 748 946 Hortensium
764 923 868 946 metator
879 924 932 947 fuit.
946 923 1021 947 rursus
1034 931 1112 956 neque
1119 923 1145 947 ab

369 955 496 980 Hortensio
505 973 511 982 ‚
525 962 601 987 neque
609 954 620 977 a
629 955 738 980 Philone,
746 953 783 977 sed
791 956 867 978 multo
875 962 926 978 ante
933 954 945 978 a
953 958 979 978 L.
987 956 1077 978 Valerio
1088 955 1147 978 toti-

371 993 398 1011 to
407 1005 413 1015 ,
421 988 445 1011 ὅ(
454 990 488 1011 M.
496 988 594 1010 Horatio
601 986 695 1009 Barbato
704 985 768 1009 Coss.
776 993 827 1008 eam
835 985 963 1013 effelatam,
972 986 1099 1016 Dionysius
1106 993 1148 1009 tra-

371 1019 420 1046 dit,
435 1026 480 1050 qua
494 1019 519 1041 in
531 1019 638 1041 varietate
650 1025 732 1041 verum
746 1016 902 1041 internoscere
913 1017 1008 1041 difficile
1015 1017 1050 1041 sit.
1065 1017 1130 1041 nisrfi
1141 1035 1147 1044 ,

372 1051 440 1081 quod
448 1057 482 1073 res
489 1048 520 1073 est
528 1066 534 1076 ‚
549 1057 597 1072 nou
605 1056 714 1079 tanquam
722 1055 808 1072 novam
816 1049 893 1080 legem
900 1048 1018 1072 efferatam
1027 1065 1033 1076 ,
1042 1047 1081 1072 sed
1088 1049 1149 1080 quafi

373 1089 476 1106 veterem
484 1080 496 1104 5
504 1080 596 1104 duobus
604 1080 761 1104 metatoribus
770 1089 776 1107 3
784 1081 890 1108 Philone,
900 1081 923 1104 ὅ(
932 1080 1055 1104 Hortensio
1063 1097 1070 1107 ‚
1079 1088 1149 1104 reno—

372 1121 449 1138 vatam
464 1112 589 1144 intelligas.
607 1112 697 1143 Scripsit
708 1113 778 1136 etiam
792 1112 858 1136 idem
870 1113 953 1136 Lalius
961 1129 967 1139 ‚
981 1119 1036 1136 cum
1043 1111 1152 1136 tribunus

375 1145 452 1178 plebis
461 1146 568 1178 populum
581 1144 738 1176 adeffljubetet
746 1160 753 1170 ‚
765 1152 804 1166 mm
810 1144 897 1167 comitia
904 1146 952 1174 ‚sed
958 1145 1066 1175 confilium
1074 1146 1152 1167 edicere

374 1177 478 1205 debuiſje:
493 1185 541 1198 cum
554 1184 592 1198 non
600 1176 850 1207 miiverfirmfopulum‚
858 1175 982 1208 fidplebem
990 1182 1077 1198 tamum
1086 1193 1092 1203 ,
1105 1184 1153 1207 qua

369 1215 423 1242 part
429 1210 507 1240 papuli
514 1207 547 1236 est,
556 1208 658 1230 advocare
665 1207 841 1237 tnbunuspoffit.
858 1210 945 1231 Verum
952 1207 1005 1234 hoc,
1013 1207 1077 1239 quod
1086 1207 1098 1230 a
1106 1210 1152 1231 La:-

372 1242 408 1266 lio
416 1240 526 1271 scriptum
534 1239 559 1262 in
566 1239 647 1262 Gellio
655 1238 697 1262 lib.
704 1248 711 1263 1
719 1246 739 1265 5.
746 1246 836 1270 cap.27.
843 1239 954 1270 legimus,
962 1238 1109 1262 observatum
1117 1239 1152 1267 fit,

374 1279 450 1297 necne
457 1289 463 1299 ,
472 1271 530 1294 haud
539 1270 590 1293 sane
597 1270 657 1294 mihi
666 1277 755 1294 certum
762 1270 802 1294 est.
810 1272 869 1302 quin
877 1288 882 1298 ,
891 1278 940 1303 quo
948 1278 987 1294 me
994 1271 1090 1295 inclinat
1096 1279 1149 1295 con-

374 1304 461 1334 icitura
470 1320 475 1329 ‚
483 1310 512 1326 eo
521 1310 560 1326 me
568 1302 620 1326 dare
628 1301 643 1325 fi
651 1303 736 1326 velim:
745 1303 842 1326 comitia
849 1320 855 1330 ‚
862 1310 914 1334 qux
920 1302 1028 1327 tribunus
1034 1304 1108 1334 plebis
1116 1303 1153 1326 ha-

375 1336 454 1362 beret,
467 1335 528 1358 dicta
541 1334 680 1358 crediderim
689 1351 695 1362 ‚
709 1341 758 1357 non
766 1332 842 1358 solum
850 1334 985 1366 postlegem
992 1335 1140 1358 Hortenfiam
1148 1351 1154 1362 ‚

375 1376 434 1400 quae,
443 1366 579 1390 discrimine
587 1365 675 1389 sublato
682 1383 688 1393 ,
697 1365 829 1390 tribuniciis
835 1366 997 1398 rogationibus
1003 1367 1064 1390 cives
1071 1374 1155 1390 omnes

373 1400 423 1431 pari
431 1400 479 1428 jure
487 1398 632 1426 subjecitsed
639 1405 703 1422 antea
710 1405 807 1429 quoque
813 1405 867 1422 cum
874 1397 1000 1429 plebiscitis
1008 1399 1097 1430 patricii
1105 1407 1154 1422 non

373 1437 488 1462 parerent.
500 1429 647 1460 quidenim?
659 1430 830 1453 nonnetributa
838 1431 933 1453 comitia
942 1430 1075 1454 dicebantur
1083 1447 1089 1457 ,
1102 1438 1153 1461 qua:

375 1462 524 1493 designandis
537 1461 671 1485 minoribus
681 1461 850 1492 magistratibus
863 1461 999 1485 haberentur
1011 1464 1019 1485 ἓ
1036 1469 1056 1485 at
1068 1461 1153 1486 tributa

375 1495 474 1517 comitia
482 1500 532 1516 non
539 1493 562 1516 ὃ(
571 1492 583 1515 a
590 1492 686 1516 tribuno
694 1493 766 1524 plebis
775 1492 913 1516 habebantur
921 1495 928 1516 ?
935 1502 962 1516 an
970 1494 1040 1524 igitur
1048 1494 1077 1516 ess
1087 1495 1151 1524 ,qui‚

373 1533 428 1550 cum
441 1524 528 1548 tribuni
538 1523 613 1555 plebis
619 1523 692 1547 essent
699 1524 833 1555 designandi
841 1541 848 1551 ,
861 1525 910 1552 eius
917 1525 949 1547 rei
957 1524 1020 1547 causa
1027 1523 1152 1548 consilium

373 1555 388 1580 ἒ.
399 1556 494 1580 tribuno
502 1555 606 1578 edietum
615 1556 711 1587 legerit?
724 1556 790 1586 quod
798 1555 813 1578 st
821 1556 875 1586 quis
884 1573 890 1583 ,
904 1562 928 1578 ut
935 1557 1038 1579 omnino
1045 1556 1109 1579 La-lii
1117 1556 1152 1579 di-

373 1588 470 1613 stinfflo
479 1587 631 1610 confirmetur
640 1604 647 1614 ‚
661 1595 711 1610 non
722 1588 750 1610 de
760 1594 789 1610 eo
798 1588 888 1618 populo
897 1604 903 1613 ,
917 1588 958 1619 qui
966 1587 993 1610 ad
1000 1586 1153 1618 designandos

375 1619 533 1651 magistratuS,
542 1617 580 1642 sed
588 1619 616 1641 de
623 1625 652 1642 eo
660 1636 665 1645 ‚
676 1620 718 1650 qui
725 1619 750 1641 ad
759 1618 896 1642 sciscendam
904 1620 982 1650 legem
990 1619 1138 1642 advocaretur
1147 1636 1153 1645 ‚

374 1652 447 1682 accipi
455 1651 524 1673 velit:
538 1657 567 1673 ne
576 1650 621 1673 hoc
628 1650 727 1680 quidem
734 1649 876 1673 assenserim:
885 1658 940 1673 cum
949 1667 954 1676 ‚
966 1651 1031 1674 aliter
1038 1650 1080 1673 esse
1088 1667 1094 1677 ,
1103 1650 1153 1681 ipso

374 1684 492 1706 Cicerone
506 1681 615 1713 magistro
627 1681 759 1705 didicerim.
768 1688 833 1704 vocat
840 1683 905 1705 enim
913 1681 951 1705 hic
958 1682 1034 1705 noster
1041 1681 1083 1705 lib.
1093 1690 1115 1705 2.
1124 1682 1153 1705 de

375 1714 523 1739 divinatione
530 1713 627 1736 comitia
635 1713 658 1736 δὲ
666 1714 690 1736 in
698 1714 778 1745 legum
785 1714 834 1742 jure
841 1730 847 1741 ,
861 1714 884 1736 ἃ
892 1714 918 1736 in
926 1713 1017 1742 iudiciis
1023 1714 1120 1744 populi,
1127 1715 1152 1738 &

374 1747 402 1770 in
409 1745 515 1770 creandis
521 1744 699 1776 magistratibus.
713 1751 817 1776 praterea
825 1746 848 1768 in
857 1745 963 1770 oratione
970 1753 1012 1777 pro
1019 1748 1097 1768 Sextio
1104 1753 1153 1776 cap.

376 1786 386 1806 ς
395 1787 415 1802 r.
433 1779 496 1800 Venio
503 1793 509 1803 ,
521 1777 613 1808 inquit,
626 1777 749 1799 adcomttia
756 1793 761 1802 ‚
770 1778 819 1805 five
828 1777 993 1806 magistratuum
1001 1793 1008 1802 ‚
1016 1777 1064 1806 five
1072 1778 1152 1806 legum.

377 1811 402 1834 &
412 1809 493 1833 Livius
500 1807 541 1831 lib.
550 1810 627 1831 XXXI.
634 1814 681 1838 cap.
691 1812 712 1831 6.
729 1809 824 1838 'Rggativ
832 1824 839 1834 ,
853 1808 931 1838 inquit
939 1824 945 1834 ‚
958 1810 983 1830 de
990 1807 1038 1830 bello
1045 1810 1155 1830 dllaoedc-

376 1842 421 1864 niea
432 1841 508 1873 primis
519 1840 610 1862 caminis
622 1838 649 1862 ab
662 1838 756 1862 omnibm
764 1839 835 1867 serrae
844 1840 942 1861 cemum'a
949 1840 1067 1870 antiquata
1074 1839 1108 1867 est.
1125 1841 1153 1861 Et

377 1872 484 1897 ibidem:
497 1872 576 1901 'Profe
588 1872 678 1902 quisque
687 1871 794 1898 Confitlem
806 1872 903 1897 hortari,
917 1870 1059 1901 uta'erntegro
1066 1871 1154 1892 comitia

374 1904 578 1936 rogationiferendae
591 1903 688 1925 editeret.
701 1903 726 1925 &
740 1901 802 1924 libro
812 1904 879 1925 XLV.
891 1909 939 1933 cap.
948 1909 986 1928 35.
1004 1902 1153 1924 Macedonum

374 1937 479 1959 exercitus
488 1935 616 1966 Imperatori
629 1940 674 1956 erat
682 1934 809 1964 negligenter
815 1933 925 1963 affuturus
932 1933 1116 1961 [amitittserenda
1123 1934 1152 1955 Ie-

369 1969 414 1998 gis.
432 1967 483 1998 Jam
495 1972 550 1989 vero
559 1966 582 1988 δε
590 1964 619 1988 de
625 1972 666 1988 reo
674 1965 798 1993 judicando
805 1964 901 1988 comitia
909 1964 979 1990 dista,
989 1971 1039 1995 quae
1046 1963 1152 1987 tribunus

375 1998 450 2029 plebis
463 1997 570 2024 haberet,
583 1998 690 2027 exempla
703 1996 811 2020 testantur
819 2013 825 2023 ‚
839 2002 864 2018 nt
877 1997 901 2019 in
917 2004 938 2022 3-
945 1996 974 2019 de
981 1995 1071 2027 legibus
1079 2012 1085 2022 ‚
1095 2004 1116 2018 2.
1124 1995 1153 2019 de

373 2030 536 2056 divinatione,
551 2029 574 2052 ὅ(
589 2028 648 2059 apud
661 2028 756 2051 Livium
788 2035 868 2051 uatuor
880 2027 959 2055 libris,
972 2030 1150 2051 HLXXVLXL.

373 2063 456 2084 XLlll.
473 2063 624 2092 Qamquam
631 2077 637 2086 ,
651 2059 666 2083 si
680 2060 734 2091 quis
748 2060 771 2091 ip
783 2068 794 2083 a
806 2060 871 2082 Lalii
886 2059 954 2082 verba
967 2060 1035 2089 paulo
1043 2059 1152 2082 attentius

373 2092 518 2119 confideret,
532 2093 662 2123 intelliget,
675 2099 716 2115 nec
726 2090 753 2114 ab
766 2090 817 2122 ipso
829 2091 940 2114 traditum
954 2090 978 2113 id
987 2107 993 2117 ,
1013 2091 1078 2121 quod
1092 2098 1136 2113 nos
1145 2107 1151 2117 ,

375 2123 439 2155 quafi
446 2124 555 2146 traditum
564 2140 570 2150 ,
583 2123 699 2153 exemplis
706 2123 874 2154 redarguimus.
886 2123 918 2145 ait
924 2123 990 2146 eninr
997 2138 1003 2148 ‚
1012 2123 1096 2152 quinon
1104 2131 1152 2144 um-

375 2156 464 2185 ·versum
470 2157 573 2186 pupulum
584 2172 589 2180 ‚
600 2156 725 2186 sedpattem
732 2156 912 2186 aliquampopuli
919 2154 1072 2184 adessesuberet
1079 2170 1086 2180 ‚
1100 2161 1150 2175 eum

377 2195 416 2209 mn
430 2192 515 2208 comma
523 2186 572 2214 ‚fid
584 2188 693 2214 confilium
704 2187 782 2209 edum
793 2185 874 2209 debere.
895 2184 986 2216 Qibus
998 2184 1073 2208 verbis
1081 2201 1087 2211 ‚
1101 2191 1152 2208 non

376 2217 435 2250 quid
443 2217 508 2240 fieret
516 2233 522 2243 ,
533 2216 571 2240 sed
579 2217 637 2247 quid
645 2217 693 2240 fieri
701 2217 795 2241 deberet
803 2234 810 2244 ,
823 2217 942 2248 significat.
955 2223 1019 2240 notat
1027 2216 1112 2247 igitur,
1127 2216 1150 2239 ὃς

375 2249 481 2281 quodam
488 2248 562 2271 modo
570 2248 715 2278 reprehendit
723 2249 868 2280 depravatam
875 2248 1078 2274 consuetudinem,
1087 2247 1152 2270 ficuti

375 2281 463 2305 eodem
470 2281 525 2303 loco
533 2297 540 2306 ,
547 2286 601 2302 cum
610 2278 678 2302 infert
688 2288 692 2301 :
704 2283 740 2303 lta
748 2289 772 2303 ne
779 2282 834 2310 leges
842 2282 929 2311 quidem
935 2282 1016 2310 proprie
1024 2296 1030 2306 ‚
1040 2280 1077 2308 sed
1084 2279 1150 2309 plebi—

372 2313 563 2345 [iieaappeffantur
571 2327 578 2338 ‚
590 2318 637 2341 qus
646 2310 933 2341 tribunisplebtaserenttbus
940 2312 1088 2343 accept-isam.
1101 2318 1152 2342 quo

374 2345 399 2368 in
406 2345 469 2373 loco,
477 2343 610 2375 apparantur
617 2358 624 2371 ,
632 2343 725 2374 accepit,
733 2350 776 2374 pro
781 2359 788 2372 ,
795 2343 903 2374 appellari
910 2343 1004 2369 debent.
1011 2341 1078 2375 quod
1084 2343 1151 2368 enim

1189 98 1483 120 ANUTrI

1171 139 1280 167 tradidit,
1293 139 1441 163 observatum
1455 145 1504 162 non
1517 137 1561 162 effe
1570 154 1576 165 ,
1591 143 1689 169 quaeque
1701 136 1802 162 tribunis
1811 141 1952 171 rogantibut

1173 172 1238 204 plebs
1246 171 1313 198 justit,
1324 179 1406 195 earum
1415 170 1545 202 plebiscita,
1559 177 1611 193 tum
1618 170 1678 201 leges
1686 170 1709 193 ὃς
1717 169 1730 192 a
1737 170 1807 193 Livio
1814 187 1821 197 ,
1833 171 1891 195 &ab
1898 174 1949 199 alii:

1173 204 1234 229 dici,
1248 203 1303 234 saepe
1316 204 1369 227 licet
1377 202 1572 226 animadvertere:
1585 201 1681 231 sicuti&
1689 200 1813 225 confilium
1822 202 1896 232 plebis
1904 221 1911 231 ,
1922 206 1949 231 ὃς

1173 236 1270 259 comitia
1282 236 1312 259 de
1325 243 1365 259 reo
1379 234 1501 258 Postumio
1514 233 1574 264 apud
1586 233 1688 257 eundem
1701 234 1797 258 Livium
1808 233 1933 260 libroxirv.

1601 297 1764 326 XXXIV.

1205 356 1245 380 De
1251 350 1382 387 firt'ptione
1393 350 1476 386 legum
1484 371 1492 383 ,
1513 350 1593 389 deque
1607 359 1697 376 earum
1709 349 1828 378 relatione
1839 350 1877 378 ad
1879 350 1923 387 fi-

1366 396 1459 415 nntum
1470 409 1479 420 ,
1499 387 1539 421 Cy·
1548 387 1758 425 promusgatione.

1357 299 1554 326 CAPUT

1229 453 1297 476 egem
1307 444 1392 468 laturus
1400 444 1540 475 magistratus
1548 443 1656 469 scribebat
1663 452 1713 469 eam
1720 445 1788 469 domi
1797 463 1802 473 ,
1817 445 1841 469 δε
1848 452 1902 470 cum
1908 451 1949 477 pe-

1244 478 1294 500 ritis
1302 475 1447 499 consulebat:
1456 483 1485 499 ne
1493 476 1549 507 quid
1555 484 1633 500 contra
1641 478 1722 508 populi
1730 484 1788 505 rem,
1799 484 1836 501 aut
1843 478 1950 501 volunta-

1173 516 1221 531 tem
1229 509 1332 535 sanciret,
1340 515 1369 531 ne
1376 507 1436 530 forte
1442 508 1566 539 pugnantia
1572 509 1643 539 capita
1650 508 1717 532 simul
1724 508 1805 532 ferret:
1814 516 1872 533 neve
1879 510 1947 541 quid,

1174 541 1240 571 quod
1250 548 1311 563 vetus
1319 540 1437 571 aliqualex
1448 556 1454 565 ,
1467 538 1599 566 uferatur,
1607 541 1674 563 inane
1681 540 1949 572 infirmumqueiuberet

1174 572 1230 595 elle:
1242 572 1291 602 <etii
1301 589 1308 598 ‚
1320 579 1371 603 quae
1378 571 1454 602 postea
1461 570 1601 594 ferreturlex
1609 587 1615 598 ‚
1628 571 1756 603 superiores
1762 580 1859 599 omnes,
1867 580 1949 604 praeter

1175 606 1270 627 sacratas
1277 621 1283 630 ‚
1292 603 1426 634 abrogabat)
1434 610 1461 625 ne
1469 603 1620 629 rurationem,
1628 603 1949 634 potestatem‚commodum-

1175 642 1202 657 ve
1215 634 1529 667 aliquodiplefibilhalege‚
1543 635 1697 665 aurcollegis,
1710 636 1826 666 cognatis,
1839 636 1948 660 affinibus

1176 668 1301 691 mandaret:
1309 667 1373 698 quod
1381 667 1442 696 leges
1450 668 1508 692 duas,
1517 666 1615 693 Licinia,
1622 667 1645 689 &
1652 667 1751 693 AEbutia‚
1758 666 1808 690 fieri
1815 674 1947 693 vetuerunt.

1173 705 1253 722 contra
1262 707 1317 730 quas
1324 700 1386 729 leges
1393 698 1447 721 tecit
1454 701 1476 721 P.
1485 698 1587 721 Clodius
1595 706 1600 720 τ
1609 698 1663 721 tulit
1670 698 1736 721 enim
1744 714 1750 724 ,
1757 698 1823 729 quod
1831 699 1854 722 in
1862 701 1951 723 oratio-

1175 738 1204 753 ne
1212 738 1254 762 pro
1262 732 1337 754 domo
1345 730 1454 753 traditum
1462 729 1505 752 est:
1521 736 1546 752 ut
1552 729 1595 753 fibi
1602 730 1725 753 Ciceronis
1732 729 1789 753 ades
1795 730 1874 753 liceret
1879 730 1949 762 poss-

1175 762 1236 786 dere.
1244 763 1315 786 etiam
1322 762 1380 786 illud
1388 763 1412 785 in
1420 761 1536 784 scribenda
1543 762 1594 792 lege
1599 761 1725 788 cavebatur,
1733 768 1762 784 ne
1769 760 1873 792 pluribus
1879 762 1908 785 de
1915 769 1950 786 re-

1175 793 1224 821 buS,
1233 802 1282 825 qux
1290 802 1337 817 non
1345 794 1448 822 ejusdem
1455 794 1547 824 generis
1553 793 1695 819 viderentur,
1703 800 1746 816 una
1753 794 1874 824 rogatione
1880 792 1952 817 ferre-

1175 832 1224 848 tur:
1234 827 1299 856 quod
1307 826 1357 849 fieri
1364 833 1417 848 cum
1424 826 1462 847 lex
1469 826 1562 848 Caecilia
1571 826 1595 848 ὃς
1602 825 1672 848 Didia
1680 825 1768 848 vetabat
1775 841 1781 851 ‚
1790 826 1868 856 itaque
1875 824 1887 848 ὲ
1894 825 1952 849 Clo-

1175 857 1216 879 dio
1225 857 1311 880 factum
1318 857 1403 880 accusat
1411 857 1495 879 Cicero
1503 863 1545 887 pro
1552 855 1628 880 domo
1635 856 1670 879 sua
1678 863 1751 884 rrum,
1759 856 1891 880 faciendum
1900 864 1951 881 non

1176 888 1232 915 effe,
1247 889 1334 912 indicat
1345 888 1410 912 idem
1417 888 1441 911 in
1450 887 1539 911 lixarum
1547 888 1628 918 legum
1635 888 1677 911 lib.
1684 891 1722 911 111.
1729 895 1777 919 cap.
1784 896 1808 914 4.
1816 888 1852 911 his
1859 888 1951 911 verbis:

1176 921 1226 950 Ξζκὶ
1233 928 1304 951 agent,
1311 923 1404 952 mnplut
1411 927 1479 949 quam
1485 920 1603 950 defingulis
1609 919 1741 946 rebussemel
1746 920 1878 949 consultante.
1886 915 1955 947 nam:

1174 951 1465 982 confiaelunto‚est‚populum
1473 957 1578 981 roganro.
1585 952 1701 979 consulitur
1707 951 1772 974 enim
1778 951 1888 982 populus,
1895 958 1951 975 cum

1177 983 1214 1005 lex
1222 989 1327 1013 rogatur:
1340 983 1418 1013 itaque
1425 983 1450 1004 in
1458 983 1566 1005 oratione
1573 989 1616 1013 pro
1627 983 1773 1013 Milonecap.
1782 990 1805 1009 7.
1820 984 1893 1014 ‘Nihil
1901 999 1906 1009 ,
1915 983 1952 1006 in-

1177 1014 1238 1044 quit,
1245 1016 1270 1036 de
1278 1022 1323 1038 elus
1330 1017 1490 1045 mortepapulus
1497 1015 1609 1041 consultus,
1616 1015 1673 1036 nussa
1680 1013 1952 1045 qussttadectetadsenatu

1179 1046 1214 1074 est.
1228 1045 1252 1068 ὃς
1267 1052 1308 1076 pro
1316 1045 1390 1068 domo
1399 1045 1488 1074 suacap.
1497 1051 1534 1070 27.
1553 1046 1671 1076 Sifopulus
1678 1047 1704 1067 de
1710 1046 1746 1073 ista
1753 1053 1774 1067 re
1780 1046 1884 1074 consultus
1891 1046 1950 1074 effer.

1182 1077 1204 1099 δι
1217 1076 1304 1100 Festus:
1316 1080 1410 1109 ‘Rogana
1417 1076 1445 1104 est
1453 1091 1459 1102 ‚
1469 1077 1612 1106 rumpopultu
1619 1077 1746 1105 consulitur.
1753 1076 1823 1100 etiam
1832 1077 1856 1100 in
1864 1075 1952 1101 senatu·

1180 1108 1323 1135 consulere,
1337 1108 1369 1131 est
1381 1114 1461 1138 rogare
1473 1106 1594 1130 sententias
1607 1106 1634 1129 ad
1648 1110 1695 1130 Att.
1709 1106 1751 1130 lib.
1765 1114 1792 1130 xi
1801 1115 1820 1131 r.
1830 1108 1896 1138 epist.
1909 1117 1951 1133 21.

1181 1142 1223 1162 Hic
1236 1148 1270 1162 me
1283 1141 1360 1162 laudat
1367 1156 1373 1166 ,
1388 1139 1467 1170 inquit
1474 1156 1480 1165 ,
1493 1139 1666 1169 quodretulertm
1675 1155 1682 1165 ‚
1694 1147 1733 1161 non
1740 1139 1936 1170 quodpatffecert'm
1944 1156 1952 1166 ,

1180 1172 1413 1202 quodcohortarusfim,
1420 1172 1574 1202 quoddenique
1580 1176 1638 1197 ante,
1645 1178 1711 1200 quam
1721 1170 1859 1198 rottsulerem‚
1866 1171 1954 1203 ipseju·

1178 1204 1235 1225 dicat
1243 1205 1305 1227 erim.
1324 1202 1454 1226 Addebatur
1461 1202 1500 1225 illa
1506 1202 1620 1232 exceptio:
1627 1208 1660 1228 ut,
1669 1201 1684 1224 si
1691 1201 1749 1233 quid
1757 1201 1790 1230 jus
1798 1209 1847 1224 non
1854 1202 1908 1227 effet
1915 1209 1954 1225 ro-

1180 1235 1242 1265 gari,
1256 1242 1286 1258 ne
1298 1234 1352 1258 effer
1365 1241 1483 1266 togatum,
1496 1233 1561 1265 quod
1572 1234 1597 1256 in
1610 1233 1715 1256 oratione
1729 1240 1770 1264 pro
1778 1233 1853 1256 domo
1860 1234 1953 1257 notavi-

1182 1273 1242 1290 mus.
1256 1267 1313 1290 item
1324 1276 1329 1290 :
1345 1267 1360 1290 fi
1373 1267 1431 1298 quid
1443 1272 1522 1289 contra
1531 1266 1582 1288 alias
1589 1265 1651 1296 leges
1658 1266 1705 1294 ejus
1712 1266 1770 1296 legis
1776 1272 1832 1295 ergo
1839 1266 1912 1289 latum
1918 1264 1955 1289 ef-

1182 1296 1227 1324 ser,
1236 1305 1261 1321 ut
1274 1300 1308 1325 ei,
1320 1299 1361 1330 qui
1374 1296 1613 1329 eamlegemrogaffet
1622 1298 1732 1327 ,impune
1739 1296 1800 1320 eflet.
1814 1298 1879 1327 quod
1886 1296 1953 1321 fuisse

1182 1330 1321 1354 tralaticium
1330 1347 1336 1357 ‚
1344 1330 1387 1354 hoc
1394 1330 1426 1353 est
1433 1347 1438 1356 .
1447 1328 1513 1353 scribi
1521 1328 1616 1352 solitum
1625 1328 1649 1352 in
1657 1328 1769 1352 omnibus
1776 1328 1876 1359 legibus,
1883 1329 1954 1352 tradit

1183 1362 1335 1385 Cicerolibro
1342 1365 1383 1386 Ill.
1391 1361 1458 1392 epist.
1466 1361 1492 1384 ad
1502 1365 1549 1385 Atr.
1567 1363 1619 1383 Haec
1626 1360 1706 1392 igitur,
1713 1368 1763 1391 qua:
1769 1360 1889 1391 proposui,
1897 1367 1955 1391 qua-

1182 1392 1198 1416 fi
1205 1394 1311 1424 legitima
1320 1394 1332 1417 a
1339 1393 1408 1417 bonis
1414 1393 1469 1416 viris
1477 1393 1501 1416 in
1509 1391 1601 1415 serenda
1608 1392 1658 1423 lege
1666 1393 1747 1415 omnia
1754 1392 1897 1415 cavebantur.
1905 1391 1953 1419 sed,

1181 1426 1221 1449 ubi
1229 1426 1343 1449 rationem
1351 1426 1406 1449 vicit
1413 1425 1499 1451 libido,
1505 1424 1576 1455 spreta
1582 1424 1701 1447 bonorum
1708 1422 1885 1451 consuetudine,
1891 1423 1955 1447 nihil

1179 1463 1259 1489 pra-ter
1269 1455 1331 1481 suam
1345 1457 1473 1488 potentiam
1485 1456 1508 1479 &
1521 1456 1646 1479 utilitatem
1660 1456 1742 1486 inlege
1749 1454 1884 1486 spestarunt.
1896 1454 1955 1478 ideo

1180 1489 1237 1519 [πρε
1244 1489 1306 1519 leges
1312 1488 1404 1514 Clodii,
1412 1495 1449 1511 aut
1456 1488 1550 1513 vatinii,
1558 1487 1642 1509 alienas
1648 1485 1661 1509 a
1669 1494 1734 1509 more
1741 1486 1865 1513 majorum,
1873 1485 1954 1509 acerbe

1179 1520 1324 1550 reprehensas
1331 1518 1344 1542 {i
1350 1520 1431 1543 Tullio
1438 1518 1554 1541 videmus.
1571 1518 1654 1548 Scripta
1663 1519 1714 1549 lege
1722 1535 1728 1545 ,
1735 1517 1849 1549 legissator
1857 1516 1916 1540 bene
1922 1517 1953 1541 de

1179 1550 1259 1582 repub.
1267 1551 1367 1574 sentiens
1375 1567 1381 1578 ‚
1394 1557 1445 1574 ante
1451 1557 1523 1581 quam
1529 1556 1580 1573 eam
1586 1550 1745 1581 promulgaret
1756 1548 1877 1576 ,referebat
1884 1549 1911 1572 ad
1919 1548 1953 1572 se-

1179 1590 1270 1610 natum,
1279 1590 1311 1609 ut,
1320 1590 1369 1613 quo
1377 1583 1427 1613 plus
1435 1581 1545 1613 ponderis
1551 1582 1713 1612 majoremque
1721 1583 1769 1604 vim
1777 1581 1814 1603 lex
1823 1580 1954 1607 baberet2de

1178 1614 1268 1638 senatus
1275 1621 1326 1637 eam
1333 1615 1443 1637 sententia
1450 1613 1527 1635 ferret.
1541 1612 1719 1642 popularisvero
1727 1629 1733 1638 ,
1746 1619 1769 1634 ac
1777 1611 1897 1635 seditiosus
1905 1619 1955 1635 ma-

1178 1646 1291 1677 gistratus,
1300 1652 1324 1668 ut
1333 1646 1435 1668 Vatinius
1442 1644 1548 1667 tribunus
1555 1643 1628 1673 plebis
1635 1642 1720 1667 Caesare
1727 1642 1891 1670 Consule,non
1899 1651 1954 1667 rno-

1180 1679 1212 1701 do
1221 1676 1364 1709 praetermiffi
1371 1676 1460 1700 senatus
1467 1675 1603 1698 authoritate
1611 1692 1617 1702 ‚
1625 1674 1662 1699 sed
1669 1675 1789 1699 interdum
1796 1676 1866 1698 etiam
1874 1682 1954 1699 contra

1180 1709 1268 1733 senatus
1279 1708 1442 1732 authoritatem
1451 1724 1457 1735 ,
1469 1708 1546 1739 legem
1555 1707 1654 1738 rogabat.
1672 1706 1862 1738 Promulgabatur
1868 1706 1956 1731 deinde

1180 1742 1218 1764 lex
1226 1757 1232 1767 ‚
1248 1740 1272 1763 id
1279 1740 1310 1763 est
1318 1757 1324 1767 ‚
1337 1741 1362 1763 in
1370 1739 1466 1771 publico
1474 1738 1611 1770 ponebatur.
1621 1738 1652 1762 est
1659 1739 1879 1770 enimpromutgare,
1892 1745 1916 1761 ut
1923 1739 1955 1762 ait

1181 1772 1257 1796 Festus
1265 1789 1271 1798 ‚
1284 1773 1345 1802 quast
1352 1773 1491 1803 provulgave.
1504 1770 1528 1794 id
1535 1777 1612 1794 autem
1619 1778 1648 1793 eo
1656 1770 1723 1794 fiebat
1732 1787 1738 1796 ‚
1749 1770 1904 1800 utinspiceret
1910 1772 1953 1801 qui

1181 1804 1259 1830 vellet,
1267 1802 1395 1833 inspeetam
1401 1801 1568 1825 confideraret:
1581 1808 1630 1824 non
1636 1800 1722 1827 solum,
1730 1808 1755 1824 ut
1761 1801 1874 1824 intercedi
1880 1800 1955 1831 poss‘et

1182 1842 1234 1858 ante
1242 1851 1247 1860 ,
1256 1841 1327 1865 quam
1333 1833 1444 1857 ferretur:
1458 1840 1539 1856 verum
1546 1833 1617 1856 etiam
1625 1850 1630 1858 ,
1644 1839 1669 1855 ut
1675 1833 1792 1864 aliquanto
1800 1839 1852 1855 ante
1859 1832 1956 1857 statuere

1181 1867 1351 1889 cuivisliceret.
1365 1872 1454 1890 utrum,
1466 1872 1521 1888 cum
1529 1864 1637 1890 ferretur,
1645 1864 1786 1895 antiquanda
1793 1862 1903 1895 suffragiis
1911 1881 1916 1891 ,
1925 1873 1954 1888 an

1181 1897 1312 1929 accipienda
1323 1897 1360 1919 lex
1371 1896 1432 1920 esset.
1445 1895 1506 1919 addo
1512 1897 1582 1919 etiam
1590 1895 1657 1922 illud,
1666 1902 1691 1918 ut
1697 1896 1774 1927 quivis
1781 1903 1879 1918 monere
1886 1896 1958 1927 legis·

1180 1930 1278 1953 latorem
1287 1927 1359 1960 posset
1366 1929 1403 1951 vel
1415 1928 1445 1951 de
1452 1927 1587 1959 corrigenda
1595 1944 1601 1954 ,
1614 1928 1652 1950 vel
1658 1928 1761 1951 omnino
1769 1927 1798 1950 de
1805 1934 1854 1950 non
1861 1927 1955 1951 ferenda

1180 1962 1239 1992 lege.
1247 1960 1346 1992 spatium
1354 1967 1430 1983 autem
1439 1959 1636 1990 promulgationis
1644 1975 1650 1984 2
1658 1965 1683 1982 ut
1690 1966 1718 1982 ex
1726 1958 1855 1985 Macrobio,
1864 1959 1956 1992 Diony-

1182 1992 1223 2019 fio,
1232 1994 1346 2016 Cicerone
1354 2007 1360 2017 ,
1369 1991 1526 2021 Qintilian0‚
1534 1994 1556 2015 δε
1564 1991 1615 2014 aliis
1622 1996 1690 2021 patet,
1698 1998 1837 2022 quacunque
1844 1991 1873 2014 de
1880 1998 1903 2014 re
1910 1990 1957 2015 fer·

1180 2031 1241 2048 retur
1252 2025 1289 2047 lex
1298 2041 1303 2049 .
1315 2030 1361 2046 erat
1372 2023 1550 2049 trinundinum,
1566 2022 1591 2046 id
1603 2023 1634 2045 est
1643 2029 1681 2052 per
1688 2024 1757 2045 trinas
1765 2022 1887 2046 nundinas.
1899 2030 1954 2047 cum

1181 2058 1245 2080 enim
1254 2055 1410 2079 nundinarum
1417 2053 1478 2077 causa
1486 2062 1514 2077 ex
1522 2054 1579 2085 agris
1587 2054 1611 2077 in
1620 2054 1707 2076 Urbem
1715 2054 1776 2077 cives
1788 2055 1955 2082 convenirent,

1182 2096 1220 2119 per
1227 2087 1393 2111 trinundinum
1401 2086 1462 2117 leges
1470 2102 1477 2112 ,
1490 2092 1514 2109 ut
1521 2084 1534 2108 ὲ
1542 2085 1622 2108 rustica
1629 2084 1696 2116 plebe
1703 2092 1737 2108 ter
1743 2086 1790 2117 legi
1796 2085 1957 2118 cognoscique

1183 2119 1279 2151 possent,
1293 2125 1369 2149 patere
1376 2118 1508 2141 voluerunt.
1520 2116 1585 2148 quod
1592 2124 1646 2140 cum
1654 2119 1688 2140 M.
1695 2118 1811 2140 Antonius
1818 2125 1867 2141 non
1874 2116 1957 2141 servas-

1182 2151 1213 2175 set
1220 2168 1226 2177 ‚
1241 2150 1358 2174 invehitur
1368 2150 1392 2172 in
1406 2156 1461 2172 enm
1474 2149 1560 2172 Cicero
1568 2148 1694 2180 Philippica
1702 2151 1728 2172 V.
1737 2156 1784 2179 cap.
1795 2157 1814 2175 3.
1823 2149 1858 2172 his
1866 2149 1954 2173 verbis:

1183 2182 1230 2205 vbi
1240 2184 1276 2205 lex
1290 2183 1384 2207 Catilia,
1399 2179 1424 2203 (θ’
1437 2182 1526 2204 Didia?
1541 2180 1729 2210 ubipromulgatio
1742 2182 1912 2204 trinundmum!
1924 2183 1955 2205 Et

1184 2214 1248 2237 idem
1261 2220 1303 2244 pro
1311 2213 1386 2236 domo
1393 2210 1429 2235 sua
1436 2219 1482 2243 cap.
1494 2220 1503 2234 r
1509 2216 1530 2235 6.
1548 2211 1762 2241 Horasortaffesexta
1767 2213 1810 2234 diei
1817 2213 1955 2243 questusfhm

1182 2246 1307 2277 injudicio,
1320 2253 1369 2268 cum
1382 2246 1402 2266 C,
1415 2245 1541 2267 „Antonium
1549 2245 1650 2274 collegam
1658 2251 1731 2265 meum
1738 2245 1870 2273 defenderem
1878 2261 1884 2270 ‚
1898 2252 1956 2275 qua-

1182 2279 1231 2300 dam
1239 2279 1263 2299 de
1270 2276 1343 2309 repub.
1357 2283 1401 2306 qua
1407 2277 1463 2298 miln’
1470 2276 1570 2305 visasunt
1576 2278 1604 2297 ad
1610 2276 1665 2297 iuius
1673 2275 1744 2304 mlfiri
1750 2275 1835 2304 calefiam
1840 2277 1954 2307 pertinere.

1182 2311 1222 2331 hac
1232 2311 1327 2331 homines
1339 2306 1431 2337 improbi
1441 2309 1468 2329 ad
1478 2307 1578 2337 quosdam
1590 2308 1648 2329 viras
1658 2307 1723 2334 sortes
1730 2307 1789 2337 longe
1795 2308 1872 2334 aliter,
1884 2312 1953 2337 arque

1182 2341 1195 2365 ὰ
1201 2349 1236 2365 me
1242 2340 1299 2365 dicta
1306 2345 1368 2364 erant
1375 2355 1382 2368 ,
1394 2340 1530 2363 detulerunt.
1543 2340 1594 2363 bota
1600 2346 1654 2363 nona
1659 2352 1668 2368 ‚
1681 2338 1714 2360 illo
1721 2339 1761 2370 isso
1767 2339 1802 2362 dte
1809 2344 1834 2362 ru
1841 2346 1862 2363 es
1867 2337 1955 2367 adopta·

1908 2375 1953 2394 rus.

2070 2246 2075 2269 l

2070 2279 2074 2294 t

2070 2309 2075 2333 Ξ

2069 2342 2075 2357 t

2069 2373 2075 2389 ἱ,
