2075 2734
376 120 433 148 Dr.
466 121 768 152 Nur-Tris,z·r
801 127 953 147 tanum
985 116 1196 147 RirinusI
1236 118 1381 157 Cirr-37.
1607 130 1665 158 4²5

121 172 188 200 Dies
200 169 282 198 etiam
299 167 364 197 alios
375 189 383 201 ,
402 170 448 206 qui
460 167 553 204 nuptiis
566 166 739 195 contrahendis
752 166 904 195 vitabantur
917 187 924 198 ,
943 166 1053 196 Macrob.
1067 167 1113 196 lib.
1131 179 1153 196 1.
1168 167 1296 197 Saturnal.
1310 177 1366 204 cap.
1382 178 1421 203 ¹5·
1434 166 1554 196 recenset
1563 189 1570 200 ‚
1591 169 1665 204 cujus

83 210 139 239 haec
158 208 218 236 sunt
236 206 336 235 verba:
366 207 426 235 Nec
445 206 498 235 hoc
515 204 744 242 praetermiserim,
766 205 817 235 ait,
837 205 910 241 quod
931 206 1030 240 nuptiis
1044 206 1197 242 copulandis
1210 207 1352 243 Kalendat,
1372 210 1473 237 Nonas,
1494 206 1536 238 &v
1551 207 1610 234 Idus
1624 217 1663 234 re-

82 247 195 285 ligiosas,
215 246 242 273 id
257 246 307 277 est,
327 245 480 273 devitandas
494 243 659 272 censuerunt.
678 244 715 270 Hi
728 243 801 270 enim
817 243 872 269 dies
888 249 983 278 praeter
993 246 1078 269 Nonas
1091 244 1178 272 feriati
1193 243 1260 272 iiiut.
1283 243 1363 271 Feriis
1372 252 1462 272 autem
1471 244 1527 271 vim
1536 245 1663 282 cuiquam

83 285 141 312 fieri
157 283 286 319 piaculare
305 283 350 310 est.
383 283 448 310 Ideo
464 289 529 310 tunc
543 282 660 308 vitantur
670 282 773 316 nuptiae
786 301 793 311 ‚
822 281 850 307 in
864 280 956 316 quibus
971 281 1010 307 vis
1024 280 1080 308 fieri
1092 282 1240 318 virginibus
1253 283 1366 310 videtur.
1399 282 1450 309 Sed
1463 280 1577 308 Verrium
1591 283 1663 310 Flac-

81 332 154 355 cum,
173 323 238 358 juris
258 321 390 359 pontificii
413 319 615 356 peritissimum,
636 319 724 346 dicere
740 318 848 346 solitum
861 317 944 346 refert
958 321 1048 347 Varm,
1072 319 1213 356 quiajeriia
1229 328 1333 358 tergere
1346 327 1448 348 veteres
1465 319 1541 347 foffas
1554 319 1661 351 liceret,

84 371 168 388 novas
181 361 267 387 facere
280 360 321 394 jus
334 368 388 385 non
402 357 479 387 diet,
499 357 561 384 ideo
577 358 662 394 magis
674 356 759 383 viduit
775 366 855 393 quam
869 355 1017 392 virginibus
1031 357 1139 384 idoneas
1154 358 1203 384 effe
1218 357 1295 385 ferias
1309 358 1340 385 ad
1355 357 1504 385 nubendum.
1534 357 1662 395 Subjiciet

85 399 195 435 aliquis:
218 399 274 425 Cur
286 405 352 433 ergo
364 394 459 425 Nonis,
479 393 498 434 si
513 394 619 422 feriatus
632 395 688 422 dies
701 405 757 422 non
770 395 820 425 est,
840 393 1000 430 prohibetur
1013 393 1150 422 celebritas
1164 397 1313 432 nuptiarum
1330 398 1339 422 ?
1359 396 1446 431 Hujus
1460 405 1567 432 quoque
1580 398 1619 424 rei
1633 397 1660 423 in

82 445 177 473 aperto
194 435 268 463 causti
287 434 331 461 est.
371 433 445 459 Nam
452 440 554 466 primus
567 432 714 466 nuptiarum
725 432 778 460 dies
792 431 960 460 verecundiae
973 431 1050 460 datur
1064 443 1068 458 :
1095 433 1220 468 postridie
1236 442 1327 460 autem
1341 442 1453 469 nuptam
1468 435 1495 461 in
1509 434 1595 462 domo
1608 435 1659 461 viri

81 475 236 502 dominium
250 473 366 507 incipere
380 477 489 507 oportet
503 470 610 507 adipisci
619 492 625 501 ,
646 473 672 499 St
688 480 747 498 rem
760 471 879 498 divinam
894 469 989 496 facere.
1008 471 1113 496 Omnes
1126 479 1217 497 autem
1227 469 1380 504 postriduam
1393 472 1461 504 dies,
1481 471 1524 499 scu
1538 472 1596 509 post
1605 474 1660 500 Ka-

81 512 185 544 lendas,
205 511 248 538 seu
260 509 319 545 post
333 510 441 539 Nonas,
462 508 556 536 Idusve
569 517 602 536 ex
615 518 691 546 aequo
705 509 759 536 atri
770 508 838 536 sunt.
878 508 944 534 Ideo
959 509 985 535 &
1001 510 1082 535 Now
1095 507 1216 534 inhabiles
1229 509 1326 543 nuptiis
1340 509 1391 535 effe
1407 510 1543 540 dixerunt,
1564 519 1598 537 ne
1611 520 1661 538 nu-

82 558 128 586 Pta
142 558 187 578 aut
201 548 306 585 postero
320 547 363 573 die
376 546 552 582 auspicaretur
564 546 715 574 libertatern
729 547 852 575 uxoriam
864 565 871 575 ,
897 553 943 573 aut
956 553 1015 573 atro
1029 545 1184 573 immolaret
1199 566 1206 577 ‚
1235 554 1290 582 quo
1305 545 1377 572 nefas
1391 547 1427 573 est
1441 547 1511 574 sacra
1525 547 1659 575 celebrari.

81 588 159 614 Idem
177 587 258 614 etiam
271 583 366 611 author
381 593 437 620 cap.
450 587 491 612 16.
504 585 622 620 ejusdem
641 584 701 612 libri
715 595 748 612 ex
762 588 895 612 Varrone:
915 583 1043 615 Mundus,
1063 584 1115 616 ait,
1134 593 1190 610 cum
1204 591 1290 617 patet,
1313 584 1433 610 Deorum
1449 585 1564 612 tristium
1580 593 1660 622 atque

78 625 226 652 inferorum
242 622 312 659 quasi
325 623 402 657 janua
416 630 498 658 patet.
520 624 664 659 Propterea
678 633 733 651 non
748 624 834 650 modo
847 621 967 658 praelium
983 622 1138 652 committi,
1159 631 1254 649 verum
1271 621 1351 649 etiam
1368 621 1501 650 deleaum
1516 625 1554 650 rei
1562 624 1660 651 milita-

79 664 114 690 ris
127 661 202 690 causa
216 661 327 691 habere,
348 669 379 687 ac
393 660 510 688 militem
526 661 672 697 proficisci,
692 670 788 689 navem
803 660 919 691 solvere,
930 666 1052 687 'uxorem
1068 658 1184 687 liberum
1198 660 1400 696 quaerendorum
1410 660 1481 686 causa
1488 662 1599 691 ducere.
1618 671 1660 688 re-

77 700 202 737 ligioiiim
217 700 266 730 est,
290 700 341 726 ἃς.
362 701 426 726 Haec
439 699 585 726 Macrobius.
604 699 782 728 parentalibus
797 708 918 735 quoque,
939 706 996 733 quae
1009 697 1099 725 mense
1114 697 1256 726 Februario
1270 696 1484 728 celebrabantur,
1503 698 1657 735 conjugium,

78 746 190 775 propter
202 737 327 764 infaustos
341 738 368 764 ὃς
383 736 519 764 ominosos
531 736 664 774 ejusmodi
679 739 733 765 dies
743 757 750 767 ,
776 736 912 763 vitandum
926 735 977 762 effe
988 735 1095 762 Ovidius
1108 736 1126 764 l.
1141 746 1166 763 2.
1193 736 1329 763 Fastorum
1342 735 1461 770 praecipit
1476 735 1514 762 his
1528 736 1655 764 verlibtis:

117 774 205 814 Postea
215 773 334 809 preteriti
347 773 452 801 tumulis
465 775 607 801 redduntur
619 776 732 804 honores.
925 777 976 800 Nec
987 773 1048 805 tibi,
1069 784 1121 812 qua.
1135 772 1225 807 cupida
1239 781 1342 800 matura
1355 771 1469 799 videbere
1484 774 1562 800 matri
1570 795 1577 806 ,

158 811 330 850 Prodtgiilque
346 811 430 840 revit,
443 812 619 850 funeribusque
632 814 728 840 modus.
962 815 1053 838 Coma!
1066 810 1192 849 virgineas
1205 810 1276 849 hasta
1290 820 1392 838 recurva
1406 819 1493 837 comas.

108 855 190 879 *Dum
204 860 291 877 tamen
302 847 423 887 haecfiunt
431 871 437 881 ,
457 849 536 876 vidua
549 849 635 887 [efflue
641 852 741 885 puella,
924 849 1008 876 Conde
1020 858 1076 876 tuas
1084 869 1092 879 ,
1114 853 1257 881 Hymenaee,
1269 849 1338 885 sires
1347 869 1353 880 ‚
1374 847 1415 880 ἐς
1428 847 1460 874 ab
1470 846 1566 885 ignibus
1578 848 1642 875 atris

157 887 278 928 Expec't’et
287 896 362 922 puros
371 888 448 922 pinea
461 888 524 914 ταώ
539 889 602 916 dies.
959 887 1052 922 Auser,
1072 887 1162 915 habent
1175 888 1239 914 alia:
1252 885 1337 924 moestu
1342 885 1470 920 sepulchra
1478 886 1554 921 sines.

118 932 246 962 Pomponii
266 933 355 953 tamen
374 925 472 959 nuptim
491 926 576 962 pridie
596 927 658 954 Idus
677 925 810 954 Februarii
828 925 961 953 celebratas
981 926 1039 953 Cic.
1059 925 1104 953 lib.
1118 934 1145 955 2.
1164 926 1238 961 epist.
1257 926 1289 952 ad
1310 926 1353 961 Q
1366 924 1477 951 fratrem
1492 945 1499 955 ‚
1525 924 1599 960 epist.
1619 933 1657 952 ri.

79 966 186 994 indicat.
205 964 255 992 sed
272 966 299 992 ὃ(
310 963 436 991 Saliorum
448 962 533 991 diebus
545 963 611 1003 festis
623 965 807 993 abstinendum
821 965 928 1001 nuptiis.
952 963 1030 991 Idem
1044 963 1153 992 Ovidius
1165 963 1210 992 lib.
1221 973 1246 991 2.
1265 963 1402 992 Fastorum
1414 962 1533 1000 praecipit
1545 962 1585 990 his
1600 971 1659 990 ver-

79 1004 160 1032 iibus:

384 1041 495 1072 Nubere.
515 1044 552 1071 ait
560 1065 566 1075 ‚
577 1041 665 1082 siqua
678 1041 758 1071 volet,
779 1041 896 1080 quami-«is
902 1041 1063 1077 properabitis
1073 1040 1158 1073 ambo,

427 1078 526 1118 Differ,
544 1082 635 1109 habent
642 1090 725 1116 parvo
737 1081 863 1107 commoda
876 1091 968 1117 magna
983 1091 1063 1107 moro.

119 1119 236 1151 Contra,
255 1118 362 1157 conjugio
381 1117 547 1154 aptiffimum
568 1120 620 1147 esse
640 1120 666 1146 id
686 1127 797 1153 tempus,
817 1119 890 1156 quod
902 1119 962 1145 Idus
974 1118 1065 1150 junias
1077 1117 1210 1155 sequitur,
1231 1117 1344 1146 ostendit
1357 1115 1402 1144 lib.
1417 1117 1442 1144 6.
1456 1124 1510 1153 quo
1524 1114 1584 1144 loco
1601 1114 1657 1142 filiae

79 1157 233 1184 diuturnam
248 1156 358 1185 saLutem
373 1165 509 1193 precatus,
530 1158 566 1185 ita
577 1157 729 1186 concludit:

389 1199 464 1222 Hanc
475 1205 517 1232 ego
531 1205 587 1222 cum
599 1196 689 1222 vellem
698 1204 789 1231 genero
803 1195 878 1224 dare,
898 1202 1008 1229 tempora
1020 1192 1091 1222 tadi:

426 1238 494 1267 Apta
506 1233 677 1271 requirebam,
695 1242 796 1271 quaque
808 1232 918 1259 carenda
924 1233 1019 1267 forent,

387 1274 457 1298 Tunc
468 1269 532 1297 mihi
538 1269 591 1308 post
595 1272 681 1304 fizcras
693 1268 845 1306 monsttatur
856 1274 947 1302 Junms
959 1271 1019 1297 Idus

427 1308 502 1335 Utilis
516 1308 557 1341 ᾤ’
570 1308 666 1343 nuptis,
686 1308 756 1335 utilis
769 1306 815 1344 effe
827 1306 898 1336 viris.

391 1346 530 1385 Primaque
538 1357 599 1381 pars
611 1348 682 1382 hujus
695 1346 815 1373 thalamis
826 1347 910 1373 aliena
924 1354 1022 1381 reperta
1033 1343 1082 1383 est.-

427 1388 499 1411 Nam
514 1383 621 1422 mihistc
631 1386 737 1419 conjunx
741 1383 834 1418 ffinc‘Ja
847 1383 931 1411 Dialis
941 1384 988 1411 ait.

116 1428 206 1462 Atque
231 1426 264 1454 ad
290 1424 360 1452 hunc
385 1422 593 1459 superstitiosum
617 1423 717 1449 dierum
741 1420 893 1456 nuptialium
918 1422 1054 1450 delenitum
1073 1421 1211 1450 referenda
1228 1419 1288 1450 fimt
1305 1420 1386 1449 verba
1405 1420 1528 1449 ciceronis
1546 1421 1615 1450 libro
1631 1422 1656 1451 2ss

75 1464 175 1501 epistol.
189 1464 222 1492 ad
238 1463 397 1501 eratrem
414 1471 419 1487 :
441 1461 484 1487 De
498 1461 584 1488 nostra
597 1460 684 1488 Tullia
697 1461 736 1488 tui
751 1459 902 1487 mehercule
913 1460 1105 1492 amantiffima,
1125 1459 1203 1496 spero
1217 1469 1279 1488 cum
1294 1459 1433 1496 Crasfipede·
1446 1469 1494 1487 nos
1507 1460 1656 1488 confecisse.

77 1504 142 1530 Dies
161 1510 236 1530 erant
251 1503 305 1529 duo
318 1521 325 1532 ,
347 1501 393 1537 qui
407 1499 464 1536 post
478 1498 586 1526 Latinas
600 1497 731 1526 habentur
747 1498 867 1535 religiofi.
901 1500 1038 1526 Caeterum
1053 1497 1209 1527 confectum
1224 1498 1261 1525 est
1274 1519 1281 1529 ,
1304 1500 1355 1526 ἃς.
1389 1500 1507 1525 Tantum
1522 1499 1553 1525 de
1564 1506 1658 1531 tempo-

75 1551 103 1567 re
120 1539 388 1574 nuptiisvcelebrandis
401 1538 499 1564 idoneo
513 1539 539 1565 δε
554 1538 714 1565 commodo.
755 1538 839 1564 Porro
853 1558 860 1569 ‚
886 1545 917 1566 ut
929 1538 961 1564 ad
974 1537 1040 1564 ritus
1053 1537 1163 1565 tandem
1174 1536 1315 1573 aliquando
1329 1536 1500 1562 deveniamus
1514 1556 1520 1566 ‚
1547 1545 1656 1562 uxorum

77 1579 126 1605 duo
139 1588 234 1614 genera
254 1576 327 1605 fuisse
347 1580 399 1605 Cic.
419 1577 446 1603 'm
466 1576 578 1612 Topicis
597 1576 695 1604 docet:
722 1584 806 1603 unum
827 1576 899 1611 quod
918 1575 1027 1612 proprie
1045 1585 1108 1601 uxor
1126 1574 1264 1602 dicebatur
1276 1593 1284 1602 .
1312 1573 1424 1601 alterum
1445 1573 1516 1610 quod
1537 1574 1657 1609 mamyri-

76 1614 172 1642 militis.
199 1615 287 1643 Verba
300 1615 356 1649 ejus
369 1614 423 1641 haec
431 1613 502 1641 stu-it:
524 1614 551 1641 Si
564 1615 601 1641 ita
615 1613 694 1641 Fabia
706 1614 815 1651 pecunia
828 1613 913 1651 legata
927 1614 963 1641 est
977 1613 990 1640 a
1005 1613 1064 1640 viro
1073 1633 1080 1645 ,
1100 1612 1118 1639 si
1132 1622 1162 1640 ea
1176 1614 1203 1640 in
1218 1621 1330 1639 manum
1346 1611 1394 1638 xiri
1406 1621 1461 1638 non
1476 1620 1638 1639 convenerat
1648 1631 1656 1643 ‚

75 1652 141 1681 nihil
161 1652 280 1681 debetur.
318 1654 410 1679 Genus
429 1652 465 1678 est
486 1652 558 1678 enim
578 1662 658 1684 uxor,
678 1652 734 1687 ejus
753 1652 810 1679 duae
831 1651 937 1678 formae:
958 1661 1009 1678 una
1027 1650 1271 1685 mattunffi‘hmilias,
1293 1659 1400 1680 earum,
1421 1659 1478 1686 quae
1497 1650 1524 1676 in
1544 1658 1657 1676 manum

76 1699 275 1719 convenerunt:
296 1690 376 1717 altera
391 1711 397 1721 ‚
419 1699 509 1717 carum
524 1710 531 1720 ,
559 1699 615 1726 quae
635 1690 828 1717 tantummodo
847 1700 936 1718 uxores
952 1689 1095 1719 habentur,
1117 1692 1167 1718 δῖε.
1207 1690 1297 1726 Qem
1318 1688 1350 1714 ad
1370 1687 1461 1714 locum
1476 1686 1530 1714 hrc
1546 1693 1657 1715 annotat

77 1728 182 1756 Boetius
196 1740 205 1754 .·
232 1728 330 1756 Tribus
351 1728 439 1756 modis
449 1748 458 1761 ,
485 1727 571 1764 inquit
582 1748 590 1758 ,
617 1736 684 1755 uxor
699 1727 843 1755 habebatur
856 1748 864 1759 ,
883 1729 927 1762 usic
941 1749 948 1759 ,
967 1728 1040 1763 farre
1053 1748 1062 1759 ‚
1082 1725 1229 1761 coemptione
1240 1747 1248 1758 ,
1277 1725 1320 1753 sed
1335 1724 1494 1759 confarreatio
1514 1724 1574 1751 solis
1588 1733 1656 1759 pon-

78 1766 192 1795 tificibus
215 1767 397 1794 conveniebat.
445 1766 512 1802 Qae
538 1773 629 1793 autem
648 1766 675 1792 in
694 1776 798 1793 manum
814 1775 859 1800 per
877 1774 1050 1801 coemptionem
1068 1771 1196 1792 venerant
1208 1785 1228 1796 ‚v
1242 1763 1282 1791 hae
1300 1762 1506 1799 matresjizmiliar
1525 1762 1656 1789 vocaban—

77 1813 122 1833 tur
136 1815 142 1831 ι
169 1813 226 1841 quae
238 1806 283 1840 ufic
297 1804 340 1832 vel
351 1805 423 1840 fiii-re
438 1824 445 1834 ‚
472 1804 595 1831 minime.
636 1807 700 1831 Haec
719 1807 824 1831 Boetius
834 1825 842 1837 ‚
870 1813 927 1841 quae
940 1813 1032 1832 tamen
1047 1812 1108 1831 vera
1122 1812 1178 1830 non
1191 1802 1242 1829 esse
1255 1802 1368 1829 ostendit
1383 1800 1468 1827 Cicero
1482 1800 1509 1826 in
1524 1800 1656 1828 Oratione

75 1851 127 1879 pro
138 1841 233 1871 Flacco
245 1864 253 1874 ,
279 1843 324 1870 ubi
338 1842 372 1870 fic
386 1841 472 1870 scribit
486 1852 492 1868 :
518 1843 547 1868 In
559 1851 664 1869 manum
676 1851 829 1869 convenerat.
872 1843 954 1871 Nunc
965 1842 1045 1870 audio
1061 1852 1069 1868 :
1092 1841 1137 1869 sed
1151 1850 1242 1878 quaero
1257 1846 1347 1866 utrum
1363 1840 1406 1872 τςβι
1420 1858 1428 1869 ,
1447 1846 1481 1864 an
1493 1841 1658 1872 coemptaone?

79 1880 136 1908 Usu
153 1889 208 1908 non
225 1882 332 1918 potuit:
359 1880 424 1908 nihil
444 1880 517 1908 enim
538 1881 623 1916 potest
642 1881 675 1907 de
694 1880 777 1910 tutela
798 1879 919 1918 legitima
932 1901 939 1912 ‚
965 1880 1018 1907 fine
1036 1881 1162 1908 omnium
1181 1876 1482 1915 tutorumssauthoritate
1495 1896 1503 1907 ,
1531 1876 1671 1908 diminui.-

79 1917 237 1952 ctemptione
251 1924 262 1946 Ξ
290 1919 424 1946 Omnibus
444 1927 510 1955 ergo
530 1917 684 1946 authoribus
697 1939 704 1951 ‚
726 1921 777 1947 &a
819 1920 893 1946 Nam
912 1919 956 1953 usta
975 1919 1074 1949 etiam,
1094 1918 1194 1944 nedum
1215 1918 1362 1949 coemptione
1380 1922 1476 1942 uxores
1493 1914 1520 1940 in
1540 1923 1654 1942 manum

78 1955 231 1984 convenisse
250 1956 385 1993 fignificat.
418 1955 530 1993 Jacobus
550 1957 686 1983 Raevardus
706 1957 751 1984 lib.
760 1966 788 1992 4.
820 1957 966 1984 Variorum
980 1976 988 1987 ,
1016 1964 1073 1991 cap.
1091 1958 1130 1982 16.
1143 1955 1180 1981 ita
1193 1953 1331 1980 Ciceronis
1344 1951 1436 1980 locum
1452 1951 1479 1978 in
1493 1952 1604 1988 Topicis
1614 1953 1656 1980 in-

52 2023 54 2026 ,
76 2001 238 2030 terpretatur
251 2014 259 2024 ,
284 2002 313 2022 ut
332 1995 402 2024 dicat
421 1997 584 2023 Ciceronem
606 2004 652 2030 per
671 1996 734 2023 duas
752 2004 868 2022 uxorum
888 1994 988 2022 formas
1007 1991 1155 2029 intelligere
1173 2001 1276 2017 uxorem
1287 1988 1384 2026 justam
1404 1991 1430 2017 ἃ
1450 1988 1568 2028 injustam
1582 2010 1591 2022 ,
1615 1991 1656 2019 uti

75 2031 260 2071 jurisconsulti
271 2031 424 2069 loquuntur.
462 2032 571 2070 Justam
585 2032 636 2060 effe
650 2034 685 2061 ait
698 2054 705 2065 ‚
731 2041 787 2069 quae
802 2033 830 2060 in
843 2041 955 2060 manum
968 2032 1020 2059 viri
1031 2031 1188 2058 convenerit
1201 2048 1208 2059 ‚
1231 2029 1276 2062 ufi‘
1288 2047 1296 2056 ,
1310 2027 1389 2067 *farre
1402 2047 1410 2058 ‚
1434 2033 1479 2054 aut
1492 2027 1637 2063 coemptione
1646 2048 1655 2060 ,

79 2079 161 2107 quam
177 2070 274 2097 Cicero
288 2070 511 2107 matremfamilias
525 2070 638 2108 appellat
652 2082 657 2098 :
676 2070 730 2106 tnju
751 2080 794 2097 am
807 2090 816 2101 ‚
835 2079 918 2108 quam
931 2069 984 2097 sola
997 2067 1161 2097 consuetudo
1173 2075 1287 2094 uxorem
1302 2066 1409 2097 iecerit,
1431 2067 1457 2094 δε
1472 2074 1535 2094 cum
1550 2075 1600 2103 qua
1613 2066 1655 2103 jus

79 2108 130 2136 esse
144 2107 271 2135 connubii
283 2107 354 2145 leges
367 2119 422 2136 non
434 2110 576 2145 patiantur.

118 2147 254 2174 Caeterum
273 2153 303 2174 ut
325 2147 356 2173 ad
374 2153 427 2174 tres
448 2147 506 2174 illos
520 2147 618 2175 modos
630 2168 638 2179 ,
665 2147 759 2184 quibus
771 2156 862 2176 uxores
870 2145 941 2185 justa
953 2145 1117 2175 habebantur
1131 2165 1139 2176 ‚
1166 2151 1284 2173 revertar
1296 2165 1303 2175 ‚
1328 2144 1372 2178 ufic
1392 2143 1450 2171 fieri
1462 2141 1654 2170 matrimonium

77 2184 228 2214 dicebatur,
248 2193 309 2211 cum
330 2184 461 2212 tutoribus
480 2184 634 2214 authoribus
654 2187 751 2214 mulier
763 2186 790 2214 in
803 2184 995 2214 matrimonium
1006 2183 1195 2214 conveniebat,
1215 2185 1242 2211 &
1255 2191 1317 2209 cum
1332 2183 1391 2209 viro
1405 2183 1441 2209 ita
1454 2180 1655 2213 consuescebat,

78 2231 108 2252 ut
130 2231 191 2250 cum
213 2222 282 2258 justo
302 2223 399 2250 marito
411 2242 419 2253 ,
445 2224 510 2250 adeo
523 2243 532 2254 ‚
557 2231 588 2251 ut
600 2224 619 2251 fi
631 2225 687 2258 ufits
699 2224 740 2251 ille
752 2226 819 2252 intra
833 2234 933 2252 annum
948 2232 1003 2251 non
1017 2223 1257 2258 interrumperetur
1269 2241 1278 2252 ‚
1305 2229 1354 2256 pro
1367 2221 1411 2254 ufic
1422 2228 1494 2254 capta
1505 2220 1562 2255 jam
1576 2218 1655 2246 habe-

79 2268 153 2289 retur
166 2271 171 2287 :
193 2268 243 2296 qua
256 2260 290 2287 de
303 2269 332 2287 re
344 2259 464 2287 nonnihil
476 2260 605 2297 scriptum
619 2261 694 2290 fuisse
706 2264 733 2290 in
748 2264 891 2291 duodecim
905 2261 1029 2291 Tabulis,
1048 2259 1108 2287 satis
1118 2260 1193 2287 locus
1202 2258 1246 2286 hic
1259 2258 1357 2295 Agellii
1370 2258 1479 2286 indicat.
1519 2257 1655 2294 Qintum

81 2299 201 2328 Mutium
223 2297 443 2336 jurisconsultum
459 2298 546 2326 dicere
558 2298 666 2327 solitum
681 2300 748 2338 legi,
770 2310 824 2328 non
839 2301 890 2327 effe
904 2299 1057 2336 usurpatam
1073 2297 1213 2325 mulierem
1224 2317 1232 2328 ,
1252 2305 1309 2334 quae
1323 2306 1386 2324 cum
1400 2295 1513 2324 Kalend,
1527 2295 1656 2333 januariis

79 2337 149 2374 apud
168 2345 256 2364 vn‘um
273 2337 344 2370 causta
362 2334 519 2375 matrimonii
535 2336 586 2363 effe
606 2339 725 2373 coepisset
736 2359 745 2371 ‚
771 2346 833 2366 ante
853 2339 926 2365 diem
945 2347 984 2364 iv.
1001 2336 1114 2364 Kalend.
1127 2335 1260 2373 januarias
1273 2334 1410 2371 sequentes
1422 2333 1576 2370 usurpatum
1588 2331 1656 2360 isset.

81 2376 148 2404 Non
168 2373 242 2413 posse
261 2374 369 2412 impleri
388 2372 550 2406 trmvffium,
571 2375 644 2412 quod
656 2375 741 2405 abesse
754 2375 768 2406 ὲ
783 2377 842 2406 viro
856 2375 996 2413 usurpandi
1009 2373 1130 2442 caukilabex
1144 2373 1288 2404 duodecim
1308 2371 1418 2404 Tabulis
1438 2371 1548 2401 deberet
1561 2390 1570 2403 ,
1589 2378 1658 2413 quo-

1017 2414 1045 2443 H
1309 2412 1312 2414 ’
1581 2416 1657 2437 mam
