2075 2734
393 108 443 136 Dr.
470 115 570 136 nono
592 107 843 135 Titiani-ouum
869 106 1130 135 Comi-rinnon.
1170 109 1252 137 ΕΑΓ.
1273 117 1318 136 20.
1606 115 1657 148 43,

135 159 216 198 Qod
228 155 317 186 zivius
331 157 400 187 libro
413 158 614 196 quadragesimo
627 157 730 188 scribit,
749 157 783 184 de
794 156 945 184 censoribus
959 161 997 184 M⁴
1011 157 1108 185 AEmilio
1118 158 1224 193 Lepido,
1245 162 1272 188 δε
1288 164 1328 188 Μ.
1337 159 1432 188 fulvio
1447 160 1582 196 Nobiliore,
1605 174 1665 193 mu-

96 200 158 228 fast-e
172 207 217 226 eos
229 196 363 235 suffragia,
384 197 597 233 regionatimque
609 195 749 232 generibus
761 194 1070 232 hominum,caufisque‚
1093 197 1271 234 &qu-estibus,
1288 198 1371 226 tribus
1385 199 1542 236 descripsisse
1555 223 1562 234 ,
1585 213 1615 231 ex
1630 213 1664 231 eo

95 237 197 274 colligit
210 233 328 263 Nicolaus
341 234 474 263 Gracchius
486 233 530 261 lib.
540 244 565 260 2.
578 234 612 261 de
627 233 769 265 Comffiis,
789 234 876 268 capite
890 240 986 268 quarto
999 253 1007 264 ‚
1027 243 1088 261 cum
1103 236 1223 270 primum
1239 236 1347 264 confuse
1358 236 1482 266 homines
1495 241 1569 268 unius
1583 240 1664 268 tribus

94 275 248 312 suffragium
263 272 331 301 ferre
346 271 553 302 consuevissent,
575 271 602 298 id
618 279 751 299 mutatum
767 270 799 298 ab
813 271 866 298 istis
879 279 946 307 quqs
959 270 1029 302 dixi,
1051 272 1201 300 cenibn‘bus
1215 274 1266 302 esle
1280 295 1286 306 ‚
1308 276 1334 302 ἃ
1348 276 1520 304 constitutum
1534 298 1543 310 ,
1562 286 1592 306 ut
1608 289 1665 307 non

94 311 345 350 amplius'confuse,
365 310 408 338 sed
423 308 733 346 quadam-distinetione,
755 312 781 338 ὃς
795 308 951 345 quibusdam
965 309 1089 346 gradibus
1102 330 1109 341 ‚
1128 310 1202 337 azius
1215 311 1294 338 mbus
1310 313 1416 341 ordines
1428 335 1435 346 ,
1456 317 1482 343 ἃ
1499 324 1598 352 genera
1610 318 1666 344 sen-

92 352 190 380 tentias
202 350 322 378 dicerent
331 369 338 380 ‚
358 349 394 376 ita
406 347 515 383 quidem
529 345 663 383 urseoifim
676 346 777 374 ferrent
790 346 945 383 suffragium
957 348 1073 380 patricis,
1093 347 1201 375 scotfim
1212 349 1275 383 pleb
1276 350 1314 384 ji,
1336 350 1442 379 seorsim
1457 348 1574 390 ingeniti,
1594 354 1663 382 scor—

94 389 144 416 srm
159 385 291 418 libertini,
311 386 365 421 (fic
377 385 451 413 enim
468 393 567 421 genera
580 385 786 420 interpretatur)
810 392 869 412 tum
883 404 890 414 ,
911 391 939 411 ut
959 383 1039 411 caufis
1061 385 1142 423 etiam
1164 387 1279 414 distincti
1300 387 1454 426 suffragium
1469 392 1568 420 ferrent
1582 413 1590 424 ,
1611 392 1663 421 hoc

94 427 194 457 modo,
215 434 244 454 ut
256 423 361 452 seorlim
381 422 480 449 ferrent
488 422 630 456 senatorer,
652 431 711 449 tum
721 421 860 457 publicani,
873 420 968 456 fimba,
988 420 1081 448 tribum
1095 422 1190 455 erarii,
1211 433 1290 461 atque
1302 426 1417 462 agricole.
1445 431 1502 456 Hos
1515 431 1588 457 enim
1605 440 1664 459 cau-

91 464 140 494 fis,
161 465 187 492 id
199 463 236 490 est
247 483 256 494 ,
277 461 390 498 negotiis
407 460 543 487 distinetos
563 460 638 487 fuisse
653 480 659 491 ,
679 460 782 488 Livium
798 459 933 487 affirmare
951 458 1008 486 vult
1020 480 1027 490 ,
1047 460 1120 496 quod
1141 463 1248 498 negotia
1262 464 1331 490 inter
1350 463 1401 492 sese
1414 474 1538 502 gererent
1551 468 1662 496 diversa.

92 503 215 530 Tandem
225 522 232 533 ‚
251 507 281 527 ut
293 498 399 526 seorsim
419 499 499 525 etiam
515 497 669 536 suffragium
684 497 785 526 ferrent
798 498 911 526 distintti
926 497 1048 530 homines
1062 498 1242 534 quaestibus,id
1253 501 1302 531 est,
1312 502 1357 537 qui
1370 512 1437 531 artes
1451 505 1608 534 exercebant
1621 508 1662 534 in-

94 547 136 567 ter
150 541 221 567 cives
232 545 366 573 receptas,
387 538 413 563 &
426 537 494 563 inter
506 536 531 563 sc
546 535 675 568 diverhs,
695 544 725 564 ut
736 545 814 573 puta,
832 535 943 566 littores,
957 545 1088 570 pomona,
1101 535 1186 571 fabri,
1205 535 1313 563 ttbicines
1328 558 1334 569 ,
1354 542 1494 577 argentm-ti
1506 563 1513 574 ‚
1532 553 1662 572 nummu·

91 577 165 608 larii,
184 576 288 612 aliique.
326 573 445 601 sellai-ias
459 575 532 602 enim
550 596 556 606 ‚
576 574 630 602 sive
646 575 794 602 manuarias
806 583 874 602 artes
888 583 1012 602 exercere
1026 573 1128 601 civibus
1144 576 1274 602 Romanis
1286 585 1342 603 non
1356 575 1464 611 scebat,
1486 583 1663 617 quemadmo-

90 616 156 644 dum
170 611 298 650 Dionysius
313 611 358 639 lib.
367 622 391 639 2.
406 614 431 640 ἃ
449 623 473 647 9.
488 613 605 641 testatur.
640 614 729 649 Atque
742 613 789 640 hac
803 613 913 650 quidem
927 611 1096 639 distinffione
1106 633 1115 644 ,
1138 622 1195 650 quse
1208 617 1331 640 Crceroms
1343 616 1425 642 etiam
1439 625 1562 654 tempore
1573 620 1662 648 obser-

89 654 143 681 vari
158 651 270 682 solebat,
291 651 359 678 ratio
371 648 517 678 habebatur
534 650 620 687 aliqua
637 651 772 687 dignitatis
786 651 949 678 nobiliorum
969 649 1114 678 hominurn
1128 670 1136 681 ,
1159 660 1192 678 nc
1209 652 1235 678 in
1250 658 1343 679 caetera
1356 653 1433 680 turba
1447 657 1599 690 promiscue
1609 658 1663 686 suf-

88 691 203 728 fragium
218 688 329 716 ferrent:
351 692 422 725 quod
438 695 527 715 autern
541 689 573 716 ad
580 686 759 726 ficffingzorum
772 688 826 716 vim
838 685 980 719 attinebat,
1001 687 1066 715 nihil
1083 687 1237 717 mutabatur
1249 710 1256 720 ,
1278 699 1328 717 nec
1339 698 1394 718 crat
1406 701 1500 720 eorum
1517 696 1605 730 major
1618 705 1662 724 au-

87 729 213 759 thoritas,
233 735 313 763 quam
327 728 408 762 prius.
447 727 582 763 Siquidem
597 735 627 753 ea
640 727 748 753 tandem
763 727 846 754 tribus
860 725 989 754 sententia
1002 726 1200 754 renuntiabatur
1213 748 1221 759 ‚
1241 729 1268 754 in
1283 737 1363 765 quam
1378 727 1466 764 plures
1479 731 1603 769 cujusque
1614 743 1661 770 ge-

86 768 156 795 neris
169 764 346 796 inclinassent,
367 773 397 791 ac
410 765 530 796 numeri,
544 774 599 792 non
612 764 748 801 dignitatis
760 763 959 801 suffragantium
975 764 1023 791 hac
1037 765 1064 791 in
1077 774 1106 791 re
1117 764 1262 792 habebatur
1273 767 1351 793 ratio.
1372 768 1440 803 Qae
1452 770 1544 796 omnia
1558 771 1658 805 prolixe

86 805 212 841 explicat,
234 804 261 830 ὅ(
274 802 394 830 adduffis
406 810 527 830 veterum
540 801 698 838 scriptorum
714 803 873 830 testimoniis
889 802 1030 830 confirmat
1041 802 1184 829 Gracchius.
1205 805 1294 840 Atque
1308 803 1364 831 haec
1376 805 1404 831 in
1418 813 1519 842 genere
1533 807 1566 834 de
1580 808 1660 834 triba-

83 851 168 871 torum
180 838 335 868 comitiorum
343 841 432 880 ¹modo
445 840 515 868 dista
526 839 584 868 fint.
605 841 687 868 Nunc
701 841 782 868 etiam
797 840 914 876 specialia
926 840 1046 877 quasdam
1063 840 1097 868 de
1109 840 1215 878 lingulis
1227 840 1286 870 sunt
1300 841 1469 879 subjicienda.
1490 844 1610 873 Primum
1623 847 1656 874 dc

82 880 275 918 magistratuum
285 878 399 906 comtm's.

123 920 155 946 In
168 918 208 946 his
220 923 263 944 tot
277 916 406 945 dabantur
417 914 526 948 tabella,
547 924 614 954 quot
629 924 703 945 erant
713 915 859 948 candidati,
868 925 983 954 quotum
997 927 1100 945 nomen
1113 918 1338 955 recepmmeffet.
1359 919 1394 947 Et
1407 921 1534 956 quoniam
1549 922 1658 959 triginta

83 958 202 995 quinque
214 961 320 982 tantum
334 954 413 983 tribus
427 963 502 982 erant
515 976 522 986 ,
548 956 690 992 oportebat
712 957 784 983 enim
806 955 901 982 decem
923 956 955 984 &⁸
970 955 1033 983 osto
1046 955 1127 983 tribus
1147 955 1217 983 ferre
1236 964 1372 993 quemque
1389 958 1573 991 candidatum,
1600 968 1630 988 ut
1647 960 1661 988 a

83 995 188 1031 majore
200 1000 276 1029 parte
288 992 379 1030 populi
393 1000 495 1021 creatus
508 992 650 1022 diceretur.
670 996 710 1023 Ut
721 1001 810 1022 autem
828 992 937 1030 quisque
951 995 1024 1029 prior
1039 1003 1100 1021 eum
1116 1002 1261 1021 numerum
1275 993 1387 1022 tribuum
1401 996 1496 1024 tulerat
1506 1017 1514 1028 ‚
1534 998 1570 1024 ita
1583 999 1657 1034 prior

82 1031 283 1061 renuntiabatur
297 1042 302 1058 :
322 1040 437 1068 cumque
450 1037 492 1058 tot
506 1033 588 1060 creati
601 1039 676 1059 erant
690 1053 696 1063 ,
716 1039 783 1069 quot
796 1041 827 1060 ex
843 1031 902 1068 lege
915 1032 942 1059 in
964 1041 997 1059 eo
1010 1032 1165 1070 magistratu
1180 1031 1232 1059 effe
1247 1032 1388 1069 oportebat
1400 1054 1408 1065 ‚
1427 1041 1487 1061 tum
1502 1034 1560 1061 finis
1577 1036 1656 1063 fiebat

82 1069 196 1098 comitiis.
221 1068 312 1098 Veluti
325 1068 432 1097 addam
444 1068 549 1097 comitiis
558 1090 565 1101 ‚
585 1071 646 1107 quia
659 1070 713 1097 duo
725 1076 831 1098 tantum
847 1070 954 1097 creandi
968 1078 1055 1101 erant,
1075 1070 1162 1098 statim
1177 1090 1186 1101 ‚
1206 1068 1253 1097 ubi
1267 1080 1298 1098 ex
1311 1071 1389 1098 omni
1402 1071 1594 1100 candidatorum
1608 1084 1656 1102 nu.

84 1118 163 1137 mero
176 1109 231 1136 duo
244 1107 276 1134 ab
291 1107 444 1135 oCtodecim
459 1107 578 1135 tribubus
592 1107 655 1135 faeti
670 1107 757 1135 aediles
770 1116 860 1139 erant,
879 1108 939 1136 finis
951 1107 1029 1136 fiebat
1045 1108 1224 1136 vocandarum
1239 1107 1358 1138 tribuum.
1386 1111 1425 1137 Ac
1438 1109 1456 1136 si
1469 1110 1654 1141 consenfissent

83 1148 112 1175 in
123 1157 156 1175 eo
166 1146 216 1174 illae
227 1145 380 1173 oetodecim
395 1144 479 1173 tribus
493 1155 551 1183 quae
565 1145 660 1182 primae
674 1145 745 1174 sorte
759 1146 876 1173 exierant
890 1147 922 1174 ad
936 1145 1090 1183 suffragium
1112 1146 1252 1173 serendum
1266 1166 1273 1178 ,
1293 1146 1400 1183 reliquae
1413 1145 1492 1174 tribus
1505 1158 1560 1176 non
1576 1159 1653 1177 voca-

83 1184 192 1217 Bantur‚
205 1184 243 1211 fin
253 1183 389 1211 variassent
396 1183 605 1211 oCtodecimillae
612 1182 706 1216 tribus,
714 1184 774 1221 quia
787 1184 850 1211 alios
861 1183 1007 1211 candidatos
1019 1181 1162 1212 aliaetribus
1175 1184 1295 1212 fecissent
1304 1204 1310 1214 ‚
1319 1184 1438 1221 eousque
1447 1186 1572 1214 vocandae
1580 1195 1653 1216 erant

82 1222 167 1251 tribus
180 1220 560 1258 dumlegitimasufl‘ragiaduo
567 1221 753 1252 confecissent,
766 1221 818 1248 hoc
825 1221 862 1248 est
869 1221 955 1249 donec
967 1222 1021 1249 duo
1034 1220 1066 1249 ab
1080 1222 1234 1249 ostodecim
1243 1221 1355 1249 tribubus
1368 1224 1448 1250 creati
1461 1224 1548 1251 aediles
1562 1225 1651 1253 effcnt.

84 1261 166 1296 Qiod
174 1260 247 1288 idem
255 1260 336 1286 etiam
345 1260 378 1287 de
385 1257 498 1286 tribunis
510 1257 595 1294 plebis
606 1259 701 1286 decem
709 1280 717 1291 ‚
726 1257 1014 1296 vigintiquaestoribus‚
1035 1260 1130 1296 viginti
1138 1268 1251 1296 quatuor
1258 1259 1370 1288 tribunis
1384 1259 1555 1294 niffitaribus,
1565 1265 1590 1291 ἃ
1599 1264 1655 1291 aliis

80 1305 215 1335 quotquot
222 1297 326 1325 creandi
335 1297 416 1324 essent
423 1297 577 1328 ordinariis,
591 1296 855 1334 extraordinariisque
865 1296 1060 1334 magistratibus
1074 1297 1276 1334 intelligendum
1284 1298 1330 1326 est.

121 1339 225 1363 Verum
240 1336 268 1362 in
281 1334 437 1362 trabunorum
451 1333 535 1370 plebis
546 1336 757 1366 renuntiatione,
778 1335 873 1371 primis
889 1335 1000 1371 quidem
1014 1334 1179 1371 temporibus
1193 1357 1200 1367 ‚
1221 1336 1247 1363 id
1262 1337 1402 1372 proprium
1418 1343 1473 1364 erat
1486 1358 1494 1369 ,
1515 1346 1545 1366 ut
1557 1338 1575 1365 fi
1587 1349 1649 1366 eve-

81 1374 172 1406 nisset,
193 1383 225 1401 ex
241 1382 356 1400 numero
366 1373 557 1400 modulatarum
571 1373 665 1400 decem
681 1383 737 1400 non
751 1372 1020 1410 confeciffelegitima
1031 1373 1166 1410 suffragia,
1186 1381 1243 1401 tum
1259 1373 1291 1401 ab
1305 1375 1349 1408 iis,
1370 1375 1415 1411 qui
1428 1374 1549 1412 legitima
1561 1376 1653 1404 suffra-¹

80 1414 125 1449 gia
139 1411 322 1441 confecerant,
343 1409 550 1446 cooptabantur,
570 1409 667 1447 absque
681 1411 804 1448 suffragio
815 1410 920 1446 populi,
940 1419 1007 1447 quot
1020 1419 1095 1439 erant
1110 1411 1242 1439 necessarii
1254 1412 1285 1439 ad
1299 1412 1491 1450 perficiendum
1507 1424 1652 1442 numerum

80 1451 176 1478 decem
191 1448 369 1478 tribunorum.
402 1449 490 1476 Docet
502 1447 555 1475 hoc
567 1447 656 1475 Livius
668 1447 714 1476 lib.
724 1459 747 1485 3.
761 1450 796 1476 de
808 1448 914 1475 comum
928 1451 967 1476 M.
976 1449 1066 1477 Duillii
1078 1452 1105 1477 in
1119 1449 1190 1477 hunc
1207 1451 1321 1478 modum
1332 1449 1447 1478 scribens
1460 1462 1465 1478 :
1487 1456 1527 1478 Μ.
1541 1452 1653 1479 Dmllius

80 1488 192 1516 comitia
203 1485 304 1514 habuit.
325 1487 359 1514 Et
371 1486 488 1523 quinque
501 1484 614 1514 tribunis
624 1485 708 1523 plebis
722 1488 830 1517 creatis,
845 1495 907 1514 cum
921 1495 975 1522 prae
987 1487 1076 1515 studiis
1088 1495 1178 1523 aperte
1193 1489 1343 1523 petentium
1358 1497 1458 1515 novem
1471 1488 1650 1522 tribunorum,

80 1526 124 1554 alii
139 1523 269 1552 candidati
281 1522 360 1551 tribur
373 1534 428 1552 non
445 1523 581 1560 explerent
595 1545 601 1555 ‚
623 1525 766 1552 concilium
780 1524 880 1552 dimisit
894 1545 901 1556 ‚
921 1534 971 1552 nec
983 1525 1079 1552 deinde
1090 1524 1246 1552 comitiorum
1259 1525 1332 1553 causa
1345 1523 1443 1553 habuit.
1482 1527 1650 1554 Satisfac'tum

77 1564 132 1601 legi
145 1561 247 1598 ajebat,
267 1571 324 1599 quae
337 1572 452 1589 numero
466 1561 594 1598 nusquam
608 1562 739 1599 praefinito
751 1561 863 1590 tribunis
876 1583 883 1594 ,
903 1563 990 1590 modo
1003 1571 1032 1591 ut
1048 1563 1259 1600 relinqueremur
1273 1584 1280 1595 ,
1301 1563 1411 1592 sanciret
1423 1573 1428 1590 t
1451 1565 1476 1592 ἃ
1488 1562 1521 1591 ab
1534 1565 1566 1591 iis
1578 1585 1584 1595 ‚
1605 1566 1652 1602 qui

80 1602 162 1630 creati
178 1599 272 1631 essent,
292 1601 413 1636 cooptari
426 1600 538 1636 collegas
550 1599 663 1635 juberet.
684 1599 877 1638 Recitabatque
891 1601 1036 1638 rogationis
1049 1610 1172 1632 carmen,
1193 1602 1220 1629 in
1234 1611 1287 1638 quo
1301 1608 1370 1628 erat:
1392 1601 1418 1628 Si
1432 1600 1552 1629 tribunos
1565 1601 1649 1638 plebis

78 1640 172 1667 decem
185 1635 322 1674 rogabo,s1
332 1647 398 1674 quos
411 1639 499 1664 minus
510 1637 590 1665 hodie
603 1638 696 1665 decem
705 1637 825 1666 tribunos
832 1637 915 1675 plebis
929 1639 1082 1670 fecer-inuhi
1091 1648 1149 1667 turn
1157 1641 1247 1676 utique
1256 1647 1322 1676 quos
1337 1637 1383 1666 fibi
1397 1639 1510 1676 collegas
1524 1640 1646 1676 cooptas-

80 1674 150 1708 fint',
171 1682 200 1703 ut
214 1675 252 1703 illi
262 1674 379 1713 legitimi
395 1676 488 1703 cadem
503 1674 562 1711 lege
574 1674 673 1703 tribuni
686 1675 773 1711 plebei
790 1676 854 1708 sint,
876 1684 905 1704 ut
919 1676 970 1708 illi,
991 1686 1057 1714 quos
1070 1677 1150 1705 hodie
1161 1676 1282 1706 tribunos
1296 1676 1383 1714 plebei
1397 1676 1521 1704 feceritis.
1540 1680 1646 1706 Verum

79 1724 110 1743 ea
120 1714 189 1741 ratio
201 1712 261 1751 lege
273 1712 286 1740 a
297 1718 331 1740 L.
347 1712 463 1741 Trebonio
475 1712 578 1740 tribuno
590 1712 673 1748 plebis
684 1714 735 1741 lata
747 1723 818 1741 anno
830 1715 972 1751 proximo,
993 1716 1132 1752 postquam
1148 1716 1218 1748 haec,
1238 1725 1295 1753 quae
1309 1716 1344 1743 de
1359 1719 1398 1741 M.
1407 1715 1501 1742 Duillio
1514 1715 1645 1748 diximus,

76 1753 148 1791 gesta
159 1760 247 1783 erant,
268 1758 369 1779 mutata
383 1752 431 1783 est,
451 1759 481 1779 ut
492 1751 566 1778 idem
578 1751 667 1778 Livius
678 1750 748 1780 libro
765 1763 788 1790 3.
802 1753 880 1788 paulo
893 1754 950 1790 post
965 1751 1069 1782 scribit:
1081 1758 1111 1780 L.
1120 1753 1254 1781 Trebonius
1263 1752 1378 1780 tribunus
1384 1752 1461 1786 plebis
1473 1753 1643 1789 rogationem

74 1790 153 1856 Edit,
170 1797 201 1818 ut
214 1790 259 1827 qui
271 1788 380 1826 plebem
395 1791 550 1817 Romanam
566 1788 687 1818 tribunos
697 1789 783 1827 plebis
795 1800 917 1828 rogaret,
937 1792 958 1820 is
970 1791 1052 1829 usque
1067 1802 1100 1820 eo
1113 1800 1234 1830 rogaret,
1253 1792 1320 1820 dum
1333 1792 1428 1820 decern
1441 1790 1551 1818 tribunos
1562 1790 1647 1828 plebis

104 1836 184 1857 ceret.
1131 1842 1134 1845 v

116 1869 175 1894 Hac
186 1867 245 1905 lege
256 1866 430 1904 cooptationem
443 1865 572 1894 sublatam
588 1868 652 1900 effe,
673 1868 843 1896 manifestum
857 1869 901 1896 est.
921 1869 948 1896 Si
959 1869 1049 1905 itaque
1060 1870 1118 1906 post
1131 1879 1191 1897 eam
1202 1868 1294 1906 legem
1303 1867 1448 1900 accidisset,
1467 1865 1575 1894 tribunos
1588 1866 1642 1904 ple-

76 1903 118 1933 bis
132 1905 164 1932 ad
177 1914 321 1933 numerum
334 1905 489 1943 legitimum
505 1903 587 1932 factos
600 1915 656 1933 non
670 1907 721 1934 elle
733 1927 740 1938 ‚
759 1908 913 1935 revocandae
926 1914 1001 1933 erant
1013 1906 1091 1934 tribus
1103 1908 1136 1935 ad
1148 1907 1301 1943 suffragium
1320 1916 1352 1933 eo
1365 1905 1446 1942 usque
1466 1906 1532 1933 dum
1546 1905 1643 1934 decem

75 1941 178 1975 tribuni
190 1940 274 1979 plebis
285 1944 366 1970 creati
380 1943 470 1972 effent,
489 1942 619 1977 Appianas
630 1943 675 1971 lib.
690 1945 781 1980 primo
793 1944 926 1973 bellorum
941 1944 1060 1971 civilium
1070 1946 1149 1972 etiarn
1163 1943 1266 1974 scribit,
1286 1947 1316 1971 C.
1325 1944 1474 1972 Gracchum,
1497 1941 1644 1972 secundum

76 1979 243 2012 tribunatum
256 1978 396 2008 obtinuisse
406 1989 453 2017 per
464 1981 550 2018 legem
563 1982 710 2017 quandam,
732 1991 783 2019 qua
796 1990 901 2011 cautum
915 1982 958 2013 fit,
981 1988 1010 2009 ut
1022 1982 1041 2009 fi
1056 1983 1114 2018 quis
1128 1992 1160 2009 ex
1172 1980 1314 2008 candidatis
1326 1981 1447 2018 legitima
1459 1980 1641 2018 suffiagianon

76 2018 244 2049 confecisset,
263 2026 323 2045 tum
336 2017 450 2046 liberum
465 2020 529 2047 esset
541 2018 624 2055 plebi,
645 2029 725 2056 quern
740 2020 819 2048 vellet
831 2020 959 2048 trtbumaem
966 2018 1044 2053 plebis
1057 2021 1205 2047 nominare.
1224 2019 1287 2045 Erat
1300 2019 1373 2046 enim
1386 2019 1507 2056 legitima
1520 2018 1642 2057 suffiagia

70 2057 222 2088 conficere,
241 2055 393 2084 oCtodecim
406 2055 649 2096 tribuumstffngia
663 2057 740 2084 ferre.
761 2059 874 2094 Explere
887 2065 976 2085 autern
989 2055 1110 2094 suffragia
1119 2079 1126 2089 ‚
1147 2064 1216 2088 erat,
1236 2065 1292 2083 non
1306 2057 1414 2094 quidem
1429 2057 1582 2085 oetodecim
1595 2058 1641 2085 tri-

74 2095 162 2124 buum
175 2093 297 2129 suffragia
309 2093 390 2124 ferre.
412 2093 455 2122 sed
467 2102 558 2123 tamen
576 2105 638 2122 eum
654 2105 798 2123 numerum
816 2094 934 2124 tribuum
949 2095 1094 2127 conficere,
1114 2104 1142 2124 ut
1155 2095 1264 2122 tandem
1277 2093 1365 2131 plures
1376 2095 1460 2123 tuliffe
1471 2095 1642 2131 judicaretur,

74 2142 156 2173 quam
167 2132 241 2160 alius.
261 2132 286 2159 Si
298 2133 387 2169 itaque
400 2140 459 2160 tum
473 2133 540 2164 duo,
560 2132 600 2161 vel
615 2141 668 2161 tres
678 2133 811 2160 candidati
823 2143 915 2171 parem
930 2143 1074 2162 numerum
1093 2132 1278 2170 suffragiomm
1295 2131 1422 2161 haberent
1434 2153 1442 2167 ,
1460 2143 1512 2161 nec
1525 2133 1591 2161 alter
1605 2133 1639 2161 al-

71 2180 164 2202 mrum
176 2179 290 2198 numero
302 2169 485 2207 suffragiorum
499 2172 637 2200 excederet
650 2193 658 2204 ‚
677 2172 831 2200 revocandae
845 2180 919 2200 erant
932 2171 1011 2198 tribu:
1022 2192 1031 2203 ,
1057 2180 1114 2207 quae
1127 2181 1158 2200 ex
1171 2171 1219 2198 illis
1233 2171 1377 2199 candidatis
1388 2192 1398 2203 ,
1425 2172 1471 2207 qui
1486 2169 1570 2199 tribus
1582 2181 1638 2199 non

71 2209 256 2247 expleverant,
278 2218 362 2235 unum
381 2209 494 2244 aliquem
512 2208 654 2241 tribunum,
675 2209 716 2237 vel
736 2218 869 2247 quotquot
887 2209 973 2237 adhuc
991 2209 1126 2237 necessarii
1145 2217 1218 2237 erant
1231 2230 1239 2241 ,
1259 2217 1386 2237 crearent.
1422 2210 1455 2236 In
1473 2207 1581 2236 addim}
1600 2219 1639 2235 co-

74 2247 155 2277 mitiis
175 2246 227 2274 hoc
246 2255 299 2273 non
319 2244 514 2274 observabatur.
552 2248 582 2274 In
602 2248 632 2275 iis
652 2249 724 2275 enim
740 2268 747 2279 ,
780 2249 799 2275 si
818 2248 958 2285 aliquando
983 2247 1133 2280 accidisset,
1159 2256 1235 2284 pares
1254 2246 1381 2285 suffragiis
1404 2247 1552 2274 candidatos
1571 2248 1638 2280 effe,

73 2295 130 2315 non
148 2283 341 2313 revocabantur
361 2283 444 2312 tribus
456 2304 464 2315 ,
494 2283 538 2311 sed
559 2285 628 2312 sorte
651 2284 842 2314 decernebatur
859 2307 866 2317 ,
903 2287 944 2313 cui
963 2287 1071 2313 cederet
1096 2286 1280 2322 magistratus,
1313 2285 1385 2322 quod
1404 2294 1436 2312 ex
1455 2284 1568 2312 Cicerone
1586 2294 1637 2320 pro

73 2323 180 2353 Plancio
198 2321 361 2360 intelligitur.
400 2322 432 2349 In
450 2320 578 2360 qaaestoriis
597 2323 701 2351 comniis
719 2325 792 2352 idem
814 2323 927 2353 faffitari
944 2323 1051 2351 solitum
1063 2344 1071 2355 ‚
1099 2322 1240 2352 verilimile
1258 2323 1294 2351 est
1307 2344 1314 2355 ‚
1342 2324 1414 2360 quod
1433 2323 1461 2350 in
1479 2322 1638 2354 tribunitiis,

74 2370 104 2392 ut
119 2369 314 2391 revocarentur
337 2361 426 2397 potius
452 2359 534 2388 tribus
553 2381 561 2393 ‚
599 2370 680 2399 quam
706 2370 736 2393 ut
759 2362 825 2392 sorti
856 2371 897 2391 res
923 2362 1151 2400 committeretur.
1209 2362 1241 2392 In
1274 2360 1445 2392 tribunorum
1476 2361 1634 2389 militarium

987 2402 1007 2430 P
1013 2409 1030 2438 p
1035 2409 1055 2437 p
1552 2399 1639 2438 copii-
