2075 2734
523 86 556 114 1)⁴
588 95 604 113 E
662 84 690 113 T
729 94 748 112 υ
787 93 804 111 'r
845 91 867 112 ε’
899 94 916 112 1.
956 79 1030 115 1‘s·
1087 87 1250 127 CAP.17.'
1624 99 1679 136 629

93 149 210 181 patrono
225 136 384 173 diverteret,
405 138 448 169 alii
463 139 564 169 nubere
576 138 663 165 invito
675 143 790 173 patrono
805 146 861 179 non
875 137 970 173 poffet.
1010 141 1048 167 Ut
1060 140 1249 176 jusjurandum
1261 143 1334 180 quod
1346 141 1443 173 liberto
1456 145 1614 183 impositum
1630 152 1680 184 est,

95 191 130 211 ne
143 189 257 210 uxorem
271 180 394 210 duceret,
415 181 440 207 ei
452 179 644 206 remitteretur.
663 175 681 202 1.
690 178 715 203 6.
724 176 747 211 §.
757 185 781 212 3.
796 175 903 211 dejure
916 184 970 216 pat.
987 177 1004 204 l.
1015 188 1037 205 1.
1051 178 1078 205 ff.
1092 180 1162 207 unde
1179 181 1218 208 vir
1233 182 1259 208 ὃ(
1274 190 1352 208 uxor.

135 221 181 247 Ne
193 219 238 256 qui
245 219 350 253 senator
364 217 428 245 esset
439 238 446 249 ‚
464 216 542 254 quive
556 213 623 242 filius
638 234 646 245 ‚
673 223 756 250 nepos
766 234 773 244 ,
794 218 962 256 pronepolve
975 224 1008 243 ex
1022 215 1094 248 filio,
1121 217 1163 245 vel
1184 228 1216 246 ex
1232 218 1283 246 filia
1297 228 1373 248 natus
1385 241 1393 252 ,
1415 222 1489 258 cujus
1502 233 1597 253 eorum
1614 227 1678 256 efflet

92 256 231 294 sponsam,
251 265 400 284 uxoremve
413 255 509 285 sciens,
529 251 593 280 dolo
606 250 680 279 malo
694 250 802 279 haberet
815 251 984 292 libertinam,
1004 262 1124 295 aut-eam
1134 276 1140 286 ,
1161 265 1219 292 qux
1234 256 1301 293 ipsa,
1324 258 1431 293 cujusve
1445 268 1535 297 pater,
1556 272 1678 293 materve

92 304 178 324 artem
194 294 326 322 ludicram
341 293 439 321 faceret
452 310 460 323 ‚
479 290 614 319 fecissetve
626 309 633 320 ‚
653 299 721 317 neve
735 288 930 331 finatorisfilia
943 310 950 322 ‚
972 293 1091 328 neptisve
1105 303 1136 320 ex
1150 294 1204 321 filio
1218 315 1225 325 ‚
1245 297 1415 333 proneptisvc
1434 308 1466 326 ex
1479 308 1581 336 nepote
1592 323 1601 334 ‚
1621 303 1677 331 filio

90 342 156 362 nato
167 354 178 366 ,
197 341 258 361 nata
270 331 394 360 libertino
407 351 415 363 ‚
434 330 492 357 eive
505 329 550 365 qui
568 327 623 363 ipse
637 347 644 358 ‚
665 329 775 363 cujuive
789 336 864 365 pater
879 336 999 356 materve
1012 338 1097 357 artem
1118 330 1249 360 ludicram
1263 332 1364 362 faceret
1379 356 1386 366 ‚
1407 335 1541 366 feciffetve
1554 357 1561 369 ‚
1582 339 1676 376 spensti

89 380 209 408 nuptave
216 370 298 399 sciens
305 370 367 398 dolo
374 367 446 396 malo
453 367 525 395 effet.
546 365 688 403 Eleganter
696 365 749 393 hoc
762 374 841 403 caput
849 366 962 402 explicat
971 367 1100 395 Barnabas
1110 369 1254 406 Brissoni'us,
1264 371 1332 399 libro
1340 373 1373 400 de
1379 373 1439 408 jure
1447 376 1655 406 connubiorum.

132 411 218 440 Item,
238 418 273 436 ne
286 408 343 445 quis
348 408 450 442 senator
463 415 496 433 ex
511 413 627 432 numero
640 413 754 440 corpore
767 405 895 441 quaestum
910 404 1066 433 facientium
1082 416 1195 434 uxorem
1210 408 1328 438 duceret.
1348 413 1446 440 Caeteri
1460 422 1550 442 autem
1565 416 1673 454 ingenui

90 447 296 483 prohiberentur
308 445 404 473 ducere
416 443 513 473 lenam,
534 443 547 469 ὲ
560 442 671 474 lenone,
691 443 785 470 lenave
796 441 1000 474 manumiflhm,
1022 445 1047 471 &
1063 445 1090 472 in
1101 445 1231 472 adulterio
1244 448 1434 483 deprehensam
1443 471 1451 482 ‚
1471 454 1498 480 ὅ(
1511 452 1612 488 judicio
1626 464 1674 492 pu.

92 486 162 514 blico
175 486 343 514 damnatam,
363 484 390 510 &
404 491 461 518 quae
474 488 562 509 artem
575 480 708 508 ludicram
722 480 831 509 feciffet.
852 479 948 507 Paulus
961 480 979 509 l.
992 481 1078 516 44vff·
1092 483 1125 510 de
1139 484 1192 511 ritu
1208 493 1284 519 nupt.
1304 486 1430 515 Mai-ticin.
1449 498 1540 518 autem
1555 492 1582 519 in
1597 492 1614 520 l.
1632 504 1674 530 19.

91 525 152 552 eod.
160 522 268 553 scribit,
288 529 347 556 cap.
358 530 401 558 35.
417 519 492 548 fuisse
501 540 508 551 ‚
530 527 560 547 ut
575 520 620 557 qui
634 518 744 550 liberos,
765 528 833 556 quos
845 518 943 546 hahent
956 519 984 546 in
998 520 1128 555 potestate
1142 541 1150 553 ,
1169 522 1266 557 injuria
1279 524 1470 558 prohibuissent
1484 537 1579 558 uxores
1593 531 1673 559 duce-

89 571 135 593 re,
155 561 197 589 vel
209 559 322 590 nubere,
342 557 357 585 a
370 557 566 595 magistratibus
579 565 740 595 cogerentur
752 557 781 585 in
795 557 1003 586 matrimonium
1016 557 1148 586 collocare
1161 560 1297 588 &dotare-
1316 563 1355 590 Ut
1365 564 1480 597 patriciis
1492 566 1583 596 liceret
1595 568 1674 597 liber-

89 601 159 629 tinas
171 606 265 626 uxores
281 597 379 624 ducere
393 607 399 624 ε
419 603 515 633 praeter
529 605 610 633 quam
627 596 645 623 si
652 597 780 631 senatores
791 617 799 628 ,
821 595 1010 624 senatorumve
1022 595 1100 625 liberi
1113 598 1204 625 essent.
1243 597 1289 625 Ne
1302 602 1483 637 quasponffilia
1499 613 1555 633 rata
1569 607 1651 636 effent
1661 628 1670 640 ³

86 638 139 666 nisi
148 637 237 664 statim
250 634 345 662 exadto
358 634 468 662 biennio
482 635 579 671 nuptiae
594 633 706 663 fierent:
726 634 779 662 hoc
796 633 848 667 est,
866 643 902 661 ne
915 633 1008 670 puellae
1020 635 1116 663 decem
1132 636 1207 664 annis
1219 637 1340 665 minores
1360 640 1534 674 ducerentur,
1556 653 1671 681 quarum

85 683 168 702 annus
182 673 265 702 aetatis
277 673 454 700 duodecimus
468 680 588 700 maturus
601 673 729 710 conjugio
743 672 896 713 habebatur.
915 675 1027 700 Zonaras
1040 673 1109 701 libro
1127 684 1136 701 1
1146 685 1168 702 1.
1188 676 1253 702 Haec
1260 683 1350 703 autem
1364 677 1405 705 lex
1420 679 1528 709 inlibris
1539 682 1672 718 juriscon-

84 712 215 740 sultorum
228 711 363 740 interdum
378 710 460 748 Julia
481 718 586 740 tantum
599 731 608 744 ‚
628 712 765 740 interdum
785 715 881 746 Pappia
894 729 902 740 ‚
921 711 1058 740 interdum
1078 711 1149 745 Julia
1163 712 1256 747 Pappia
1270 734 1278 746 ,
1298 714 1435 744 interdum
1454 718 1548 753 Pappia
1567 725 1668 757 Poppaea

84 751 192 780 dicitur.

72 798 75 799 ⁷
707 790 826 839 Pappia
852 790 974 838 Poppaea
1000 789 1060 823 Iex.

122 853 219 889 Pappia
235 859 331 890 Poppaea
345 860 404 882 tum
418 853 511 882 eadem
524 852 581 885 illa,
601 862 657 890 quae
671 852 713 880 Iex
725 853 798 886 Juliu
810 854 946 886 continet,
967 854 1073 886 habuit,
1094 861 1154 882 tum
1169 864 1235 883 vero
1251 858 1331 885 etiam
1347 856 1412 884 haec.
1441 860 1479 887 Ut
1492 870 1527 888 ne
1539 864 1670 901 quinquass

83 893 159 929 ginta
172 894 246 920 annis
259 895 350 920 minor
363 891 532 929 sexagenario
546 891 658 920 nuberet
672 903 680 918 ι
705 898 749 919 aut
764 893 804 919 vir
818 891 867 919 hac
880 899 956 921 aetate
969 893 1060 929 junior
1080 893 1334 931 quinquagenariam
1355 894 1499 925 foeminam
1515 900 1623 929 duceret
1641 905 1668 930 in

83 939 206 958 uxorem.
225 932 265 957 Ut
273 929 402 965 patronis,
423 931 468 966 qui
481 930 522 966 jus
535 930 619 958 trium
632 930 780 957 liberorum
796 929 924 958 haberent
936 939 1033 958 contra
1046 930 1145 958 tabulas
1159 932 1418 961 testamentiliberti
1441 944 1484 963 aut
1498 937 1530 964 ab
1545 939 1669 968 intestato

80 975 175 996 contra
186 967 245 995 suos
257 967 374 996 haeredes
387 977 443 996 non
457 968 586 996 naturales
597 968 732 996 bonorum
748 968 870 1004 possessio
877 969 993 996 daretur.
1013 971 1052 996 Ut
1063 977 1171 1003 patrona
1185 970 1293 1007 ingen-ux
1306 970 1410 999 duobus
1423 972 1510 1003 liberis
1524 975 1669 1009 honoratae,

78 1004 202 1032 libertina⁴
210 1005 294 1033 tribus
306 1027 313 1037 ,
333 1007 408 1034 idem
421 1006 487 1043 juris
500 1007 607 1035 daretur
619 1027 626 1038 ‚
648 1007 720 1043 quod
731 1006 845 1040 patronis
861 1015 892 1034 ex
911 1007 1008 1034 edic‘io.
1048 1009 1086 1034 Ut
1100 1007 1189 1035 liberis
1208 1011 1330 1046 ingenuae
1350 1010 1430 1038 trium
1448 1012 1595 1042 liberorum
1608 1016 1670 1051 jure

82 1043 235 1075 honoratae,
255 1045 328 1072 idem
343 1045 409 1080 juris
425 1045 496 1081 quod
510 1044 558 1080 ipsi
571 1053 689 1080 patronae
703 1045 872 1073 tribueretur.
911 1046 948 1073 Ut
962 1045 1089 1072 omnibus
1103 1046 1224 1082 ingenuis
1240 1056 1335 1084 praeter
1349 1047 1497 1083 senatores,
1519 1061 1669 1090 eorumque

79 1081 191 1113 liberos,
211 1091 305 1110 uxores
318 1083 454 1110 libertinas
467 1081 563 1110 habere
577 1083 677 1111 liceret.
697 1082 796 1111 Tulere
810 1092 870 1110 eam
886 1087 924 1110 M.
934 1087 1040 1118 Pappia:
1054 1086 1177 1115 Mutilus,
1198 1089 1237 1123 Q
1247 1090 1356 1120 Poppaus
1370 1086 1514 1117 secundum
1530 1091 1601 1118 Coff.
1608 1091 1667 1119 ffiff,

78 1120 198 1156 Augusto
211 1122 383 1156 imperatore.
403 1120 506 1147 Tacitus
518 1120 588 1148 libro
602 1121 691 1149 tertio.
712 1120 896 1159 jurisconsulti
910 1120 956 1148 sub
970 1121 1050 1150 titulo
1064 1122 1097 1149 de
1112 1123 1164 1149 ritu
1179 1132 1255 1159 nupt.
1267 1124 1300 1152 de
1314 1123 1385 1161 vulg.
1400 1125 1498 1157 substit.
1510 1128 1544 1156 de
1556 1129 1615 1165 jure
1622 1138 1670 1165 pa-

78 1165 149 1186 tron.
164 1159 191 1187 δί
206 1157 262 1187 aliis
275 1157 341 1187 locis
352 1159 508 1187 innumeris.
528 1158 648 1194 Ulpmnas
661 1168 718 1196 cap.
732 1160 816 1188 Instit.
828 1168 867 1195 ¹4-
882 1161 908 1188 ἃ
926 1168 970 1194 24.
984 1162 1011 1188 δε
1027 1170 1071 1197 29.
1091 1163 1141 1187 Dio
1155 1160 1200 1189 lib.
1207 1164 1255 1198 56.
1623 1164 1627 1166 i

716 1236 740 1263 C
761 1245 779 1262 A
799 1245 814 1262 v
834 1244 852 1262 u
873 1244 891 1261 τ
932 1235 1044 1263 XVII,

773 1296 825 1329 De
849 1296 965 1332 tutelis.

769 1377 882 1411 „Atilia
906 1378 968 1410 lex.

75 1441 252 1503 Sequuntur
271 1438 334 1477 leges
353 1440 384 1466 de
397 1438 484 1467 tutelis
495 1460 504 1472 ‚
526 1448 638 1476 quarum
657 1446 774 1477 quatuor
788 1441 956 1477 reperiuntur
969 1461 978 1472 ,
999 1437 1087 1466 Atilia
1099 1460 1107 1472 ‚
1128 1437 1212 1476 Julia
1224 1440 1297 1469 Titia
1311 1463 1320 1474 ,
1341 1444 1449 1471 Latoria
1463 1464 1471 1476 ,
1499 1446 1525 1473 &
1540 1447 1663 1478 Claudia.

137 1477 226 1506 Atilia
240 1477 294 1505 haec
309 1477 359 1504 fuit
373 1498 380 1508 ‚
402 1486 431 1505 ut
446 1477 600 1505 mulieribus
615 1480 642 1506 δε
657 1477 762 1514 pupillis
782 1486 885 1506 tutores
900 1487 955 1506 non
968 1477 1126 1505 habentibus
1140 1479 1156 1518 zi*
1167 1487 1280 1515 praetore
1292 1482 1318 1508 ὃς
1334 1482 1438 1517 majore
1451 1491 1527 1518 parte
1541 1485 1664 1515 tribuno-

76 1526 138 1544 rum
152 1515 235 1552 plebis
250 1515 383 1542 darentur.
403 1516 521 1552 Qando
534 1515 585 1543 lata
598 1515 653 1543 hxc
668 1516 709 1544 lex
724 1516 768 1546 sit,
789 1526 844 1543 non
852 1525 928 1545 certo
942 1516 1052 1543 constat.
1071 1519 1185 1552 Sigonius
1198 1517 1267 1543 libro
1286 1528 1307 1544 ι.
1317 1519 1351 1545 de
1359 1522 1480 1556 Antiquo
1493 1521 1553 1555 jure
1560 1523 1662 1553 civium

77 1555 267 1580 Romanorum
277 1573 284 1583 ,
304 1553 458 1588 conjeetura
472 1553 565 1581 duetus
578 1553 667 1581 scribit
676 1574 682 1585 ‚
703 1553 788 1581 videri
797 1554 843 1581 fibi
857 1554 939 1582 latam
957 1563 1016 1581 eam
1030 1552 1082 1581 effe
1094 1561 1156 1580 ante
1167 1559 1210 1588 Sp.
1227 1553 1363 1588 posthumii
1378 1556 1478 1587 Albini,
1499 1560 1526 1586 &
1539 1562 1662 1597 QMar.

75 1589 108 1618 cii
122 1589 228 1624 Philippi
242 1590 417 1618 Consulatum
432 1593 477 1627 qui
491 1591 584 1618 incidit
597 1593 625 1618 in
638 1601 738 1618 annum
758 1600 856 1620 mlxvi
867 1603 887 1620 1.
909 1591 1036 1620 Meminit
1049 1591 1127 1627 hujus
1147 1591 1211 1629 legis
1225 1592 1346 1626 Ulpianus
1364 1594 1443 1622 titulo
1461 1606 1468 1623 1
1481 1607 1500 1623 1.
1514 1597 1560 1624 ubi
1571 1600 1660 1633 addit,

75 1636 178 1657 tutores
193 1626 281 1654 Atilia
296 1627 347 1664 lege
361 1628 451 1659 datos,
473 1627 599 1655 Atilianos
612 1630 675 1656 dici.
696 1630 824 1657 Meminit
839 1632 865 1659 &
879 1629 968 1658 Livius
982 1630 1052 1657 libro
1074 1640 1117 1667 39.
1144 1632 1210 1658 Haec
1223 1639 1315 1658 tamen
1328 1634 1416 1669 postca
1430 1633 1443 1660 ’ὲ
1458 1634 1568 1661 claudio
1582 1639 1662 1672 Impe-

29 1689 32 1691 Α
74 1675 159 1694 ratore
172 1666 299 1702 abrogata
312 1666 387 1694 fuiffe
401 1666 522 1697 videtur,
543 1676 606 1694 cum
622 1666 710 1695 scribit
727 1667 858 1695 Suetonius
871 1689 878 1700 ‚
903 1668 1010 1697 sanxiss'e
1024 1667 1161 1695 Claudium
1175 1688 1183 1701 ‚
1209 1676 1238 1696 ut
1254 1670 1381 1697 Consules
1396 1671 1502 1707 pupillis
1524 1674 1659 1712 utriusque

73 1704 149 1733 sexus
162 1712 264 1733 tutores
276 1704 384 1736 darent,
405 1704 477 1741 quod
491 1704 604 1732 viciffim
618 1705 650 1733 ab
663 1709 789 1733 Antonino
801 1706 961 1744 Philosopho
976 1705 1107 1734 sublatum
1124 1705 1206 1735 refert
1220 1707 1378 1742 capitolinus
1389 1729 1397 1740 ‚
1417 1710 1449 1736 ab
1464 1719 1550 1748 eoque
1559 1719 1655 1747 praeto.

73 1752 133 1771 rem
148 1742 291 1772 tutelarum
305 1742 466 1771 institutum.

714 1782 812 1831 Julia
835 1785 924 1818 ‘Titia
948 1785 1011 1818 lex.

113 1843 247 1874 Caetenim
261 1855 324 1873 cum
337 1844 423 1872 Atilia
433 1844 476 1873 lex
488 1852 595 1874 tantum
610 1848 708 1875 Romae
720 1848 810 1876 locum
823 1848 944 1880 haberet,
964 1849 1017 1877 lata
1031 1848 1066 1876 est
1080 1848 1169 1884 postea
1183 1846 1252 1880 julia
1261 1849 1346 1879 Titia,
1366 1857 1395 1878 ut
1410 1851 1491 1878 etiam
1504 1854 1654 1887 provincia:

73 1893 135 1912 rum
149 1883 268 1919 praefides
280 1883 452 1915 mulieribus,
472 1884 610 1920 pupillisve
624 1892 725 1914 tutores
737 1897 794 1915 non
803 1887 973 1919 habentibus,
994 1895 1096 1915 tutores
1110 1888 1212 1915 darent.
1230 1885 1387 1924 Jtssinianus
1400 1889 1610 1920 Institutionibus
1619 1895 1654 1923 de

74 1921 194 1951 Atilianis
205 1921 350 1954 tutoribus,
372 1924 398 1951 &
414 1921 512 1956 Uipian.
523 1931 580 1960 cap.
594 1924 677 1952 Instit.
690 1935 699 1952 1
708 1935 731 1952 1.

751 1989 882 2020 Latoria
905 1988 966 2020 lex.

112 2044 221 2074 Latoria
234 2044 298 2076 fuit,
318 2051 348 2074 ut
362 2046 393 2074 iis
407 2049 452 2084 qui
466 2047 555 2075 fiiriofi
565 2069 571 2079 ‚
592 2047 632 2075 vel
644 2048 750 2085 prodigi
765 2048 846 2076 effent
859 2069 866 2080 ‚
888 2057 1021 2077 curatores
1035 2049 1177 2080 darentur,
1196 2047 1241 2086 'qui
1255 2059 1299 2078 eos
1314 2051 1587 2089 circumscripfiss‘ent,
1605 2054 1649 2089 ju-

71 2085 143 2112 dicio
155 2083 262 2120 publico
276 2090 436 2112 tenerentur.
476 2087 662 2114 Meminerunt
677 2086 732 2122 ejus
747 2086 800 2114 Cic.
812 2085 857 2114 lib.
870 2097 894 2124 3.
908 2087 992 2115 Offic.
1010 2087 1054 2114 lib.
1065 2097 1089 2123 3.
1103 2087 1136 2113 de
1152 2087 1256 2115 Natura
1269 2089 1408 2122 Deorum,
1427 2092 1481 2122 Jul.
1494 2090 1650 2125 Capitolina}

69 2125 99 2151 in
116 2124 155 2150 M.
168 2122 307 2150 Antonino
320 2121 494 2160 Philosopho,
513 2124 646 2153 Suetonius
658 2125 685 2152 in
699 2134 726 2160 4.
742 2126 891 2153 Praetorum
904 2125 974 2162 apud
979 2124 1142 2160 'Pi-ifiianum
1155 2123 1223 2153 libro
1239 2128 1265 2155 8.

752 2195 887 2230 Claudia
911 2197 974 2230 lex.

109 2254 221 2282 Claudia
236 2254 250 2282 21
265 2259 295 2282 C.
308 2254 415 2282 Claudio
429 2256 595 2293 Imperatore
607 2257 659 2287 lata
672 2258 717 2286 est.
737 2259 776 2286 Ut
790 2267 824 2285 ne
837 2259 926 2295 agnati
941 2257 1086 2285 mulierum
1098 2257 1208 2286 tutelam
1222 2258 1373 2296 legitimam
1387 2261 1506 2297 recipere
1519 2270 1646 2298 cogeren-

70 2299 123 2322 tur.
142 2292 263 2328 Ulpianus
277 2294 318 2321 tit.
330 2303 354 2320 2.
370 2293 454 2321 Inssit.
469 2297 496 2323 δε
512 2297 649 2330 Imperator
660 2296 677 2325 1,
689 2307 712 2335 3.
726 2297 759 2324 C.
773 2297 807 2324 de
818 2296 946 2335 legitimis
959 2296 1070 2326 tutorib.
1090 2299 1210 2324 Tantum
1224 2297 1257 2325 de
1269 2298 1365 2327 tuzelis:
1386 2299 1461 2336 plura
1473 2301 1507 2328 de
1521 2301 1551 2327 iis
1568 2299 1645 2328 habe-

69 2330 159 2360 bimus
171 2332 200 2359 in
213 2341 246 2360 xi
254 2342 275 2360 1.
291 2330 438 2361 tabularum
449 2331 616 2371 fragmentis.

971 2393 1075 2424 Kkkk
1097 2405 1111 2433 3
1540 2398 1565 2426 C
1585 2409 1601 2426 A
1621 2410 1645 2427 r.
