2075 2734
325 91 466 122 Uxii-a
507 91 1496 132 DeusnicArua,Qu1nsrr,&c.Caraz.
1679 100 1754 136 83·

130 147 173 175 ‘cet
186 143 270 174 Varro}
311 144 365 172 Ubi
380 145 417 172 ita
430 142 538 172 definita
553 141 648 173 effent,
669 148 732 169 tunc
746 140 942 174 condebantur,
963 143 1070 171 condita
1084 142 1275 173 dedicabantur
1288 145 1320 173 ab
1334 145 1380 178 iis,
1401 146 1446 184 qui
1455 156 1483 174 ea
1492 147 1637 176 voviss'ent:
1659 156 1718 177 tan-

130 187 194 214 dem
202 185 233 212 ab
242 180 630 220 Auguribusinaugurabantur:
652 179 678 206 id
687 179 739 219 est»,
760 178 809 206 fiiis
816 181 931 217 auguriis
947 180 1076 209 sanctiora
1091 181 1278 211 reddebantur.
1318 186 1379 211 Hoc
1392 186 1464 212 enirn
1479 186 1525 213 ni1i
1541 186 1630 218 fieret,
1650 195 1716 214 tem-

122 223 168 258 pla
183 224 234 250 esse
248 232 304 249 non
316 228 442 257 poterant
454 242 462 254 ,
483 219 548 247 teste
565 218 634 254 apud
649 217 775 256 Agellmm
785 223 896 246 Varrone
913 229 919 246 :
942 218 984 247 sed
999 220 1059 246 ades
1073 228 1180 249 tantum
1196 221 1352 250 dicebantur
1366 243 1373 253 ,
1394 224 1465 250 unde
1485 224 1626 252 discrimen
1647 227 1716 254 inter

130 261 223 296 templa
236 263 262 289 8<
277 260 336 287 ades
351 258 432 286 sacras
446 256 521 285 facile
535 255 700 293 intelligitur.
742 257 822 284 Extat
840 257 908 294 apud
922 256 1081 285 Cornelium
1091 259 1215 287 Tacitum
1225 261 1341 288 narratio
1354 261 1388 288 de
1400 261 1553 290 lustratione
1565 272 1630 290 areae
1646 273 1715 292 tem-

130 301 166 336 pli
184 299 254 335 Iovis
269 296 429 336 Capitolini,
450 295 522 333 quod
536 293 549 322 a
564 293 723 330 Vespafiano
737 302 797 323 tum
811 295 963 324 restitutum
978 296 1028 324 fuit
1041 317 1048 327 ,
1072 306 1103 324 ex
1120 306 1171 334 qua
1185 298 1347 335 cognoscere
1361 299 1448 336 aliquo
1463 301 1549 328 modo
1562 301 1698 336 postumus
1707 323 1714 333 ,

130 334 229 374 quanta
243 337 368 374 religione
383 335 422 362 vel
434 332 617 370 superstitione
630 333 720 369 potius
735 340 839 361 veteres
853 333 947 367 templa
969 335 1026 361 Diis
1046 336 1247 364 construxerint.
1289 338 1331 364 Sic
1344 345 1436 365 autem
1449 337 1552 365 Tacitus
1564 338 1608 366 lib.
1621 349 1647 375 4.
1664 341 1712 368 Hi-

130 376 193 403 stor.
233 373 400 412 Vespasianus
408 381 500 399 curam
508 371 661 399 restituendi
669 371 795 408 Capitolii
808 372 835 398 in
845 372 875 398 L.
884 372 1025 399 Vestinum
1041 373 1147 400 confert
1156 394 1162 404 ‚
1183 375 1307 410 equestris
1320 377 1420 403 ordinis
1434 377 1522 405 virum
1533 398 1539 408 ,
1560 376 1603 404 sed
1617 377 1712 405 autho-

131 414 209 442 ritate
222 413 344 448 famaque
356 411 426 437 inter
438 419 571 447 proceres.
612 408 653 437 Ab
669 419 702 437 eo
716 409 847 437 contracti
862 409 1017 446 Haruspices
1026 431 1032 440 ,
1054 411 1185 438 monuere
1194 432 1200 443 ,
1212 421 1241 440 ut
1254 413 1368 449 reliquiae
1381 415 1477 451 prioris
1489 414 1591 443 delubri
1605 416 1712 452 inpahu

131 452 177 480 des
190 451 361 479 aveherentur
374 468 381 480 ‚
401 448 536 486 templum
551 447 645 475 iisdem
660 448 773 485 vestigiis
786 447 917 476 lister-etur
930 458 935 474 :
956 448 1027 475 nolle
1042 449 1114 476 Deos
1130 450 1226 477 mutari
1247 458 1366 478 veterem
1388 452 1516 481 formam.
1556 454 1711 481 Undecimo

129 490 258 518 calendas
271 486 366 525 Julias‚
388 485 477 514 serena
491 486 563 517 luce,
584 485 702 522 spacium
717 495 814 517 omne,
835 486 908 523 quod
922 486 1026 523 templo
1040 486 1190 518 dicabatur,
1212 487 1349 515 evinctum
1364 491 1451 523 vittis,
1472 491 1638 529 coronisque.
1666 493 1711 520 In-

127 527 322 566 greffimilioes,
344 524 438 562 quibus
452 525 532 553 fausta
546 525 659 552 nomina
674 546 681 557 ‚
703 523 821 553 felicibus
834 524 924 552 ramis.
946 525 1007 553 dein
1028 524 1134 562 vngsnes
1149 524 1254 558 Vestales
1272 535 1335 553 cum
1358 530 1443 563 pueris
1464 529 1608 567 puellisque
1627 531 1708 567 patri—

129 567 197 597 mis,
210 562 407 600 matrimisque,
421 572 487 600 aqua
501 563 562 591 rivis
582 566 608 592 &
624 562 742 591 fontibus
756 561 932 600 amnibusque
946 562 1050 595 hausta,
1070 563 1200 600 perluere.
1240 565 1314 590 Tum
1330 565 1465 592 Heli-idus
1482 567 1580 595 Priscus
1596 570 1710 600 Praetor,

125 610 258 640 praeeunte
271 601 364 628 Plauto
374 600 464 628 Eliano
479 601 623 633 Pondfice,
642 601 747 629 lustrata
761 601 984 629 Suovetaurilibus
995 610 1056 629 area
1069 622 1076 633 ‚
1106 603 1133 630 δε
1146 601 1222 639 super
1234 600 1361 638 cespitem
1376 605 1485 633 redditis
1497 607 1563 634 extis
1578 628 1585 639 ‚
1605 611 1708 639 Iovem.

124 639 272 677 Junonem‚
293 638 454 672 Minervam,
474 639 649 677 Praefidesque
663 640 775 677 Imperii
787 641 860 667 Deos
873 646 1008 677 precatus,
1028 639 1067 668 uti
1081 648 1169 677 coepta
1181 638 1384 677 prosperarent,
1404 641 1528 680 sedesque
1542 644 1597 673 suas
1610 645 1709 682 pietate

123 679 268 707 hominum
281 678 415 707 inchoatas
429 699 437 710 ‚
458 678 547 706 divina
560 687 612 715 ope
625 678 776 706 attollerent
790 699 796 709 ,
817 679 898 706 vittas
912 677 1006 715 quibus
1023 677 1196 716 ligatus'lapis
1210 679 1352 715 innexique
1367 678 1443 708 funes
1458 689 1532 709 erant
1549 703 1556 714 ,
1584 684 1708 721 contigit.

123 717 302 744 Simulcaeteri
311 717 475 754 Magistratus
488 738 495 749 ,
517 717 708 748 &Sacerdotes‚
730 719 888 748 &Senatus‚
908 717 935 745 δε
948 714 1068 755 Equites,
1090 718 1116 744 ἃ
1131 725 1228 754 magna
1242 725 1300 752 pars
1315 718 1420 753 populi,
1441 719 1542 751 studio,
1563 721 1706 758 laetitiaque

121 755 550 792 connixisaxumingenstraxere:
571 755 829 793 pasfimqueinjeftae
842 754 1025 782 fundamentis
1039 755 1157 792 argenti,
1179 755 1288 791 aurique
1302 755 1380 792 stipes
1395 776 1402 787 ‚
1423 757 1450 784 ὃς
1466 758 1637 786 metallorum
1650 760 1707 796 pri-

122 793 219 824 miti-ae,
241 794 317 822 nullis
329 792 479 822 fornacibus
493 794 583 825 νὶἑὶαε,
603 792 684 822 sedut
690 794 848 831 gignuntur.
887 793 1035 823 Praedixere
1042 792 1189 831 Haruspices
1199 814 1209 826 ,
1229 803 1264 821 ne
1272 801 1447 822 temeraretur
1455 803 1521 831 opus
1529 795 1590 825 saxo
1599 817 1605 828 ‚
1628 807 1706 825 aui-0.

122 841 156 859 ve
163 832 189 859 in
197 831 267 860 aliud
281 832 410 861 destinato
418 854 425 864 ‚
434 833 484 860 &c.
505 832 641 860 Ha6tenus
649 833 766 860 Tacitus.

160 869 369 899 Fanumafando
375 871 486 902 dicitur,
506 872 578 908 quod
587 871 652 898 dum
662 870 786 899 Pontifex
794 870 914 901 dedicat,
935 878 1008 899 certa
1022 869 1101 902 verba
1117 869 1195 898 fatur.
1222 874 1300 898 Varro
1322 870 1388 906 [lib.
1402 882 1427 907 5.
1440 871 1471 898 de
1485 870 1571 909 lingua
1582 871 1676 899 Latina
1689 873 1701 908 ]

121 909 172 951 ait,
193 912 265 937 Fana
273 910 425 941 nominata,
446 910 518 946 quod
527 908 836 937 Pontificesinsacrando
844 908 948 937 fatifint
957 909 1047 938 finem.
1089 909 1209 948 Qdssm
1223 917 1314 938 tamen
1330 909 1343 937 a
1358 914 1460 942 Fauno,
1480 911 1554 948 quod
1569 911 1590 939 is
1602 912 1707 948 primus

119 946 348 978 fanacondiderit,
361 947 456 984 fimum
465 948 569 976 dietum
578 947 628 975 effe
636 948 747 976 malunt.
769 947 818 983 [In
834 946 986 984 2.AEm=id.]

156 984 296 1013 Delubrum
309 985 399 1014 scribit
406 986 510 1014 Servius
522 985 660 1024 appellari,
680 986 754 1024 quod
768 985 814 1014 sub
829 995 884 1013 uno
899 985 973 1014 tecto
988 986 1062 1023 plura
1077 986 1271 1023 complectatur
1285 987 1412 1019 numina,
1431 987 1493 1024 quia
1508 997 1564 1016 uno
1579 987 1653 1015 teAEto
1667 987 1706 1015 di-

115 1021 210 1052 luatur.
238 1025 311 1053 Alios
319 1024 480 1053 veroscribit
486 1025 635 1057 affirmare,
656 1024 788 1052 delubrum
802 1022 847 1062 effi
861 1024 939 1052 locum
952 1033 1011 1051 ante
1026 1024 1148 1059 templum
1162 1023 1204 1051 ubi
1216 1035 1285 1064 aqua
1299 1034 1399 1057 currat,
1421 1023 1434 1052 a
1448 1025 1575 1054 diluendo
1589 1025 1704 1053 dietum.

118 1061 258 1089 Macrobius
270 1064 298 1090 in
311 1063 489 1092 Saturnalibus
502 1062 544 1091 lib.
561 1075 586 1102 3.
599 1073 651 1098 cap.
671 1073 698 1095 4.
715 1063 779 1091 citat
794 1066 930 1090 Varronem
947 1071 979 1091 ex
993 1062 1038 1091 lib.
1052 1066 1078 1092 8.
1106 1065 1211 1091 Rerum
1232 1063 1386 1091 divinarum
1409 1064 1443 1092 de
1465 1063 1564 1101 duplici
1579 1064 1706 1102 fignifica-

117 1099 192 1127 tione
205 1100 327 1129 vocabuli
340 1101 446 1130 Delubri
459 1102 631 1130 disserentem
646 1101 698 1130 hoc
713 1101 799 1129 modo
813 1111 818 1127 ε
841 1099 999 1133 Deli-chrum,
1019 1102 1056 1129 ait
1069 1105 1172 1133 Varro,
1193 1100 1237 1129 alii
1251 1102 1403 1130 existimant
1417 1101 1483 1134 esse,
1504 1103 1532 1130 in
1547 1112 1601 1140 quo
1610 1110 1704 1138 praeter

117 1137 204 1165 aedem
220 1138 250 1167 fit
266 1149 325 1167 area
337 1140 469 1176 asshmpta
481 1140 575 1168 Deum
589 1139 678 1171 causa,
698 1148 727 1168 ut
742 1140 778 1167 est
792 1140 819 1166 in
835 1139 909 1167 circo
924 1139 1057 1167 Flaminio
1071 1140 1147 1177 Jovis
1169 1140 1290 1168 Statoris.
1330 1141 1383 1168 Alii
1398 1140 1449 1167 effe
1463 1140 1555 1168 locum
1570 1161 1577 1172 ,
1605 1141 1633 1167 in
1649 1149 1704 1177 quo

117 1176 171 1203 Dei
185 1176 375 1206 simulachrum
389 1179 544 1206 dedicatum
559 1179 604 1210 sit,
626 1186 654 1206 ut
668 1179 705 1206 ita
718 1177 750 1204 ab
767 1178 820 1205 Dei
833 1177 958 1204 dedicato
971 1177 1131 1204 simulachro
1145 1176 1287 1205 delubrum
1303 1179 1417 1214 coeperit
1431 1179 1484 1206 dici
1502 1190 1507 1206 ι
1533 1179 1606 1216 quod
1621 1180 1704 1206 etiam

116 1213 172 1248 ipse
184 1214 289 1249 probat.
329 1217 370 1242 Ita
383 1217 458 1242 enim
472 1217 574 1251 pergit.
594 1215 663 1240 Sicut
675 1215 768 1245 locum,
788 1212 818 1240 in
831 1224 879 1252 quo
885 1212 997 1250 figerent
1011 1215 1141 1240 candelam
1155 1235 1161 1244 ,
1183 1215 1360 1243 candelabrum
1373 1216 1524 1249 appellatum
1536 1237 1545 1247 ,
1565 1215 1603 1244 ita
1616 1214 1643 1242 in
1657 1226 1706 1254 quo

118 1255 204 1278 Deum
211 1260 346 1286 ponerent,
367 1251 527 1280 nominatum
541 1250 691 1279 Delubrum.
721 1251 813 1278 Paulus
827 1258 918 1278 autern
933 1251 1001 1278 Festi
1015 1251 1140 1288 Pompeji
1154 1251 1324 1280 abbreviator
1337 1252 1440 1283 scribit,
1461 1252 1592 1280 delubrum
1599 1253 1705 1287 dietum

118 1288 194 1316 fuisse
208 1288 304 1317 fustem
318 1289 478 1318 delibratum
492 1310 499 1321 ‚
521 1289 564 1317 vel
577 1289 774 1317 decorticatum
790 1310 798 1320 ‚
818 1298 900 1325 quem
916 1290 1035 1317 venerati
1056 1289 1105 1317 fint
1120 1290 1223 1326 antiqui
1242 1299 1294 1326 pro
1314 1292 1375 1318 Deo
1391 1312 1397 1322 ‚
1424 1290 1451 1317 id
1468 1291 1541 1327 quod
1557 1292 1583 1319 ⁶&
1599 1288 1707 1319 Servius·

118 1326 214 1355 alicubi
228 1328 322 1360 tradit,
343 1338 406 1356 cum
421 1328 456 1355 fic
469 1326 559 1354 scribit
573 1337 578 1353 2
600 1326 739 1353 Delubrum
754 1327 857 1353 duflum
872 1335 984 1362 propter
998 1326 1086 1354 lacum
1101 1347 1108 1358 ,
1130 1328 1157 1354 in
1172 1336 1226 1364 quo
1244 1337 1337 1356 manus
1351 1328 1492 1356 abluuntur
1507 1339 1512 1355 :
1534 1328 1576 1355 vel
1590 1337 1704 1365 propter

118 1365 220 1392 tectum
233 1366 421 1402 conjundtum:
443 1371 489 1392 aut
500 1372 572 1392 certe
585 1364 706 1401 ligneum
720 1363 910 1391 simulachrum
924 1363 1071 1396 delubrum,
1092 1365 1223 1397 dicimus,
1244 1364 1257 1392 a
1272 1366 1341 1394 libro
1355 1387 1362 1399 ‚
1384 1366 1436 1394 hoc
1451 1367 1488 1394 est
1500 1387 1508 1399 ,
1529 1366 1542 1394 a
1556 1366 1613 1395 rato
1627 1367 1703 1405 liguo

116 1401 234 1436 filetum,
256 1404 329 1441 quod
342 1404 429 1432 Graeci
442 1410 515 1441 giam
529 1403 630 1431 dicunt.

155 1440 267 1469 AEdicula
280 1443 474 1471 diminutivum
488 1442 539 1473 est,
560 1440 631 1479 quasi
644 1449 725 1477 parva
738 1441 804 1470 aedes
817 1440 888 1469 sacra
897 1461 903 1473 ‚
923 1440 988 1469 sicut
1004 1443 1031 1470 ὃς
1045 1440 1180 1470 sacellum.
1218 1442 1320 1470 Festus:
1341 1442 1437 1470 Sacella
1451 1441 1569 1471 dicuntur
1580 1443 1632 1471 loca
1641 1442 1700 1473 Diis

111 1479 208 1514 siveram
216 1478 269 1517 fine
280 1479 354 1508 tedi‘o.

154 1519 289 1546 Caeterum
298 1539 305 1550 ,
324 1526 353 1546 ut
367 1519 419 1547 hoc
432 1518 520 1547 obiter
533 1527 662 1546 moneam
671 1539 678 1550 ,
699 1528 754 1546 non
768 1518 894 1546 omnibus
908 1519 966 1546 Diis
979 1517 1134 1555 promiscue
1147 1519 1226 1547 omni
1239 1518 1302 1547 loco
1317 1519 1440 1547 aediticari
1454 1518 1556 1556 templa
1570 1518 1701 1550 solebant.

114 1554 182 1583 Aliis
196 1557 270 1584 enim
284 1557 353 1584 intra
367 1557 486 1589 Urbem,
508 1557 564 1585 aliis
578 1565 653 1586 extra
665 1566 741 1588 earn,
762 1557 819 1584 aliis
834 1558 861 1585 in
875 1556 1014 1585 montibus
1028 1578 1035 1589 ‚
1056 1557 1113 1584 aliis
1127 1558 1153 1584 in
1168 1556 1229 1585 foro
1243 1578 1250 1590 ,
1271 1557 1327 1585 aliis
1341 1557 1402 1585 alibi
1417 1578 1424 1589 ‚
1450 1558 1551 1594 templa
1567 1559 1700 1586 construe-

113 1591 218 1622 bantur.
259 1595 320 1622 Nec
333 1597 415 1624 etiam
431 1595 520 1624 forma
534 1596 659 1623 omnium
673 1602 729 1624 erat
745 1596 840 1623 eadem
854 1606 859 1623 z
881 1595 936 1623 aliis
950 1597 1024 1623 enim
1039 1596 1152 1623 rotunda
1161 1616 1168 1627 ‚
1191 1595 1247 1623 aliis
1261 1596 1334 1625 τεᾶο
1348 1595 1486 1633 perforato
1500 1596 1602 1633 templa
1614 1606 1699 1633 pone-

115 1631 219 1660 bantur.
259 1633 400 1661 Caelitibus
416 1636 441 1663 &
456 1635 554 1671 superis
568 1633 624 1661 aliis
639 1633 653 1661 {t
667 1643 737 1663 terra
752 1642 841 1662 extare
860 1633 963 1670 templa
977 1633 1103 1661 volebant
1117 1655 1123 1666 ,
1152 1633 1244 1662 inferis
1266 1635 1325 1662 Diis
1348 1634 1393 1662 sub
1415 1642 1484 1662 terra
1497 1654 1504 1666 ‚
1532 1634 1699 1663 terrestribus

117 1671 208 1698 media
222 1671 358 1707 ponebant
371 1672 470 1709 saepius.
512 1673 572 1709 Qa
586 1672 620 1699 de
632 1681 661 1699 re
670 1693 677 1705 ,
697 1673 743 1710 qui
756 1671 831 1708 plura
844 1672 931 1708 cupit,
951 1672 1024 1710 legat
1036 1670 1194 1699 Wffluvium
1209 1675 1236 1701 δε
1249 1672 1321 1701 alios.

158 1710 223 1747 Jam
237 1712 262 1737 8<
276 1709 329 1738 hoc
342 1720 398 1738 non
411 1711 446 1738 est
460 1709 562 1738 silentio
574 1711 804 1747 praetereundum,
825 1711 898 1748 quod
912 1710 1051 1745 franciscus
1067 1710 1175 1738 Polletus
1189 1710 1234 1739 lib.
1247 1723 1267 1740 1.
1282 1711 1406 1740 Historiae
1421 1710 1474 1739 fori
1489 1711 1624 1743 Romani,
1639 1720 1699 1748 cap.

117 1756 144 1784 3.
157 1754 268 1776 annotat
282 1748 383 1785 templa
398 1756 521 1777 veterum
535 1749 630 1776 nostris
644 1759 700 1777 non
713 1748 788 1776 fuisse
801 1747 937 1777 absimilia.
957 1748 1123 1776 Constabant
1138 1750 1212 1777 enim
1221 1770 1228 1782 ‚
1249 1751 1301 1782 ait,
1321 1750 1386 1779 cella
1401 1749 1548 1781 sanctiore,
1567 1758 1618 1778 nos
1632 1750 1698 1777 Cho-

113 1794 172 1812 rum
186 1795 314 1814 vocamus
329 1807 336 1818 ‚
358 1796 415 1824 quae
429 1787 494 1815 cella
507 1786 621 1814 sanctior
635 1788 649 1815 ἐι
663 1786 769 1816 Basilica
784 1790 810 1816 ὃς
824 1786 972 1824 porticibus
992 1787 1201 1824 distinguebatur
1221 1789 1316 1816 Pluteo
1338 1791 1365 1817 &
1386 1787 1457 1826 quasi
1476 1787 1562 1816 altero
1579 1794 1699 1824 pronae-2

114 1832 164 1850 nos
177 1833 233 1851 non
248 1824 319 1853 male
332 1824 463 1861 Pulpitum
478 1835 606 1854 vocamus
620 1845 628 1856 ‚
656 1826 729 1864 quod
744 1827 772 1855 in
788 1835 896 1853 morem
910 1825 1008 1862 pulpiti
1021 1846 1028 1857 ‚
1049 1833 1094 1852 aut
1109 1825 1218 1854 tabulati
1233 1827 1354 1855 ercitum
1369 1826 1400 1854 fit
1412 1838 1420 1858 5
1440 1826 1550 1863 quidam
1565 1835 1598 1854 ex
1612 1826 1696 1863 vulgo

113 1861 241 1901 Threnum
254 1871 366 1896 vocant,
386 1864 500 1893 fortaffis
513 1864 586 1902 quod
599 1863 653 1892 illic
667 1864 755 1892 threni
769 1865 895 1904 Jeremiae
910 1863 1047 1901 Prophetae
1060 1864 1206 1892 recitentur
1218 1886 1226 1897 ‚
1254 1867 1281 1894 ὃς
1293 1864 1350 1892 aliae
1364 1865 1492 1892 Homiliae
1505 1862 1581 1891 sacrae
1595 1875 1600 1891 :
1622 1862 1697 1900 Bafi·

112 1898 161 1925 ltca
175 1909 252 1933 vero,
272 1911 354 1940 quam
368 1913 417 1931 nos
431 1906 552 1932 Navem,
571 1910 617 1931 aut
631 1902 754 1930 Carinum
767 1912 911 1934 vocamus,
931 1901 1176 1934 deambulationes,
1198 1912 1256 1940 quae
1268 1904 1394 1939 utrinque
1408 1902 1482 1934 sunt,
1504 1903 1619 1930 omnino
1632 1909 1696 1938 por-

115 1937 182 1964 ticus
196 1938 255 1966 sunt
266 1948 387 1969 veterum
396 1963 403 1974 ‚
424 1951 481 1979 quae
495 1940 554 1969 sunt
567 1940 651 1969 veluti
664 1941 717 1969 fori
729 1942 756 1969 in
771 1942 875 1970 Carina.
914 1940 988 1967 Cella
1001 1940 1116 1968 sanffior
1129 1940 1190 1968 solis
1204 1942 1280 1969 rebus
1294 1940 1370 1968 lactis
1383 1940 1561 1968 destinabatur
1575 1951 1581 1967 ι
1602 1939 1694 1979 afili-

114 1982 144 2000 ια
159 1984 223 2003 vero
239 1979 265 2005 ὃ(
277 1981 395 2015 porticus
409 1983 435 2009 ὃς
450 1980 571 2017 pronaon
585 1979 641 2007 fere
655 1980 740 2007 usibus
754 1980 872 2017 profanis
885 1979 1094 2016 exponebantur.
1136 1979 1194 2007 Illic
1207 1982 1280 2008 enim
1303 1982 1329 2007 ἃ
1344 1980 1468 2007 nundina:
1482 1980 1614 2006 mercium
1628 1999 1636 2010 ,
1664 1981 1691 2008 ὅτ.

115 2015 286 2048 proxenetica
296 2019 482 2046 contractuum
493 2039 500 2051 ,
519 2017 626 2055 prologi
639 2020 807 2054 nuptiarum,
829 2018 962 2055 colloquia
976 2016 1186 2045 transaffionum
1202 2039 1208 2049 ‚
1230 2026 1258 2045 ut
1274 2017 1353 2044 hodie
1368 2018 1437 2054 apud
1451 2027 1499 2045 nos
1514 2038 1521 2048 ,
1541 2018 1623 2044 nimis
1637 2017 1691 2044 im-

118 2051 162 2086 pie
175 2054 369 2085 exercebantur.
396 2057 530 2085 Hactenus
546 2056 670 2084 Polletus.
696 2056 802 2084 Publius
813 2058 895 2084 etiarn
914 2055 1012 2087 tristor,
1031 2065 1093 2082 cum
1109 2056 1145 2082 ait
1159 2057 1186 2083 in
1200 2055 1290 2083 libello
1304 2055 1336 2082 de
1350 2065 1411 2083 xiv.
1432 2056 1513 2083 Urbis
1527 2055 1691 2093 regionibus,

115 2096 178 2117 ante
191 2090 285 2119 cellam
298 2095 334 2121 est
344 2095 528 2133 prodromon,
548 2096 606 2131 post
620 2095 755 2130 templum
773 2095 974 2131 opistodomon.
990 2093 1123 2130 templum
1139 2094 1166 2121 in
1181 2102 1235 2122 tres
1254 2102 1342 2131 partes
1362 2094 1459 2121 dividit
1471 2115 1479 2126 ,
1503 2095 1690 2131 mediamque,

114 2126 159 2154 ubi
176 2130 212 2156 est
226 2130 278 2158 Dei
291 2131 369 2164 cella,
390 2143 470 2170 quam
483 2134 564 2161 hodie
576 2137 599 2159 C
599 2133 685 2160 horum
698 2134 926 2165 dicimus,vocat:
947 2141 1004 2170 quae
1013 2132 1147 2159 antecedit
1163 2138 1293 2166 ωρρδιμομ,
1309 2141 1366 2169 quae
1374 2131 1503 2169 sequitur,
1526 2137 1692 2170 ὀπισθόδομον.

114 2166 245 2195 Turnebus
258 2169 460 2204 Adverfizriorum
473 2171 520 2199 lib.
531 2181 637 2209 22.cap.
649 2182 688 2208 17.

153 2210 208 2232 Aru
218 2208 403 2237 nomenhabet
410 2210 452 2238 vel
460 2210 491 2238 ab
498 2211 631 2242 ardendo,
651 2210 723 2247 quod
732 2211 759 2238 in
767 2220 796 2238 ea
810 2210 928 2237 victima:
942 2207 1052 2236 incensx
1067 2208 1190 2240 ardeant,
1212 2207 1253 2234 vel
1268 2207 1281 2235 a
1296 2207 1468 2236 similitudine
1481 2218 1602 2237 arearum
1617 2211 1688 2247 quod

114 2243 271 2273 sicutillaein
279 2246 345 2273 urbe
356 2255 426 2283 purae
440 2247 513 2280 sunt,
533 2250 570 2276 ita
584 2251 610 2277 ὃς
626 2258 682 2276 aras
697 2249 786 2276 Deum
802 2258 877 2284 puras
892 2247 943 2275 este
956 2254 1076 2285 oportet:
1098 2247 1139 2274 vel
1153 2246 1185 2274 ab
1201 2247 1437 2283 imprecationibus
1453 2258 1515 2285 quas
1530 2249 1617 2275 Grseci
1631 2254 1689 2284 jede

112 2291 220 2311 vocant.
239 2287 315 2310 Virro
323 2285 391 2321 apud
400 2286 569 2314 Macrobium
591 2285 654 2321 [lib.
672 2297 695 2321 3.
706 2291 810 2313 Sarum.
826 2297 876 2321 cap.
895 2287 939 2321 2.]
962 2294 1013 2316 ait,
1035 2290 1099 2312 Aras
1113 2285 1234 2322 primum
1250 2286 1327 2320 Alfi&
1341 2287 1424 2312 dictas
1439 2287 1510 2323 quod
1524 2286 1586 2313 eistt
1601 2286 1688 2313 neces-

114 2319 211 2348 sarium
227 2330 267 2348 eas
281 2321 295 2349 it
309 2323 513 2351 sacrificantibus
526 2325 620 2352 teneri.
662 2321 801 2352 Recitatur
821 2325 835 2351 a
849 2325 969 2362 Georgio
991 2322 1110 2351 Fabricio
1132 2322 1193 2358 [lib.
1213 2333 1236 2349 i.
1257 2324 1481 2362 Amiqmt.1tum.]
1505 2324 1545 2351 lex
1562 2324 1689 2352 dedicatae

112 2368 177 2391 arce,
197 2361 267 2388 unde
282 2360 407 2398 cognosci
422 2362 522 2398 potest,
543 2364 661 2399 quatere
675 2363 820 2391 verborum
836 2362 924 2389 foi-nm
943 2363 970 2389 in
984 2361 1135 2390 dedicandis
1155 2361 1264 2398 templis
1279 2383 1287 2394 ,
1314 2363 1391 2391 iaci-is
1410 2361 1508 2391 adibus
1521 2383 1529 2394 ‚
1551 2363 1614 2394 πίε,
1636 2365 1688 2391 &c-

111 2405 216 2435 yeteres
230 2399 266 2426 ufi
282 2398 395 2433 suerint,
416 2409 497 2439 quam
511 2400 614 2429 idcirco
628 2401 689 2430 huic
703 2402 784 2438 capiti
797 2399 911 2429 inserere
927 2399 1006 2429 volui.
1044 2400 1089 2467 11⁷:st
1103 2409 1194 2430 autem
1207 2399 1274 2429 talis.
1569 2438 1594 2466 C
1620 2439 1647 2466 D
1656 2439 1680 2466 O

1089 2448 1103 2467 2
1597 2459 1602 2466 ·
1682 2452 1695 2473 2
