2075 2734
394 116 450 144 540
684 96 1704 133 Auriqulrn'rumRomnuAnvML1⁸.V11.

395 163 427 182 οο
442 155 523 182 etiam
537 160 667 183 numero,
688 160 742 188 quo
756 159 818 176 eum
834 148 950 184 majores
963 147 1045 175 nostri
1059 148 1109 175 effi:
1122 146 1277 179 voluerunt,
1298 147 1342 184 qui
1355 146 1407 174 hoc
1420 156 1474 174 non
1489 147 1514 173 in
1530 146 1652 174 beneficii
1665 147 1741 180 loco,
1760 148 1803 178 sed
1817 150 1843 179 in
1858 150 1953 182 laboris
1971 177 1975 182 ,

393 201 438 220 aut
454 191 571 219 muneris
584 199 639 218 non
652 197 755 217 temere
769 187 814 214 nisi
828 187 929 215 libertis
941 185 991 214 suis
1002 186 1157 213 deferebant
1167 206 1173 216 ‚
1196 185 1290 222 quibus
1304 185 1339 212 illi
1356 186 1467 222 quidem
1481 194 1536 212 non
1552 185 1639 212 multo
1653 185 1724 214 secus
1735 207 1741 217 ‚
1761 196 1791 215 ac
1800 188 1869 218 'servi
1882 175 1968 229 impe:

394 230 502 258 rabant:
521 228 591 256 unde
604 229 636 255 ad
652 228 769 263 Appium
783 235 846 252 cum
857 224 961 256 scribit,
983 223 1152 259 Pausaniam,
1171 223 1278 250 Lentuli
1290 222 1418 254 libertum,
1439 224 1562 256 accensam
1576 222 1652 250 suum
1668 230 1755 252 vocat.

435 271 581 302 Interpretes
608 265 733 296 fuerunt,
761 273 828 301 quos
852 264 922 291 inter
946 269 1047 290 exteras
1065 268 1175 299 gentes,
1201 261 1233 288 ad
1252 268 1424 289 externorum
1444 261 1607 297 populorum
1627 262 1778 289 orationem
1798 265 1970 303 interpretan.

396 307 459 335 dam
480 306 673 333 adhibuerunt:
699 312 766 340 quos
783 312 815 329 ex
834 300 1001 336 apparitorum
1021 303 1048 329 &
1069 299 1253 328 libertinorum
1273 308 1374 326 numero
1394 299 1469 327 fuiffe
1481 319 1489 330 ,
1516 298 1639 326 Cnerom's
1657 299 1736 327 verba
1749 321 1758 332 ‚
1783 310 1841 338 quae
1859 306 1970 341 sequun-

399 350 443 372 tur
455 365 461 375 ‚
483 344 638 371 ostendunt:
659 342 780 368 Primum
800 340 832 367 ad
853 339 1019 369 Thermum,
1039 338 1140 376 inquit,
1159 337 1185 365 se
1204 347 1254 374 pro
1274 337 1345 364 Coss.
1364 337 1391 364 in
1411 337 1496 364 Sicilia
1508 358 1515 368 ,
1536 338 1563 364 in
1583 336 1663 375 longa
1679 339 1843 374 apparitione
1861 341 1975 379 singula-⁷

398 391 458 409 rem
470 402 477 413 ‚
504 384 529 409 δε
548 388 632 417 prope
651 378 836 406 incredibilem
855 375 997 411 interpretis
1009 375 1046 403 sui
1060 374 1174 403 Marcilii
1187 375 1270 403 fidem
1283 374 1445 411 cognovisse,
1483 374 1587 403 Deinde
1599 377 1627 403 in
1641 375 1794 403 Corneliana
1804 388 1813 403 .·
1841 380 1873 408 C,
1885 380 1971 407 Publi-

397 421 470 448 cium
490 419 669 446 Menandrum
678 438 684 448 ‚
706 417 861 445 libertinum
873 415 1015 443 hominem
1027 415 1096 451 apud
1109 414 1225 450 majores
1238 413 1339 450 legatos
1352 413 1379 440 in
1393 413 1523 440 Graeciam
1536 413 1750 449 proficiscentes,
1769 414 1927 450 interpretem
1934 418 1976 446 se-

133 475 175 506 Α
398 467 461 486 cum
480 456 576 484 habere
589 454 707 483 voluisse.
1270 487 1274 491 ⁴
1375 486 1379 490 ⁴

0 488 136 536 &⁷2ss
143 498 373 542 ffiyffljusffgzj
440 499 579 521 Praconum
597 494 625 520 in
645 494 753 521 civitate
771 493 827 527 ustas
846 491 896 519 fuit
916 491 1020 521 varius,
1039 501 1070 520 ac
1088 489 1220 525 multiplex
1233 500 1241 515 .-
1265 499 1292 515 m
1311 487 1463 515 anffiombus
1475 508 1482 520 ‚
1507 494 1538 515 ut
1556 489 1588 516 ad
1609 488 1709 517 hastam
1728 489 1842 523 starent,
1868 494 1895 521 δε
1912 502 1972 530 pre.

90 528 99 546 *
398 533 435 560 tia
462 532 549 560 oblata
574 532 744 559 nuntiarent:
771 533 799 557 in
824 527 993 562 concionibus,
1021 537 1051 558 ut
1073 529 1235 557 audientiam
1255 526 1395 554 facerent:
1424 525 1451 553 in
1469 525 1575 553 comitiis
1593 528 1814 564 magistratuum,
1840 537 1870 558 ut
1888 532 1971 560 tribus

399 572 432 599 ad
452 570 574 607 suffragia
594 569 708 597 ineunda
726 569 852 599 citarent,
873 570 899 596 δε
918 576 978 599 εοε,
999 568 1044 605 qui
1063 567 1189 604 designati
1209 573 1298 596 erant,
1319 564 1519 592 renuntiarent:
1537 563 1566 591 in
1582 563 1675 601 legibus
1688 565 1819 601 serendis,
1844 575 1874 595 ut
1893 568 1973 607 subji.

399 610 487 637 ciente
498 607 580 643 scrtba
598 607 669 645 leges
686 607 787 643 populo
805 606 962 634 recitarent:
982 605 1010 633 in
1021 605 1124 641 judiciis
1144 607 1171 634 ὃς
1191 603 1374 641 quaestionibus
1386 622 1394 633 ,
1415 610 1444 630 ut
1461 602 1563 637 judices
1575 621 1582 633 ,
1602 612 1660 630 reos
1671 623 1678 634 ‚
1698 605 1725 632 δε
1743 605 1904 634 accusatores
1917 628 1924 639 ‚
1945 610 1974 636 ὃς

400 647 478 675 testes
498 648 626 674 citarent:
647 645 719 681 quod
732 645 874 681 unicuique
885 642 995 679 planum
1009 643 1060 671 effe
1074 643 1172 679 potest,
1193 642 1237 678 qui
1250 650 1305 668 non
1319 640 1430 679 cursim,
1448 639 1492 667 sed
1504 646 1606 668 attente
1618 642 1788 677 antiquorum
1804 642 1899 680 scripta
1913 654 1972 681 per-

401 685 505 722 legerit.
541 684 652 711 Liberos
666 690 756 711 autem
770 682 845 709 fuisse
851 689 969 715 praecones
981 702 989 713 ,
1013 681 1139 717 exemplo
1151 680 1182 708 fit
1196 681 1255 706 Sex.
1269 679 1314 706 ille
1326 681 1428 711 Nemus
1437 698 1445 710 ,
1465 678 1498 705 de
1511 686 1565 715 quo
1578 677 1661 705 Cicero
1674 688 1724 716 pro
1736 679 1878 716 Qnffio.
1910 682 1974 711 Hi&

403 721 560 750 Consulibus
575 731 606 750 ex
621 721 722 748 civibus
737 720 869 747 Romanis
883 719 1050 756 legebantur,
1071 727 1219 755 eorumque
1233 717 1324 744 multae
1339 724 1414 744 erant
1426 716 1548 744 decuriae.

441 761 552 788 Liflores
570 760 695 787 dicuntur
709 780 717 791 ‚
743 759 780 785 ait
799 756 883 795 Festus
896 777 903 788 ‚
930 758 1001 794 quod
1022 756 1101 785 fasces
1119 758 1255 793 virgarum
1275 755 1370 791 ligatos
1390 754 1479 781 ferunt
1491 774 1498 785 ‚
1523 753 1551 780 hi
1569 758 1690 789 parentes
1708 754 1910 792 megisiratibus,
1929 760 1974 789 de.

401 798 581 836 linquentibus
599 796 687 834 plagas
705 797 848 833 ingerunt:
873 792 917 831 Usi
928 797 990 828 jum·
1008 793 1136 822 [moribus
1155 792 1286 826 Consuler,
1306 796 1436 823 Praetores,
1456 794 1604 828 Immregm,
1625 794 1652 820 ἓξ
1670 791 1832 823 Dianam,
1850 797 1876 824 ὃς
1895 796 1914 823 fi
1932 798 1978 834 qui

401 837 445 865 alii
465 837 629 873 magistratus
648 844 702 861 non
721 833 878 871 potestatem
900 832 985 860 lolam
1005 832 1151 861 habuerunt
1163 853 1170 863 ‚
1193 830 1238 858 sed
1247 831 1339 858 -etiam
1359 830 1514 865 imperium.
1558 827 1694 856 Viaeoribus
1713 831 1747 861 ii,
1768 840 1883 868 quorum
1901 843 1978 871 pote-

401 876 451 902 stas
471 876 558 909 potius
577 881 658 909 quam
679 871 823 908 imperium
850 871 946 898 extitit.
987 871 1089 898 Eorum
1115 879 1212 897 munus
1231 876 1304 898 erat,
1332 874 1361 894 ut
1384 866 1514 903 populum
1534 867 1738 895 summoverent
1751 889 1758 900 ,
1783 868 1870 899 sontes
1895 873 1976 910 virgis

403 912 534 940 caederent
546 932 552 943 ,
575 912 601 938 δε
621 910 703 937 securi
723 909 833 937 ferirent
846 928 853 938 ‚
873 917 929 943 quae
949 917 982 935 ex
1000 907 1073 934 Livio
1092 917 1119 934 m
1135 909 1182 935 ‚itis
1202 906 1267 934 locis
1287 905 1424 932 eliciuntur
1437 925 1445 936 ‚
1467 905 1513 941 qui
1531 914 1576 932 eos
1596 906 1678 933 etiam
1696 906 1789 934 alicubi
1806 907 1892 935 aditus
1901 910 1987 944 fhm..

403 957 508 977 motores
530 955 618 976 vocat.
657 950 715 975 Hos
740 948 767 974 in
786 945 862 982 plebe
883 947 1007 972 Romana
1027 945 1119 976 fuisse,
1145 945 1219 972 idem
1239 943 1372 973 ostendit,
1398 942 1467 978 apud
1486 942 1568 978 quem
1587 942 1679 979 aliquis
1697 953 1729 971 ex
1748 943 1824 981 plebe
1844 948 1977 982 queritur,

403 994 517 1024 quatuor
537 989 563 1015 &
583 986 679 1023 viginti
696 984 792 1011 (mores
809 991 934 1018 apparere
954 982 1123 1013 Consulibus,
1145 984 1171 1010 δε
1191 991 1236 1008 eos
1255 980 1323 1016 ipsos
1342 980 1424 1016 plebis
1439 979 1580 1007 homines:
1603 982 1703 1008 Punico
1721 990 1812 1009 autem
1831 978 1901 1011 bello
1914 995 1978 1013 con-

404 1025 491 1056 fectO,
512 1025 556 1061 qui
575 1021 757 1061 magistrattbus
776 1023 802 1048 in
823 1019 959 1055 provincia
978 1026 1148 1055 apparerent,
1169 1028 1213 1046 eos
1233 1018 1288 1044 fere
1310 1017 1426 1043 Bruttios
1444 1017 1532 1049 fuisse,
1551 1018 1622 1045 unde
1640 1018 1787 1046 Bruttianos
1806 1020 1906 1054 dictos,
1926 1030 1980 1051 tra-

404 1064 444 1090 dit
466 1062 588 1099 Agellms.
628 1061 745 1089 Plurima
763 1060 796 1087 de
813 1056 938 1086 lidio-ibus
951 1058 1058 1095 collegit
1070 1057 1254 1085 observatione
1266 1055 1418 1092 dignissima
1425 1053 1519 1092 Justus
1529 1054 1624 1092 Lspfius
1634 1055 1704 1083 libro
1715 1057 1806 1092 primo
1814 1059 1978 1095 Ele6harum,

404 1110 434 1129 ca
455 1110 489 1127 .2
512 1121 518 1128 .

435 1110 555 1166 PViaiores
580 1137 743 1176 appellantur
756 1157 762 1167 ‚
789 1136 876 1172 inquit
901 1133 984 1170 Festus
997 1155 1005 1167 ,
1030 1135 1076 1172 qui
1102 1132 1295 1171 magistratibus
1313 1138 1440 1168 apparent
1453 1152 1460 1164 ‚
1485 1141 1518 1159 eo
1537 1130 1598 1169 quia
1617 1132 1694 1160 initio
1713 1134 1839 1162 omnium
1859 1136 1980 1166 tribuum

405 1187 469 1205 cum
491 1177 547 1214 agri
565 1178 593 1204 in
612 1177 764 1213 propinquo
783 1180 858 1201 erant
877 1172 974 1204 Urbis,
995 1181 1074 1209 atque
1092 1173 1188 1199 assidue
1207 1171 1329 1198 homines
1349 1169 1555 1202 rusticabantur,
1576 1169 1693 1197 crebrior
1711 1179 1792 1207 opera
1812 1182 1906 1201 eorum
1925 1183 1980 1205 erat

405 1217 434 1243 in
454 1216 495 1242 via
508 1235 515 1246 ,
541 1224 621 1251 quam
642 1213 736 1240 Urbe:
763 1211 835 1249 quod
856 1220 887 1238 ex
906 1212 974 1248 agris
993 1209 1151 1247 plerumque
1169 1209 1293 1236 homines
1310 1207 1473 1235 vocabantur
1491 1207 1506 1234 ὲ
1522 1206 1709 1243 nzagjslratibus
1722 1229 1729 1239 ,
1749 1211 1776 1237 &
1793 1209 1916 1247 frequens
1935 1222 1982 1241 eo.

407 1263 469 1280 rum
489 1259 545 1280 erat
565 1252 597 1279 ab
616 1253 685 1288 agris
704 1250 736 1277 ad
756 1249 859 1277 Urbem
880 1249 937 1276 via:
957 1257 1020 1276 cum
1042 1257 1095 1285 quo
1114 1248 1197 1274 etiam
1217 1245 1355 1273 Columella
1374 1247 1400 1274 ὃς
1421 1246 1522 1276 Cicero,
1542 1245 1616 1280 cujus
1634 1244 1690 1273 haec
1708 1244 1768 1273 sunt
1787 1248 1881 1275 verba:
1902 1251 1923 1276 E
1937 1251 1982 1279 via.

406 1291 439 1318 ad
463 1289 582 1318 senatum
602 1288 801 1317 accersebantur
819 1285 913 1314 Curius
924 1307 931 1318 ‚
958 1288 984 1314 &
1005 1286 1092 1313 caeteri
1110 1285 1182 1312 senes
1193 1305 1201 1316 ,
1227 1293 1259 1312 ex
1279 1293 1334 1320 quo
1346 1303 1354 1315 ‚
1380 1284 1426 1320 qui
1444 1292 1490 1310 eos
1509 1281 1676 1311 accersebant
1688 1303 1708 1314 ‚‚
1722 1283 1831 1312 viatores
1849 1288 1984 1316 nominati

404 1329 473 1357 sunt.
513 1328 551 1356 Hi
570 1327 612 1355 alii
632 1334 706 1355 erant
725 1326 739 1353 a
757 1324 882 1353 lic't'orsbus
897 1346 903 1354 ,
929 1324 947 1351 fi
966 1325 1102 1360 antiquam
1124 1332 1302 1359 utrorumque
1320 1321 1453 1358 originem
1479 1320 1658 1356 respiciamus.
1698 1321 1797 1358 Va4gius
1816 1330 1909 1352 tamen
1927 1325 1982 1353 eos.

406 1367 471 1395 dem
495 1365 551 1394 fere
573 1373 679 1393 viatores
706 1373 768 1392 cum
793 1361 918 1389 lidioribus
937 1362 1114 1392 existimavit,
1142 1369 1171 1389 ut
1190 1361 1225 1387 est
1245 1360 1312 1397 apud
1337 1359 1474 1396 Agellium.
1514 1359 1651 1386 Listorem
1670 1359 1743 1386 enim
1763 1360 1829 1388 dicit
1847 1361 1861 1389 a
1883 1362 1984 1400 ltgimdo

405 1403 566 1442 appellatum
587 1403 658 1434 effe,
686 1402 763 1439 quod
780 1410 841 1428 cum
862 1400 1027 1436 magistratus
1045 1397 1138 1435 populi
1164 1399 1283 1425 Romani
1303 1398 1383 1433 virgis
1403 1397 1558 1433 quempiam
1579 1396 1711 1424 verberari
1733 1397 1881 1432 juffiffent,
1908 1410 1985 1429 crura

407 1444 484 1479 ejus,
506 1444 533 1470 &
553 1451 647 1469 manus
666 1440 761 1476 ligari,
781 1439 928 1474 vincirique
948 1436 961 1464 ὲ
979 1436 1078 1464 viatore
1098 1435 1174 1464 solita
1193 1435 1243 1463 fint
1256 1457 1264 1468 ,
1284 1435 1357 1471 isque
1377 1436 1422 1471 qui
1442 1444 1474 1462 ex
1495 1433 1609 1471 collegio
1628 1442 1754 1461 matorum
1773 1435 1879 1470 officiam
1898 1438 1982 1475 ligan-

406 1482 434 1509 di
454 1480 575 1510 haberet,
594 1478 666 1505 lic'ior
684 1478 716 1505 Iit
734 1476 892 1512 appellatus,
912 1475 1048 1512 utiturque
1067 1475 1099 1502 ad
1119 1483 1178 1501 eam
1197 1482 1257 1500 rem
1275 1472 1430 1501 testimonio
1450 1476 1489 1499 M.
1504 1471 1589 1499 Tudri.
1616 1469 1758 1498 Viatoribus
1769 1472 1905 1501 utebantur
1917 1479 1984 1502 Con-

400 1518 468 1553 ficles
488 1516 600 1543 vocandi
621 1518 647 1543 &
667 1515 806 1542 nuntiandi
825 1523 872 1541 cau
885 1514 906 1540 a.
947 1513 1116 1548 Eorumque,
1136 1511 1201 1538 sicut
1220 1511 1302 1538 etiam
1321 1518 1474 1545 praeconurn
1486 1530 1493 1541 ,
1513 1509 1625 1536 decuriae
1643 1516 1735 1540 erant}
1754 1518 1811 1545 quae
1828 1510 1842 1538 a
1861 1512 1983 1541 Consuli-

408 1556 457 1584 bus
479 1553 647 1590 legebantur,
669 1555 696 1580 ὃ(
710 1552 835 1578 mercede
848 1549 1044 1581 afficiebantur,
1065 1551 1104 1577 uti
1118 1549 1188 1577 testis
1202 1549 1238 1576 est
1252 1551 1359 1584 antiqua
1372 1546 1472 1578 tabula,
1492 1555 1572 1583 quam
1588 1545 1667 1574 habet
1683 1547 1788 1573 Carolus
1801 1548 1930 1584 Sigonius,
1949 1560 1984 1578 ex

409 1594 485 1630 cujus
505 1592 587 1618 etiam
609 1589 768 1619 doctissimis
785 1589 818 1616 de
838 1589 948 1625 antiquo
965 1588 1024 1623 jure
1043 1588 1144 1615 civium
1165 1588 1355 1614 Romanorum
1379 1585 1579 1612 commentariis
1592 1584 1647 1611 haec
1660 1584 1694 1611 de
1707 1584 1832 1611 ministris
1845 1587 1984 1623 magistra.

408 1639 487 1660 tuum
502 1630 595 1656 omnia
607 1627 823 1663 transcripsimus.

450 1669 532 1695 Erant
550 1668 633 1694 etiam
646 1665 715 1700 servi
728 1663 835 1699 publici.
854 1673 971 1700 quorum
987 1664 1135 1691 ministerio
1148 1662 1314 1698 magistratus
1327 1660 1383 1688 fere
1397 1669 1492 1688 omnes
1506 1659 1663 1692 utebantur,
1683 1659 1716 1687 de
1728 1659 1822 1698 quibus
1836 1662 1931 1698 passim
1943 1663 1983 1692 lo·

409 1714 527 1744 quuntur
545 1704 666 1732 historice.
705 1704 757 1730 Eos
771 1703 833 1730 alios
847 1701 921 1730 fuisse
935 1702 948 1729 a
959 1701 1085 1729 [moribus
1097 1702 1211 1729 ostendit
1227 1708 1301 1727 vetus
1308 1697 1544 1733 senatuftonfizlmm
1555 1716 1564 1727 ,
1583 1698 1655 1735 quod
1668 1699 1777 1734 ponitur
1792 1698 1805 1726 ὲ
1821 1701 1937 1729 Frontino
1953 1702 1983 1730 li.

410 1746 461 1773 bro
481 1745 514 1771 de
532 1752 606 1780 aquae
624 1741 759 1769 ductibus:
782 1740 887 1768 Placere
906 1740 1019 1772 stnami,
1040 1749 1099 1772 eos,
1119 1740 1164 1776 qui
1178 1739 1250 1776 aquis
1262 1736 1372 1773 publicis
1384 1736 1535 1774 praeeffent,
1555 1745 1617 1763 cum
1634 1736 1689 1772 ejus
1704 1737 1742 1764 rei
1755 1736 1830 1764 causti
1843 1746 1918 1766 extra
1930 1742 1982 1767 Ur-

410 1784 474 1812 bem
494 1781 590 1813 essent,
609 1779 705 1807 licvores
723 1779 801 1806 binos
821 1781 848 1807 &
869 1778 957 1806 servos
971 1778 1090 1814 publicos
1103 1785 1205 1809 ternos,
1225 1773 1370 1802 architem:
1381 1774 1509 1811 fingulos.
1530 1772 1668 1807 &firibas‚
1689 1775 1715 1801 δί
1727 1773 1859 1805 libraruos,
1878 1778 1984 1811 accensos

408 1821 572 1857 proconefipce
592 1818 708 1847 totidem
726 1816 837 1848 habere,
857 1825 923 1854 quot
936 1816 1033 1844 habent
1047 1816 1065 1843 ii
1079 1824 1126 1851 per
1139 1824 1205 1852 quos
1218 1813 1388 1841 frumentum
1400 1812 1471 1849 plebi
1483 1811 1569 1840 datur.
1608 1812 1661 1839 Sed
1673 1811 1707 1838 de
1717 1811 1756 1839 his
1771 1821 1876 1850 quoque
1890 1815 1983 1842 viden-

412 1860 459 1887 dus
473 1857 557 1895 ‚Iustus
568 1855 661 1894 Ltpfius
673 1856 699 1882 in
712 1855 756 1883 lib.
770 1856 864 1892 primo
876 1855 1045 1886 Elestorum,
1065 1862 1122 1889 cap.
1136 1863 1180 1882 22.

450 1899 526 1924 Unus
542 1895 592 1924 fuit
605 1893 722 1922 carnifex
737 1913 744 1924 ‚
766 1894 812 1930 qui
825 1902 881 1920 non
895 1894 979 1920 modo
992 1893 1055 1919 civis
1069 1901 1124 1918 non
1140 1890 1205 1923 fuit,
1225 1889 1268 1918 sed
1283 1899 1316 1917 ne
1328 1887 1498 1919 domicilium
1512 1887 1620 1924 quidem
1634 1888 1662 1915 in
1675 1886 1749 1915 Urbe
1761 1887 1866 1922 habuit,
1886 1889 1905 1917 fi
1918 1891 1983 1919 teste

411 1939 452 1961 M.
467 1934 547 1961 Tuam
567 1934 663 1960 stamus
678 1932 706 1959 in
721 1930 862 1958 Rabiriana
879 1930 921 1958 illa
935 1931 967 1958 de
980 1929 1160 1966 perduellione
1172 1931 1209 1958 ita
1222 1928 1349 1966 loquente
1362 1939 1367 1956 2
1394 1927 1444 1954 Sed
1458 1932 1609 1953 moreretur
1622 1926 1694 1962 prius
1710 1926 1875 1955 acerbissima
1893 1936 1985 1956 morte

412 1972 508 1999 millies
527 1971 650 1998 Gracchus
662 1991 671 2002 ,
700 1978 780 2007 quam
800 1970 828 1997 in
850 1969 905 2005 ejus
923 1969 1054 1997 concione
1065 1968 1179 2004 carnifi’x
1193 1967 1343 1996 consisteret
1353 1987 1361 1998 ,
1387 1974 1468 2003 quem
1484 1973 1539 1991 non
1552 1964 1637 1991 modo
1652 1963 1714 1991 foro
1727 1985 1734 1996 ‚
1759 1963 1803 1992 sed
1816 1966 1898 1993 etiam
1913 1965 1985 1994 coelo

411 2008 477 2041 hoc,
499 2019 529 2037 ac
540 2009 631 2045 spiritu
643 2008 766 2037 censoriae
780 2006 805 2034 le
825 2017 866 2039 es,
885 2016 916 2034 ac
928 2006 1008 2034 Urbis
1019 2006 1160 2034 domicilio
1171 2014 1260 2034 carere
1274 2005 1422 2033 voluerunt.
1443 2002 1487 2030 Est
1499 2008 1590 2030 autem
1604 2001 1714 2038 carnifi’x
1726 2002 1782 2030 fere
1790 2004 1824 2034 is,
1845 2012 1894 2040 per
1900 2012 1983 2041 quem

412 2048 440 2073 in
459 2056 565 2074 crucem
580 2054 707 2084 egerunt,
726 2053 757 2073 ut
768 2045 788 2072 li
815 2056 853 2075 or.
874 2054 922 2082 per
936 2054 1017 2082 quem
1030 2044 1114 2073 securi
1125 2044 1314 2083 percusserunt.
1352 2045 1418 2072 Haec
1430 2040 1583 2073 habuimus,
1605 2050 1662 2078 quae
1676 2040 1711 2069 de
1721 2039 1920 2080 magistranbus,
1938 2051 1984 2078 eo3

414 2092 526 2122 rumque
538 2084 657 2123 ministris
670 2084 827 2113 diceremus.
853 2085 1003 2120 Sequuntur
1015 2082 1087 2120 leges.
