2075 2734
443 107 507 136 ΒΕ
547 106 1350 146 Dsrscrumitirum,&c·CA1›.3j
1641 122 1699 155 717*

103 173 170 204 pro,
188 167 276 197 Iovem
294 159 405 196 lapidem
414 181 421 193 ,
439 161 474 189 de
485 170 540 198 quo
552 168 643 187 errore
657 158 719 186 vide
730 156 847 190 Iacobum
855 156 1011 192 leopardum
1019 156 1088 185 libro
1100 155 1175 186 sexto
1183 158 1411 188 Emendationum
1427 168 1484 198 cap.
1496 170 1537 198 15.
1558 163 1691 194 Sicetiam

105 202 208 241 Festus:
230 201 358 237 Lapidem
374 199 473 228 filicem
488 198 614 227 tenebant
625 196 738 232 juraturi
750 205 797 232 per
807 197 906 233 Jovem
921 195 976 223 haec
991 195 1084 228 vei-ba,
1096 196 1226 236 dicentes:
1245 199 1362 233 Sistiens
1368 199 1433 236 fallo
1443 208 1499 228 tum
1513 211 1553 228 me
1566 202 1693 237 Diespiter

100 242 178 279 salva
190 240 271 271 Urbe,
292 248 394 277 arceq'oe
407 237 474 264 bonis
480 236 562 272 ejiciat
575 258 583 267 ,
605 243 635 262 us
641 245 683 272 ego
698 235 761 261 hunc
774 234 892 268 lapidem.
925 234 965 261 Ex
978 243 1032 270 quo
1047 233 1110 270 Festt
1124 234 1188 262 loco
1200 240 1261 264 Car.
1275 236 1389 273 Sigoniu's
1402 239 1485 266 etiam
1501 240 1568 275 apud
1584 242 1692 270 Lwium

104 289 156 317 pro
171 300 178 309 ,
199 288 227 307 tu
241 278 288 305 illo
299 277 342 305 die
361 277 459 312 lupiter
471 297 478 305 .
500 275 572 312 quod
586 274 613 301 in
627 273 741 309 vulgatis
760 272 870 301 habetur
884 293 891 304 ‚
911 272 1043 309 reposuit,
1066 281 1125 314 tum
1141 282 1186 300 me
1200 274 1348 311 Diespiter,
1358 278 1411 304 ὃῑς.
1430 279 1520 314 Atque
1535 286 1639 308 tantum
1655 282 1690 309 de

104 319 158 346 situ
171 317 230 345 hoc.
252 318 337 353 Leges
351 311 484 343 foederum
498 323 554 341 uon
566 311 740 340 adscribimus
754 320 868 348 quarum
883 310 1006 348 exempla
1018 312 1048 339 in
1060 313 1132 339 Lumo
1147 311 1193 340 lib.
1205 315 1248 350 38.
1268 314 1366 353 Polybio
1377 314 1423 344 lib.
1433 327 1457 354 3.
1471 318 1499 346 ὃς,
1511 316 1573 345 alibi
1589 326 1691 353 extant,

106 357 178 391 unde
191 356 247 394 peti
259 354 377 393 poffunt.

156 418 167 440 ⁴
617 441 620 443 Δ
777 428 801 455 c
826 436 843 455 r
872 437 896 455 ι».
943 425 1008 456 111.

484 500 538 534 De
552 497 668 534 delefiu
686 499 841 539 militum,
869 503 916 532 (9⁴
927 495 1117 543 sacramento
1135 498 1280 534 militari.

139 589 231 617 ῃάἰέὶο
243 587 315 616 bello
324 608 332 619 ,
352 587 509 625 proximum
523 594 593 618 erat,
613 586 700 613 ducem
713 587 810 618 creari,
831 583 981 614 &militnm
991 582 1117 612 delec‘i‘um
1130 584 1229 613 haberi.
1251 587 1292 622 De
1307 586 1374 615 duee
1386 589 1464 623 paulo
1477 590 1535 625 post
1548 590 1680 620 dicemus}

157 626 209 655 hoc
224 636 288 655 vero
299 627 386 662 capite
400 626 434 653 de
447 626 560 653 delectu.
601 625 697 652 Scribit
709 624 813 652 Ser-uim·
827 625 859 652 ad
874 626 902 652 8.
915 623 1042 650 AEneidos
1058 623 1163 660 Virgilii
1177 644 1184 654 ,
1205 624 1255 651 tria
1269 624 1343 652 fuisse
1357 626 1461 654 militiae
1473 636 1571 663 genera
1581 650 1588 660 ‚
1602 630 1690 664 fixera-

103 673 230 696 mmmm,
251 665 444 700 conjurationem
459 663 500 696 <9
512 662 687 690 evocationem.
726 667 920 690 Sacramentum
934 671 1028 689 eorum
1043 681 1050 692 ‚
1071 663 1117 698 qui
1130 661 1224 697 finguli
1236 662 1359 698 jurabant
1373 673 1423 699 pro
1444 666 1579 701 republica
1598 667 1624 694 se
1638 668 1690 695 effe

102 704 233 734 sanatos,
253 714 303 731 nec
319 701 501 733 discedebant,
522 701 570 729 nisi
585 700 715 729 confectis
728 701 870 737 stipendiis*
890 698 1109 734 eonjurationem,
1131 699 1150 727 fi
1163 699 1228 727 effet
1240 700 1370 729 tumultus
1381 722 1387 732 ‚
1408 703 1434 729 id
1451 704 1501 734 est,
1520 704 1620 733 bellum
1638 706 1691 733 Ita-

101 741 184 770 licum
193 762 200 774 ‚
220 742 261 770 vel
275 742 409 770 Gallicum
418 762 425 772 ‚
446 750 500 778 quo
514 748 640 777 tempore
653 760 660 771 ,
681 741 742 778 quia
755 739 870 777 singulos
884 739 1050 775 interrogare
1063 748 1119 766 non
1133 738 1242 766 vacabat
1256 759 1264 770 ‚
1291 740 1336 776 qui
1351 739 1436 767 fuerat
1450 741 1575 770 dueturus
1588 745 1689 771 exerci-

101 787 179 812 tum,
199 780 254 808 ibat
268 781 300 808 ad
315 780 494 816 Capitolium,
517 781 543 807 ὃ(
558 778 653 806 exinde
660 778 786 814 proferens
797 779 847 805 duo
861 776 972 808 vexilla,
992 785 1077 804 unum
1090 776 1200 810 rustum,
1221 785 1275 813 quo
1290 778 1392 815 pedites
1406 779 1549 811 evocabat,
1571 781 1687 810 alterum

100 819 234 846 coeruleum
248 840 255 850 ,
275 829 329 856 quo
342 819 458 854 equites,
480 817 598 844 dicebat:
624 817 678 853 Q
692 816 748 843 vult
762 815 859 843 salvam
874 814 1069 850 rempublicam
1080 835 1088 846 ‚
1106 824 1152 841 me
1164 814 1303 852 sequatur:
1325 818 1351 844 &
1367 817 1412 854 qui
1426 819 1607 847 conveniffcnt
1622 841 1630 852 ,
1652 820 1684 847 fi-

100 856 158 884 mul
171 856 388 892 jurabant‚unde
401 855 590 883 dicebaturista
603 854 698 881 militia
709 853 852 888 conjuratio.
873 853 943 881 unde
957 852 1000 880 lib.
1009 862 1056 887 4e.
1069 853 1159 881 scribit
1166 852 1270 881 Livius:
1293 854 1554 884 Senatuiconlultum
1571 858 1685 890 factum,

100 902 131 923 ut
144 894 246 929 Confid,
267 904 332 931 quos
346 901 441 930 praeter
454 892 553 919 milites
565 891 702 929 sociosque
715 892 818 919 navales
830 892 983 927 conjuratos
999 891 1106 919 haberet
1120 912 1128 923 ‚
1148 892 1307 920 dimitteret.
1347 893 1521 921 Evae-ationem
1536 896 1668 923 vocabant
1679 915 1690 926 ,

100 942 164 961 cum
177 933 209 959 ad
222 932 322 959 diverfii
336 932 394 959 loca
406 930 501 958 diversi
515 951 522 961 ‚
543 937 653 966 propter
666 931 801 968 cogendos
818 930 994 958 mittebantur
1008 931 1145 957 exereitus.
1187 931 1355 967 Legitimum
1375 939 1467 959 tamen
1484 932 1586 961 militiae
1600 943 1685 972 genus

92 971 282 1007 fflcramentum
296 978 352 998 erat
365 991 372 1001 ,
393 970 440 1006 qui
452 968 506 997 hoc
518 977 617 1006 genere
631 969 779 996 militarent
792 989 798 999 ,
820 968 853 995 ab
867 968 925 1004 ipsis
940 968 1051 995 ducibus
1064 967 1169 996 delet-“tu
1184 968 1276 997 habito
1290 969 1539 1003 conscribebantur,
1560 971 1609 1000 hac
1619 993 1627 1003 ,
1647 973 1688 1000 uti

99 1007 214 1045 Polybius
226 1008 294 1036 libro
305 1008 379 1037 sexto
391 1007 474 1035 tradit
486 1009 601 1036 ratione:
624 1008 696 1034 Cum
710 1007 809 1042 inquit,
833 1007 952 1034 militum
967 1006 1101 1034 deiectum
1116 1006 1228 1034 habituri
1242 1006 1301 1035 fiint
1315 1028 1322 1039 ‚
1344 1008 1476 1043 Confialari
1488 1011 1592 1044 praediti
1603 1009 1687 1047 magi-

92 1046 181 1085 stratu
193 1057 201 1078 3
221 1047 367 1083 praedicunt
379 1045 484 1083 publice
498 1046 571 1073 diem
583 1066 590 1077 ,
610 1054 665 1082 quo
678 1045 763 1073 adesse
777 1052 899 1080 oporteat
912 1046 1050 1072 Romanos
1065 1066 1071 1075 ,
1092 1054 1139 1080 per
1152 1052 1257 1073 aetatem
1276 1046 1309 1072 ad
1324 1055 1399 1073 arma
1411 1047 1523 1075 idoneos
1536 1069 1542 1079 ‚
1564 1056 1643 1085 atque
1655 1048 1684 1076 id

99 1086 205 1122 lingulis
218 1086 291 1113 annis
305 1085 415 1112 faciunt.
455 1083 509 1111 Ubi
525 1093 590 1111 vero
604 1084 713 1111 advenit
726 1083 882 1119 praestitutus
896 1082 963 1111 dies,
985 1083 1124 1120 omnibus,
1146 1084 1191 1119 qui
1205 1083 1307 1111 militiae
1320 1083 1418 1111 habiles
1432 1084 1492 1114 sunt
1507 1107 1512 1117 ‚
1534 1086 1560 1113 in
1576 1086 1686 1113 Urbem

99 1123 259 1153 coeuntibus
271 1144 278 1155 ‚
299 1132 378 1160 atque
399 1122 426 1149 in
446 1122 600 1157 Capitolium
614 1122 782 1159 congregatis
794 1141 801 1153 ‚
822 1122 944 1148 dividunt
965 1119 989 1148 se
1004 1121 1049 1157 ipsi
1063 1121 1182 1156 juniores
1200 1120 1297 1148 tribuni
1319 1120 1456 1158 (quorum
1478 1125 1683 1160 quatuordecim

100 1163 195 1196 erant)
216 1162 281 1190 ficut
295 1161 406 1199 populus
420 1162 608 1195 Imperatoresve
618 1161 779 1187 instituerint
793 1181 799 1189 ‚
820 1160 848 1186 in
864 1167 977 1196 quatuor
993 1167 1077 1194 partes
1090 1170 1094 1186 :
1116 1160 1243 1196 quoniam
1259 1160 1286 1187 in
1303 1169 1416 1197 quatuor
1428 1161 1475 1197 ipii
1489 1162 1608 1199 legiones
1625 1163 1684 1190 uni-

86 1194 200 1230 'v'erssm
215 1222 220 1231 ‚
240 1201 413 1237 primamque
427 1200 602 1235 partitionem
615 1199 753 1234 copiarum
770 1197 935 1224 distribuunt.
976 1199 1065 1233 Atque
1079 1198 1096 1224 ii
1111 1217 1118 1228 ‚
1148 1199 1193 1234 qui
1206 1199 1289 1234 primi
1303 1206 1416 1235 quatuor
1433 1199 1509 1227 eleffi
1524 1200 1584 1228 sunt
1595 1200 1682 1234 prim-z

96 1237 187 1276 legioni
201 1239 362 1275 assignantur
374 1245 440 1268 tres,
463 1238 508 1273 qui
522 1236 764 1272 deincepsficandae
775 1235 874 1272 legioni
895 1234 1064 1263 tribuuntur:
1085 1243 1199 1272 quatuor
1212 1235 1398 1273 subsequentes
1411 1258 1418 1269 ‚
1437 1237 1532 1264 tertia.-
1553 1246 1606 1266 tres
1620 1239 1685 1267 ulti-

99 1278 140 1304 mi
157 1277 185 1304 in
198 1285 320 1315 quartam
331 1275 532 1304 transferuntur.
561 1276 598 1302 Ex
613 1274 826 1310 proveetioribus
839 1283 904 1302 vcro
924 1274 935 1307 <
943 1282 1058 1308 quorum
1073 1281 1147 1301 erant
1161 1283 1276 1301 numero
1289 1275 1405 1310 decem)
1424 1276 1492 1304 duos
1504 1275 1564 1304 sane
1576 1277 1682 1312 primos

98 1315 194 1351 primae
206 1314 328 1343 tribuunt
339 1313 438 1351 legioni
452 1322 459 1339 =
480 1313 543 1340 treis
557 1313 685 1340 secundos
699 1312 818 1340 secundae
833 1322 840 1339 ε
861 1312 926 1339 duos
940 1310 1125 1348 subsequentes
1137 1332 1145 1342 ‚
1167 1313 1253 1340 tertiae
1268 1322 1274 1339 ε
1294 1314 1356 1340 treis
1369 1313 1492 1342 ultimos.
1514 1322 1629 1351 quanae,
1649 1325 1684 1344 ex

98 1352 312 1390 provectioribus
326 1353 446 1389 inquam.
487 1352 559 1378 Cum
574 1352 601 1378 in
608 1351 679 1378 hunc
693 1351 807 1378 modum
821 1348 918 1377 tribuni
930 1348 1055 1383 ordinati,
1076 1350 1266 1387 constitutique
1279 1350 1392 1381 fuerint,
1414 1359 1444 1380 ut
1457 1361 1553 1380 omnes
1564 1351 1686 1390 legiones

99 1390 210 1428 aequales
223 1391 357 1427 principes
372 1389 484 1417 habeant
498 1400 504 1416 t
525 1390 583 1426 post
596 1389 651 1417 haec
669 1387 785 1416 scorium
801 1387 927 1424 cujusque
948 1387 1061 1424 legionis
1075 1387 1171 1414 trtlnmt'
1190 1387 1311 1416 sedentes
1325 1409 1332 1420 ,
1353 1388 1436 1417 tribus
1455 1389 1589 1427 figillatim
1604 1392 1632 1419 in
1647 1392 1685 1419 le·

97 1430 192 1467 giones
205 1429 351 1457 sortiuntur
364 1449 371 1459 ,
391 1428 577 1465 advocantque
589 1448 596 1461 ‚
617 1436 698 1464 quam
718 1428 772 1454 ibrs
787 1427 884 1454 assidue
903 1426 1017 1461 praerulit
1031 1447 1038 1457 ‚
1058 1434 1137 1463 atque
1154 1435 1185 1454 ex
1199 1436 1228 1454 ea
1242 1426 1345 1464 eligunt
1362 1435 1477 1464 quatuor
1489 1428 1682 1462 adolescentes.

99 1475 176 1496 aetate
190 1469 216 1496 δε
227 1468 347 1502 corporis
365 1465 455 1493 habitu
469 1475 548 1502 quam
566 1465 726 1493 fimillimos.
767 1464 957 1500 Produtstisque
968 1465 1014 1494 iis,
1036 1465 1177 1499 optionem
1193 1464 1293 1492 faciunt
1302 1465 1382 1499 primi
1390 1465 1477 1499 prima
1491 1465 1590 1503 legionis
1605 1467 1685 1494 tribu-

99 1505 142 1539 m‘,
161 1505 268 1533 secundi
280 1505 399 1532 iecundae
413 1525 419 1535 ,
439 1504 511 1531 tertii
525 1504 608 1531 tertiae
621 1524 630 1536 ,
650 1503 778 1540 postremi
792 1512 818 1537 4.
839 1502 937 1528 Rursus
952 1509 1066 1537 quatuor
1082 1501 1137 1529 aliis
1149 1502 1286 1537 produetis
1300 1523 1307 1534 ,
1326 1504 1409 1538 primi
1424 1504 1567 1538 optionem
1582 1504 1684 1534 faciunt

94 1544 204 1580 secunda
215 1542 316 1580 legionis
333 1540 429 1570 tribuni
443 1562 449 1572 ‚
477 1544 503 1570 δε
518 1541 553 1569 fic
567 1542 691 1578 deinceps
705 1563 711 1573 ‚
732 1539 821 1568 ultimi
833 1548 923 1567 autem
939 1540 1040 1575 primae.
1083 1540 1141 1566 Post
1154 1539 1203 1566 hos
1222 1540 1278 1568 aliis
1292 1549 1406 1577 quatuor
1419 1542 1558 1577 produeiis
1570 1563 1578 1574 ,
1598 1545 1682 1579 primi

99 1581 233 1617 accipiunt
246 1579 324 1607 tertia
340 1579 439 1616 legioni:
452 1578 569 1611 tribuni,
595 1580 725 1616 postremi
743 1578 862 1606 secundae
874 1598 883 1610 ‚
910 1576 1067 1614 semperque
1082 1578 1108 1605 in
1130 1577 1202 1606 hunc
1214 1579 1329 1606 modum
1344 1579 1376 1606 ad
1397 1580 1552 1616 portionem
1568 1601 1577 1612 ‚
1602 1588 1684 1619 atque

98 1617 204 1648 ambitu
218 1618 334 1654 quodam
348 1618 415 1645 faeta
429 1617 561 1645 electione
573 1638 581 1649 ,
600 1619 696 1645 accidit
707 1638 714 1649 ‚
733 1625 764 1644 ut
778 1626 853 1652 pares
867 1617 894 1643 in
907 1615 1026 1652 legiones
1041 1616 1150 1653 singulas
1165 1617 1214 1644 viri
1227 1617 1423 1645 distribuantur.
1464 1619 1535 1646 Cum
1551 1628 1616 1646 vero
1631 1619 1685 1648 ele-

97 1657 188 1695 gerint
201 1655 356 1692 praesentem
372 1654 575 1683 multitudinem
595 1656 606 1690 <
613 1655 666 1684 hoc
678 1664 768 1684 autem
783 1655 819 1682 est
833 1674 841 1683 ,
861 1662 891 1682 ut
903 1653 1000 1682 faciant
1020 1654 1131 1691 fingulas
1144 1655 1263 1692 legiones
1286 1655 1371 1683 modo
1389 1663 1549 1692 quaternum
1564 1656 1682 1686 millium

98 1698 126 1725 δε
143 1696 321 1723 ducentorum
336 1694 457 1730 peditum
473 1714 480 1724 ‚
501 1694 587 1720 modo
601 1693 719 1730 quinque
733 1692 850 1720 millium
864 1712 870 1723 ,
891 1691 909 1718 fi
920 1692 1028 1728 quando
1048 1693 1134 1728 majus
1153 1694 1260 1730 aliquod
1281 1694 1401 1721 videatur
1420 1694 1571 1729 periculum
1587 1696 1681 1724 immi-

99 1733 184 1766 nere)
205 1733 235 1760 iis
249 1733 286 1760 ita
301 1732 443 1760 distributis
457 1753 463 1763 ‚
483 1731 582 1770 equites
593 1733 738 1768 antiquitus
757 1730 818 1758 sane
831 1730 988 1767 posteriores
996 1729 1124 1764 pedztibm
1136 1731 1287 1768 legionariis
1301 1731 1419 1759 solebant
1434 1733 1570 1760 recensere
1583 1743 1588 1759 :
1609 1743 1681 1763 nunc

99 1782 166 1801 vero
177 1772 279 1806 priores
292 1791 298 1801 ‚
319 1769 461 1806 censusque
478 1780 574 1797 eorum
593 1769 681 1797 habita
700 1770 804 1797 ratione
819 1789 826 1802 ,
853 1769 962 1796 diriores
982 1768 995 1795 a
1014 1769 1106 1802 censere
1122 1770 1273 1806 deliguntur
1290 1789 1297 1799 ,
1325 1769 1529 1807 describuntque
1546 1779 1683 1800 trecentos

98 1811 127 1839 in
145 1808 258 1845 fingulas
277 1807 403 1845 legiones.
444 1807 556 1835 Delcstu
575 1807 710 1843 perfesto,
730 1807 886 1843 praedie‘ium
907 1807 934 1833 in
955 1807 1070 1834 modum
1090 1816 1255 1845 congregant
1275 1817 1306 1835 ex
1325 1808 1356 1835 iis
1376 1808 1475 1836 tribuni
1494 1808 1553 1836 suos
1573 1810 1684 1848 quisque

98 1858 146 1886 per
165 1846 275 1884 lingulas
294 1846 411 1883 legiones
423 1865 431 1874 ,
456 1855 596 1883 unumque
615 1846 741 1882 eligentes
760 1846 880 1873 maxime
899 1845 1028 1872 idoneum
1042 1867 1049 1877 ‚
1070 1845 1236 1873 sacramento
1255 1847 1366 1883 adigunt
1384 1846 1518 1882 profiteri,
1540 1847 1678 1885 obtempe.

97 1893 218 1915 faturum
238 1884 263 1912 se
282 1884 392 1912 ducibus
410 1883 607 1920 proculdubio,
627 1892 708 1921 atque
726 1893 821 1912 eorum
842 1884 968 1911 mandata
987 1892 1037 1919 pro
1058 1885 1156 1912 vii-ibus
1175 1893 1349 1913 executurum
1366 1904 1374 1916 ‚
1400 1892 1459 1912 tum
1480 1885 1574 1922 reliqui
1592 1886 1683 1922 jurant

96 1924 248 1962 fingulatim
267 1923 460 1960 procedenteS,
493 1922 609 1959 idipsum
628 1922 804 1959 fignificantes
816 1943 826 1954 ‚
863 1923 957 1950 omnia
976 1921 1098 1950 videlicet
1124 1922 1241 1950 faeturos
1266 1921 1318 1950 lese
1330 1942 1339 1954 ,
1372 1924 1606 1959 quemadmodum
1626 1927 1683 1962 pri.

97 1973 159 1992 mus
178 1961 232 1990 ille.

138 2003 188 2029 Per
200 2000 272 2027 idem
286 2006 393 2036 tempus
406 1998 536 2034 Confidam*
549 2007 599 2034 pra
607 1998 649 2026 {iti
659 1997 781 2035 potestate
799 1999 907 2026 edicunt
923 1997 1054 2033 praefeetis
1075 1997 1205 2025 sociarum
1222 1998 1361 2026 civitatum
1382 1999 1409 2026 in
1430 1998 1503 2027 Italia
1518 2020 1525 2032 ,
1553 1998 1568 2027 ὲ
1584 2003 1678 2039 quibus

98 2040 192 2070 auxilia
204 2044 297 2074 putant
309 2037 465 2066 accersenda
477 2059 484 2069 ,
505 2047 649 2066 numerum
667 2037 814 2064 indicantes
827 2057 834 2067 ,
855 2037 981 2072 diemque
995 2038 1021 2064 ὃς
1038 2036 1126 2063 locum
1137 2057 1143 2066 ‚
1165 2037 1192 2063 in
1208 2046 1287 2073 quem
1301 2038 1446 2065 convenire
1459 2046 1582 2075 oporteat
1597 2061 1606 2071 ,
1632 2042 1679 2078 qui

97 2079 195 2108 delesti
209 2076 317 2104 fuerint.
358 2078 394 2104 At
408 2076 527 2104 civitates
542 2076 646 2103 delectu
666 2075 758 2103 habito
770 2095 776 2105 ,
798 2074 876 2101 simili
891 2081 953 2100 ante
967 2074 1041 2101 dieto
1053 2095 1061 2105 ‚
1089 2075 1201 2101 mittunt
1212 2075 1371 2108 flzcramemo
1385 2076 1491 2104 adactos
1506 2097 1513 2109 ,
1533 2079 1678 2108 constituto

119 2117 226 2145 raefeeto
240 2135 246 2145 ‚
268 2117 294 2142 ὅ(
312 2114 443 2141 mercedis
455 2114 613 2142 exhibitore.
656 2116 752 2142 Romae
767 2120 856 2141 autem
872 2111 971 2140 tribuni
992 2112 1036 2140 ubi
1059 2112 1157 2140 milites
1175 2113 1264 2149 jurare
1279 2113 1433 2150 adegerint,
1461 2115 1618 2144 denuntiato
1633 2118 1676 2146 die

97 2155 204 2192 fingulis
217 2152 379 2188 legionibus,
400 2161 430 2180 ac
442 2151 517 2184 loco,
537 2154 569 2180 ad
586 2162 666 2189 quei-n
684 2151 770 2179 adesse
784 2158 907 2186 oporteat
921 2151 1050 2182 inermes,
1073 2158 1131 2178 tum
1143 2151 1252 2187 quidem
1266 2161 1312 2178 eos
1324 2152 1458 2182 dimi-sere.
1478 2154 1612 2182 HaGtenus
1629 2160 1678 2182 Pc-

96 2193 184 2229 beius.
225 2191 304 2226 Quod
320 2189 363 2218 hic
375 2190 570 2223 deffirramemo
583 2190 690 2218 militari
703 2190 768 2223 dicit
783 2189 859 2226 quale
872 2190 898 2216 id
912 2188 991 2216 fuerit
1000 2209 1012 2220 ¹,
1031 2198 1115 2216 nemo
1126 2188 1181 2215 fere
1195 2191 1306 2225 exponit
1317 2209 1331 2218 r
1345 2190 1392 2216 niii
1407 2191 1478 2227 quod
1495 2191 1581 2219 saneto
1596 2201 1675 2230 atque

96 2230 219 2270 religiose
239 2228 396 2256 &militibus
414 2228 441 2256 id
454 2219 604 2261 &bservarh
631 2239 716 2267 eoque
735 2227 822 2264 juberi
839 2227 984 2255 militantes
1003 2226 1075 2264 sequi
1094 2229 1192 2255 ducem
1206 2248 1213 2259 ,
1241 2237 1403 2264 quocunque
1425 2229 1521 2262 ducat,
1549 2230 1675 2260 scribunt.

96 2271 139 2299 Sic
158 2270 233 2298 enirn
252 2266 353 2302 Dionis?
371 2265 508 2294 Halisarna
532 2287 538 2293 .
558 2268 602 2295 lib.
618 2275 661 2296 11.
689 2268 717 2296 in
736 2267 843 2294 historia
862 2265 1008 2293 seceffionis
1027 2265 1109 2302 plebis
1128 2268 1155 2293 in
1176 2274 1298 2293 montem
1320 2267 1493 2294 Aventinum.
1533 2271 1678 2298 Hei-renti.

96 2308 144 2337 bus
162 2315 253 2336 autem
280 2306 371 2334 multis
395 2304 467 2333 lacta
486 2315 515 2333 m
556 2316 599 2334 ere
616 2306 687 2344 figna
703 2327 710 2337 ‚
742 2314 828 2341 neque
849 2312 936 2332 tutum
953 2325 959 2335 ‚
992 2313 1079 2341 neque
1103 2303 1223 2332 sanetum
1246 2304 1296 2332 elle
1323 2304 1532 2333 existimantibus
1551 2308 1678 2336 omnibus

96 2346 177 2375 duces
197 2344 346 2380 relinquere
359 2365 366 2376 ‚
401 2343 436 2372 ob
447 2345 636 2379 fficrnmentum
654 2343 785 2372 militare,
820 2343 891 2379 quod
913 2343 1033 2370 maxime
1058 2344 1183 2371 omnium
1204 2342 1307 2370 servant
1334 2344 1460 2371 Romani.
1502 2344 1583 2382 jubet
1602 2347 1676 2374 enim

96 2385 243 2414 militantes
261 2382 335 2421 stqui
350 2382 440 2410 ducem
459 2383 627 2421 quocunque*
638 2383 717 2411 ducat
732 2393 750 2409 :·
768 2381 865 2418 lexque
884 2381 994 2409 ducibus
1014 2382 1173 2417 potestatem
1198 2382 1275 2412 dedit
1297 2382 1439 2410 occidendi
1465 2392 1521 2409 non
1540 2392 1678 2419 parentes,

949 2421 1049 2447 Xxxx
1072 2431 1085 2458 3
1601 2424 1678 2451 relin-
