2075 2734
601 61 761 88 LIBER
809 67 864 87 οε

101 112 249 143 linoresapud
256 112 278 143 [ξ
286 110 375 136 habeto.-
392 109 450 142 ifijue
456 108 733 144 usqueadfitpremamjuf
747 109 803 131 inter
815 108 871 130 cives

101 147 249 169 dici1o.varro
257 151 332 168 autem
340 143 369 167 de
376 141 495 167 L.L.1ibro
504 142 634 172 5.cap.2.Su
650 140 872 171 rema,1nquit,sum—

104 185 166 200 mum
173 178 223 200 diei.
236 178 259 198 id
266 176 293 205 est
301 193 307 203 ‚
324 175 452 205 Izsupremv.
465 176 559 202 haeum}
567 175 623 195 mX
640 175 658 194 l.
672 171 748 194 rabula
754 172 828 193 dicunt
840 179 870 193 oc-

104 210 176 237 casum
184 209 222 239 esse
231 209 288 237 salis.
298 207 405 239 sbdpnsten
412 207 448 229 lex
455 206 552 228 Platona
557 205 580 226 id
585 211 669 235 quoque
676 203 827 235 tempmjubet
834 202 872 231 effi·

97 240 236 271 fiop'remum,
245 246 365 270 quoprstor
371 242 393 261 in
399 237 483 260 comitia
490 237 614 266 supremam
624 236 775 267 pronunciavit
786 237 871 266 populo.

98 270 213 295 *Referam
219 272 244 294 in
252 271 444 294 huncnumerum
451 269 476 292 &
483 274 533 290 eam
541 266 627 297 legem,
635 273 714 297 quam,
722 265 749 289 ad
756 266 870 289 imminu-

102 303 187 326 endam
194 302 343 326 tribuniciam
352 300 494 332 potestatem,
502 298 601 322 dietam:
608 299 666 329 Sylla
674 298 727 321 tulit
735 315 741 324 ‚
752 297 858 329 primum
865 314 870 323 ‚

101 341 132 358 ne
139 333 238 358 tribunis
246 333 319 365 plebis
325 334 383 356 alios
389 330 530 362 magistratus
536 337 615 361 capere
626 331 718 353 liceret:
732 330 818 353 deinde
826 346 832 356 ‚
843 336 872 351 ne

102 365 130 389 ad
137 373 178 389 eos
184 366 319 396 provocatio
325 363 391 388 esset:
399 369 460 389 tum,
466 369 494 385 ne
500 362 563 392 leges
570 361 628 385 ‘ferre
634 360 723 393 poss'ent
731 370 736 383 :
744 361 870 393 postremo,

102 398 168 422 neiis
176 396 402 421 concionariliceret.
414 394 471 417 hanc
479 395 535 424 Sylla
543 394 612 417 iratus
618 394 680 424 plebi
688 393 754 420 tulit,
768 393 822 424 quia
828 399 872 424 pro

101 430 214 454 Marianis
220 428 321 460 partibus
327 433 406 451 contra
418 424 495 456 ipsum
503 426 600 449 steterat.
610 425 648 449 sed
656 442 663 453 ‚
676 432 705 448 eo
712 431 809 448 mortuo
817 441 824 451 ,
841 425 871 447 C.

100 461 212 485 Aurelius
224 463 294 484 Cotta
306 458 387 483 consul
401 459 507 489 primum
518 458 577 488 legis
590 464 656 489 caput
675 456 799 487 abrogavit.
818 456 871 478 tulit

101 493 168 516 enim
177 509 184 520 ,
198 493 285 516 utalios
293 490 434 522 magistratus
440 488 540 512 tribunis
547 489 621 521 plebis
627 489 791 520 capereliceret
797 505 804 514 ,
817 488 871 510 alte-

100 531 155 548 rum
162 530 228 554 caput
235 524 353 554 abrogavit
369 521 492 552 Pompeius
508 525 605 552 Magnus
617 522 642 544 in
649 521 728 551 primo
735 519 854 543 consulatu
863 535 868 545 ‚

74 560 77 562 ·
100 555 217 586 legelata‚
231 562 256 579 ut
262 555 289 579 ad
295 554 402 578 tribunos
409 553 483 585 plebis
489 551 695 584 effetprovocatio.
707 552 836 582 omniaque
843 558 867 573 o-

98 594 195 614 mmno,
206 595 255 618 qua:
261 586 362 610 tribunis
369 586 443 617 plebis
450 585 564 608 ademerat
570 585 628 616 Sylla
637 601 642 611 ,
650 585 697 608 illis
703 583 747 607 effe
753 583 854 607 restituta
862 598 868 608 ‚

99 619 370 650 exemplisintelligitur.
382 619 417 647 jus
423 623 499 640 autem
508 616 739 647 intercedendi,1ege
746 621 867 647 nunquam

100 650 227 674 amiserunt
236 659 241 673 ;
249 651 313 682 quod
322 650 369 673 illis
376 649 447 673 initio
454 648 510 672 belli
517 649 681 679 civilisinique
687 654 804 678 ereptum,
812 653 868 678 que-

98 682 158 706 xitur
166 682 239 705 Cazsar
246 683 281 705 his
288 681 363 705 verbis
374 681 415 704 lib.
428 690 448 705 1.
463 688 512 710 cap.
522 688 543 707 5.
555 680 583 703 de
590 679 654 704 bello
663 680 740 703 civili:
759 683 870 710 ,Aguntur

99 715 171 737 omnia
177 716 266 746 raptim,
273 720 338 744 atque
344 713 443 736 turbate:
452 720 519 743 neque
524 713 608 734 docendi
613 712 869 744 C‘aesarispropinyuisejus

95 746 279 775 spatiumd.1tur:
298 744 430 767 maribam
436 743 499 776 plebu
506 744 640 775 fiu'periculz'
651 744 786 773 defrecandi,
802 750 870 772 neque

100 779 170 800 etiam
183 779 277 800 extremi
284 779 345 807 juris
356 776 514 805 inlertcffionem
524 776 640 801 retinendi,
657 776 747 806 qnadL.
755 774 868 802 Syllareli-

101 815 180 840 φωναί
188 825 194 835 ,
206 810 302 838 facultas
313 807 418 829 tribuitur
426 817 433 829 .·
446 807 483 835 sed
494 807 520 828 de
527 807 570 835 fica
576 807 785 838 salutesepttmodte
792 807 870 835 cogita-

99 847 126 862 η
133 847 247 869 teguntur,
264 840 357 870 quodilli
370 837 544 866 turbulennff'mi
551 838 667 867 superioris
680 843 778 866 temporis
790 836 871 858 mbum‘

97 870 167 903 plebi.»
176 871 248 893 oslava
255 871 346 900 denique
354 870 422 897 mense
429 870 522 898 suarum
534 868 642 890 antonum
653 869 742 897 aspicere
749 885 754 892 ,
773 877 795 890 at
802 875 871 889 tenere

101 909 137 924 con
147 908 259 924 neverant.
277 903 303 923 Et
311 901 335 924 in
343 901 429 923 eodem
437 899 498 922 libro
505 906 553 930 cap.
562 907 584 927 7.
602 902 700 934 Novum‘
708 901 729 921 in
736 899 824 931 qub.
839 908 871 921 sn-

100 933 223 956 induciam
237 934 363 964 exemplum
376 933 476 963 queritur
489 947 496 957 ,
519 937 543 953 ut
555 931 674 954 tribunicia
686 932 795 960 intercessu
807 932 873 953 armis

101 970 228 991 notaretur,
245 965 486 996 atqueopprimeretur,
501 970 548 994 qua
557 962 702 991 superioribus
716 971 776 984 amm
788 962 835 989 effit
843 971 872 984 re-

97 996 192 1026 stiram:
209 996 292 1028 Syllam
301 1013 308 1023 ‚
320 997 402 1018 nudata
409 993 503 1017 omnibus
510 993 570 1016 rebus
583 993 699 1016 tribunicia
707 993 807 1026 potestate
815 1009 822 1020 ‚
840 1000 874 1015 ta—

101 1035 150 1052 men
156 1027 314 1058 interceffionem
321 1027 411 1050 liberam
418 1027 528 1057 reliqursse
535 1042 541 1052 ‚
558 1026 693 1058 ‘I’cmpejum
701 1041 707 1051 ,
725 1027 765 1056 qui
775 1026 874 1055 amrssam

100 1058 216 1087 vestimen
226 1061 328 1082 videatur
336 1075 342 1086 ,
359 1061 413 1081 dona
426 1059 492 1080 etiam
507 1074 513 1083 ,
531 1065 578 1088 quc
589 1064 640 1079 ante
652 1057 759 1079 habuerat
768 1057 875 1087 ademisse,

100 1092 181 1114 vetuit
188 1091 258 1114 etiam
266 1091 302 1113 lex
310 1090 417 1113 tribunos
429 1088 503 1121 plebis
515 1089 634 1119 integrum
651 1088 715 1112 diem
729 1088 755 1111 ab
769 1087 825 1111 urbe
837 1087 875 1110 ab·

101 1121 161 1146 effe:
171 1122 199 1145 de
207 1131 260 1154 qua,
268 1129 292 1145 ur
299 1122 394 1153 opinor,
401 1120 573 1152 fignificantilla
579 1120 647 1143 verba
653 1120 726 1143 Gellii
733 1119 774 1143 lib.
783 1122 874 1150 111.cap.

103 1161 128 1178 2.
143 1153 305 1184 Tribumplebis
313 1170 319 1180 ‚
331 1161 384 1185 quos
391 1153 479 1175 nullum
485 1153 543 1174 dtem
551 1151 615 1180 abeffe
621 1155 696 1184 Qma
703 1154 751 1175 licet
759 1169 764 1177 ,
778 1151 874 1184 cumpost

102 1186 198 1209 mediam
210 1185 291 1208 nostem
301 1185 464 1217 profictfiumur
472 1201 478 1211 ‚
497 1181 524 1207 ὁ·
535 1184 576 1214 post
587 1185 759 1213 [rimamfacem
771 1190 820 1205 ante
830 1192 874 1205 me-

99 1217 161 1240 diam
170 1218 296 1248 sequentem
304 1223 457 1242 revertuntur,
474 1223 512 1237 non
518 1216 618 1238 dicuntur
624 1215 715 1246 absutsse
727 1224 795 1237 unum
801 1216 857 1237 daem
866 1225 873 1237 :

99 1250 186 1279 quanda
193 1265 200 1275 ,
216 1255 267 1270 ante
274 1250 346 1270 horam
354 1248 419 1270 nostis
426 1249 516 1277 sextam
523 1248 693 1279 regreffipartem
700 1248 800 1278 aliquam
812 1248 873 1269 tllnu

99 1280 124 1302 in
132 1279 182 1302 urbe
190 1282 257 1302 Roma
266 1279 322 1306 sunt.
340 1283 410 1305 Nam,
418 1279 483 1309 quod
491 1279 516 1301 in
524 1278 593 1301 Livio
600 1279 642 1301 lib.
654 1285 690 1301 rx.
697 1285 744 1309 cap.
751 1283 773 1301 8.
780 1278 875 1308 legitur,

101 1309 275 1334 duostribunos
283 1309 357 1341 piebis
364 1311 391 1333 L.
399 1310 495 1333 Livium
504 1327 511 1337 ,
525 1310 549 1332 δι
557 1309 702 1340 QMaelium
712 1327 718 1337 ,
731 1316 785 1332 cum
793 1310 822 1332 de
829 1310 859 1332 iis
866 1327 872 1337 ‚

99 1342 143 1373 qui
151 1349 231 1373 pacem
239 1342 368 1366 Caudinam
376 1341 484 1367 fecerant,
492 1341 605 1365 dedendis
612 1342 638 1365 in
645 1339 723 1364 senatu
731 1342 874 1372 ageretut,ita

99 1375 195 1398 1ocutos
207 1381 213 1396 :
230 1377 311 1405 Neque
321 1375 406 1404 exftlvi
416 1374 516 1404 religione
524 1374 629 1405 populum
641 1374 748 1396 deditione
756 1374 799 1403 sua
811 1389 817 1399 ,
835 1375 875 1402 mfi

99 1405 314 1429 omniasamninhus
322 1422 329 1432 ,
345 1406 423 1437 qualia
435 1406 493 1434 apud
505 1405 610 1428 Caudium
617 1405 709 1436 sutssent
717 1421 723 1431 ,
739 1406 875 1433 restitueren-

99 1443 153 1461 tur.-
170 1445 237 1468 neque
246 1437 310 1470 septo
323 1445 361 1465 eo,
377 1437 653 1468 quodspondendopacem,
665 1436 783 1465 ftrvaffent
793 1438 873 1459 exerci-

99 1469 339 1502 zumpopuliRomani,
353 1468 511 1501 poenamuHam
518 1474 603 1490 meritos
615 1467 667 1495 effi:
685 1475 753 1498 neque
764 1468 794 1489 ad
804 1474 876 1490 extre-

101 1509 166 1525 mum
178 1517 186 1528 ,
202 1508 251 1523 cum
261 1499 389 1529 fizcrnfiinc‘ii
400 1499 462 1527 efflnt
474 1515 481 1526 ,
498 1499 546 1521 dedi
558 1499 649 1528 hostibus
662 1515 668 1525 ,
687 1500 800 1521 violarive
811 1499 873 1531 poffi.

101 1531 224 1556 Tribunos
229 1531 328 1562 quidem
334 1530 410 1562 plebis
415 1530 471 1557 effe,
488 1537 542 1553 cum
550 1530 597 1554 haec
603 1529 706 1554 dicerent
713 1547 720 1557 ,
732 1530 828 1553 Livium
836 1547 842 1556 ‚
849 1531 874 1553 ὅ(

103 1562 315 1589 Maelium,constat
322 1570 328 1585 ι
336 1569 386 1586 non
391 1568 471 1585 tamen
478 1561 545 1585 fimul
553 1562 620 1589 illud,
627 1560 724 1585 eosdem
731 1561 796 1585 suiffe
803 1561 876 1585 tribu-

103 1601 150 1618 nos
157 1593 232 1625 plebis
237 1600 292 1617 eum
299 1601 379 1624 pacem
386 1593 414 1616 ad
421 1593 539 1616 Caudium
551 1592 736 1624 spoponderunt.
749 1601 799 1616 non
809 1594 874 1617 enim

102 1625 150 1649 hoc
158 1632 218 1649 anno
225 1641 232 1652 ‚
241 1632 290 1655 quo
298 1625 326 1649 de
332 1624 482 1655 sponsoribus
489 1624 549 1655 pacis
556 1625 645 1655 populo
652 1625 784 1648 Samnitum
790 1625 876 1648 deden—

101 1657 139 1681 dis
146 1657 223 1681 aetum
229 1656 261 1680 est
269 1673 275 1683 ‚
289 1656 328 1681 sed
335 1657 447 1687 proximo
454 1655 571 1687 superiore
578 1663 620 1687 pax
627 1657 666 1679 illa
673 1663 713 1686 per
724 1654 876 1686 sponsionem

101 1688 160 1714 fasta
166 1688 238 1712 fuerat
246 1705 252 1715 ‚
266 1688 292 1712 in
299 1696 343 1720 qua
350 1695 400 1712 non
407 1686 492 1712 affuisse
499 1687 607 1711 tribunos
615 1687 689 1718 plebis
703 1688 807 1711 indicant
814 1687 861 1711 haze
869 1705 874 1714 ,

100 1729 155 1753 qua:
161 1719 310 1747 subscribam,
316 1720 421 1749 ejusdem
428 1720 489 1743 Livii
495 1727 543 1750 cap.
554 1727 574 1746 5.
582 1719 658 1746 verba,
666 1720 826 1751 Spoponderam
832 1728 874 1742 con-

59 1778 61 1780 *
96 1754 160 1784 βίω
168 1769 174 1779 ,
186 1751 282 1782 praeftl'li
290 1768 296 1779 ‚
308 1753 390 1782 legati,
402 1751 508 1781 qut-‘flores
516 1768 522 1778 ‚
539 1750 623 1773 tribum·
635 1752 736 1774 militum
748 1752 877 1782 nominaque

90 1784 422 1815 ‘amniumquispopanderuzss
429 1783 520 1811 exstant.
537 1784 647 1814 Itemque
654 1782 701 1809 illa,
710 1782 770 1805 haud
778 1782 808 1805 ita
815 1783 875 1806 mul-

101 1821 129 1839 to
136 1814 196 1847 post,
204 1814 321 1838 ineodem
327 1813 390 1838 libro
396 1821 445 1845 cap.
453 1821 477 1839 9.
494 1813 672 1836 Samnitibusnon
679 1814 876 1843 surtslztisffonfis.

101 1849 134 1870 les
142 1847 386 1878 spondere,sedlegatos,
394 1845 499 1877 questores
507 1861 514 1872 ‚
520 1844 618 1876 'tribunos
625 1847 724 1870 militem
731 1845 830 1874 spondere
842 1855 874 1868 ca-

99 1878 196 1908 egerunt.
213 1877 332 1900 Tribunos
344 1876 420 1907 plebis
430 1883 479 1899 non
492 1877 610 1899 nominat.
621 1884 678 1907 ergo
687 1876 746 1899 nulli
754 1875 874 1901 affuerunt.

100 1909 183 1934 Livius
190 1914 267 1931 autem
275 1924 282 1934 ‚
290 1909 315 1931 ὃ(
321 1909 412 1932 Maelius
419 1914 448 1930 eo
454 1913 563 1938 tempore
568 1907 657 1931 tribuni
664 1908 771 1931 militum
779 1924 784 1933 ,
793 1915 817 1931 ut
825 1910 875 1940 opi-

101 1940 183 1967 nor‚in
190 1939 265 1963 castris
271 1938 436 1965 fuerant-unus,
444 1939 509 1970 quod
517 1939 679 1965 meminerim,
686 1945 723 1962 aut
729 1940 876 1970 etiam,quod

101 1972 206 1996 omnino
213 1972 312 2002 legerim
321 1987 327 1997 ,
334 1971 481 2002 QMeiellus
487 1973 567 2000 Nepos
577 1978 643 1997 ‚cum
651 1970 794 1993 tribunatum
803 1971 876 2001 plebis

103 2010 210 2034 gereret,
223 2002 370 2033 contraleges
377 2003 402 2025 in
409 2003 496 2033 Syriam
503 2003 530 2025 ad
538 2003 584 2025 Cn.
591 2005 729 2033 Pompeium
736 2001 774 2025 sua
780 2000 862 2033 sponte
869 2021 876 2030 ‚

101 2037 169 2060 nulla
176 2035 199 2058 vi
205 2040 304 2064 cogente
311 2050 317 2061 ‚
325 2033 442 2064 profectus
448 2033 480 2057 est
487 2051 494 2061 ,
501 2041 550 2065 quo
557 2033 618 2057 fasto
626 2033 695 2057 subiit
702 2034 861 2064 ignominiam
869 2052 875 2062 ‚

100 2068 166 2092 nulla
179 2073 257 2090 tamen
270 2064 360 2089 affectus
372 2065 403 2089 est
416 2065 501 2097 infigni
515 2073 529 2096 p
574 2074 585 2089 a
593 2083 598 2092 ,
616 2065 698 2089 consul
705 2065 775 2088 etiam
784 2066 876 2097 aliquot

99 2099 152 2132 post
159 2099 284 2122 atiniacum
292 2098 392 2121 Lentulo
400 2097 521 2129 Spinthere
528 2105 551 2120 cr
568 2104 614 2120 atus
620 2097 714 2124 est,1ive
723 2097 788 2128 quod
796 2097 873 2122 homi.

99 2131 138 2155 nis
145 2131 201 2154 vitia
207 2129 301 2152 familiae
308 2129 408 2160 dignitas
414 2129 555 2160 tegeret‚five
561 2130 626 2161 quod
633 2137 687 2152 eurn
696 2136 744 2152 non
752 2135 798 2152 tam
806 2130 875 2161 ipsius

98 2162 158 2187 fasta
165 2162 331 2192 deprimerent,
339 2168 410 2192 quam
417 2162 531 2191 Pompeii,
539 2162 562 2184 ὅ(
569 2162 618 2189 alii,
626 2162 650 2184 δι
658 2161 767 2187 aliorum,
775 2162 816 2193 qui
824 2163 872 2193 plu<

100 2195 194 2219 ximum
206 2191 366 2224 inRepublica
379 2199 497 2224 poterant,
511 2193 612 2217 amicitia
625 2192 759 2216 sublevaret,
793 2195 875 2217 Redeo

102 2226 130 2250 ad
137 2225 278 2249 institurum.
296 2226 331 2248 De
338 2224 385 2253 jure
392 2224 565 2256 magistratuum
573 2242 579 2250 ,
593 2232 623 2248 ne
629 2226 682 2256 quis
690 2231 775 2255 peteret
781 2223 860 2250 absens
867 2244 873 2253 ,

100 2257 182 2288 legem
189 2257 243 2280 tulit
249 2256 372 2287 Pompeius
380 2259 478 2287 Magnus
484 2257 508 2279 in
515 2256 586 2279 terrio
592 2257 713 2280 consulatu
722 2257 759 2279 :in
768 2263 811 2286 qua
819 2265 874 2281 cum

101 2290 226 2313 neminem
233 2287 368 2319 excepisset,
381 2295 439 2311 mox
447 2305 454 2315 ‚
468 2286 580 2310 socerisui
594 2291 620 2312 c.
629 2288 721 2311 Caesaris
729 2288 858 2313 recordatus
867 2307 872 2316 ,

99 2320 153 2354 lege
159 2321 206 2353 jam
212 2321 239 2345 in
245 2327 272 2344 πε
279 2318 359 2348 incisa,
367 2320 391 2344 ὅ(
398 2320 425 2344 in
431 2319 536 2344 ararium
543 2319 637 2344 condita
644 2336 650 2348 ,
659 2320 871 2345 correxiterrorem

903 60 1146 90 Licinus.
1617 67 1677 108 827

899 116 947 132 uno
955 108 1041 134 Caesue
1048 118 1154 142 excepto.
1172 110 1487 138 Tulitadversuscensoriam
1500 115 1636 147 potestatem
1649 122 1674 144 Ρ.

903 141 1001 177 Clodius
1008 142 1032 165 in
1040 143 1198 170 tribunatu‚ne
1205 143 1388 175 quemcensores
1396 145 1420 169 in
1428 144 1504 170 senatu
1511 148 1613 178 legendo
1620 158 1675 182 prae-

903 179 1006 200 terirent,
1014 181 1072 198 neve
1079 183 1124 207 qua
1131 175 1263 206 ignominia
1270 175 1438 204 afficerent,nifi
1445 179 1484 209 qui
1494 179 1614 211 utriusque
1620 189 1675 206 cen-

903 204 958 228 soris
967 204 1078 230 sententia
1084 209 1206 230 damnatus
1213 206 1274 232 ess'et.
1284 215 1329 239 qua
1336 208 1364 231 de
1370 208 1422 240 lege
1434 209 1464 232 fic
1474 210 1499 233 in
1508 209 1615 236 Pisonem
1622 220 1671 245 cap.

903 245 927 263 4.
934 238 1029 261 Cicero.
1046 238 1090 261 Ab
1096 240 1167 262 eodem
1174 240 1258 262 homine
1266 247 1329 262 velus
1336 241 1377 263 illa
1383 241 1484 272 magistra
1494 243 1589 271 pudoris,
1596 242 1622 267 (5-
1628 253 1675 267 „10-

901 269 977 304 cieflie,
986 270 1076 306 utensilia
1085 272 1191 299 severitas
1197 270 1286 300 fitblata
1293 272 1329 300 est.
1346 272 1422 295 Tullia
1429 272 1474 296 fuit
1481 273 1674 305 delegationibus

901 299 991 327 liberis,
997 300 1040 323 lata
1048 308 1060 323 a
1067 303 1100 324 M.
1108 302 1224 325 Cicerone
1231 302 1335 331 consule,
1342 311 1373 326 ne
1379 320 1385 330 ,
1395 304 1450 327 ficut
1456 311 1520 328 antea
1527 322 1534 332 ,
1541 305 1673 335 infinitum,

902 329 940 354 sed
947 339 1050 355 annuum
1058 338 1150 363 tempus
1157 341 1235 357 earum
1243 333 1305 358 effer.
1323 336 1387 358 Alias
1394 343 1491 367 quoque
1503 337 1532 360 de
1539 337 1676 369 magistrati-

901 361 944 398 bus
951 379 956 389 ‚
965 370 1033 394 arque
1040 364 1174 393 hujusmodi
1181 365 1211 388 de
1218 373 1303 396 genere
1310 374 1359 390 non
1367 367 1451 391 dubito
1459 368 1524 392 suisse
1532 385 1537 395 ,
1552 368 1676 400 proesertim

899 393 1071 422 tribunicias‚ut
1077 396 1175 427 potestas
1180 399 1331 428 patriciorum
1339 399 1513 430 magistratuum
1521 401 1676 426 minueretur.

900 425 990 456 semper
997 428 1063 450 enim
1071 427 1158 452 tribuni
1167 428 1241 460 plebis
1249 429 1274 453 id
1281 437 1378 460 egerunt
1387 447 1393 458 ,
1402 438 1426 454 ut
1433 432 1478 461 jura
1485 431 1659 463 magistratuum
1667 450 1675 460 ‚

900 465 924 480 ac
931 456 1020 481 senatus
1033 459 1061 481 ad
1069 459 1202 484 universum
1216 462 1330 492 populum
1341 463 1421 485 omnia
1435 463 1590 487 transferrent.
1605 473 1676 497 quare

899 489 999 520 longum
1013 488 1066 513 esset
1081 498 1165 515 omnes
1176 499 1323 515 enumerare:
1341 501 1418 525 neque
1428 501 1505 518 tamen
1521 495 1549 518 de
1562 496 1676 520 omnibus

899 521 992 557 mentio
1000 522 1120 557 reperitur.
1135 523 1236 555 infignes
1242 531 1317 548 autem
1326 532 1405 556 pxaeter
1411 532 1499 551 exteras
1507 526 1539 551 hae
1547 526 1599 552 sunt
1607 544 1614 556 ‚
1621 536 1677 561 quas

897 560 1083 578 nominavimus-

1127 628 1300 658 CAPUT
1343 632 1439 661 VIII.

899 699 976 734 Leges
989 697 1020 725 de
1034 696 1141 725 comitiis
1153 718 1160 728 ,
1187 697 1228 731 ἐς
1245 698 1358 733 inprimis
1373 700 1437 739 loges
1449 700 1514 730 AElia
1528 702 1570 736 (ς’
1584 707 1622 731 fu
1633 713 1677 735 m,

1029 746 1082 775 qua
1094 737 1125 763 de
1128 738 1190 771 jure
1202 736 1242 769 ἐς
1255 746 1362 772 tempore
1374 738 1539 769 comitiorum.

903 806 985 866 De
997 805 1102 829 comitiis
1114 811 1199 827 omnes
1210 803 1257 828 sei-‘e
1271 806 1392 837 populares
1408 808 1470 839 leges
1483 808 1583 833 fuerunt.
1606 809 1674 833 Tulit

987 844 1041 860 cum
1049 838 1166 860 Volerone
1173 835 1275 860 Publilio
1288 839 1413 865 Lonorius,
1427 841 1452 862 id
1460 841 1675 871 quodiamdifflum

902 871 934 891 elt
943 885 949 894 ,
964 869 1089 893 uttributis
1106 869 1212 891 comitiis
1220 868 1304 900 plebeji
1318 870 1461 900 magistratus
1473 872 1562 895 fierent.
1575 880 1624 903 quo
1633 873 1679 903 pri-

904 907 970 923 mum
979 900 1177 933 temporettibuta
1189 901 1286 924 comitia
1294 903 1378 924 Romae
1389 902 1554 931 esseinstituta,
1569 903 1636 927 facile
1644 902 1681 927 su-

903 930 1066 963 spicor.neque
1074 932 1137 956 enim
1146 939 1197 955 ante
1203 932 1260 955 hanc
1268 934 1345 963 legem
1354 932 1451 964 usquam
1459 942 1483 958 ea
1491 935 1561 959 video
1571 936 1680 959 nomina-

904 965 938 987 ri:
949 964 981 989 ὃς,
990 966 1077 995 opinor
1085 981 1090 991 ,
1099 964 1190 987 curiatis
1196 965 1302 987 comitiis
1309 964 1392 995 plebeii
1400 966 1542 997 magistratus
1549 983 1555 994 ,
1563 968 1679 990 centuria-

904 996 934 1018 tis
940 995 1178 1026 patriciicreabamur.
1195 995 1280 1026 plebeji
1297 1003 1374 1019 autem
1387 997 1522 1021 dicebantur
1529 1015 1535 1025 ,
1553 999 1594 1030 qui
1602 998 1677 1029 plebis

904 1025 982 1054 caussa,
993 1028 1017 1050 ὅ(
1024 1035 1052 1050 ex
1060 1026 1106 1059 ipsa
1114 1026 1188 1058 plebe,
1199 1028 1289 1058 patricii
1297 1026 1352 1051 verb
1359 1029 1400 1058 qui
1409 1030 1560 1060 patriciorum
1567 1029 1644 1058 caussa,
1652 1032 1677 1054 &

905 1066 932 1081 ex
940 1060 1042 1090 patriciis
1049 1059 1146 1082 familiis
1155 1059 1258 1090 primum
1268 1066 1330 1082 erant
1338 1060 1445 1085 instituti.
1459 1061 1534 1091 postea
1547 1061 1611 1093 plebi
1619 1069 1680 1094 quo-

904 1091 1209 1122 quejuspetcndipatricios
1222 1091 1365 1122 magistratus
1375 1093 1506 1117 concess'um
1517 1093 1561 1116 est:
1574 1093 1680 1124 plebeios

905 1122 1047 1153 magistratus
1055 1140 1062 1150 ,
1073 1122 1139 1146 salvis
1146 1122 1237 1153 legibus
1246 1140 1251 1149 ,
1262 1123 1373 1155 §ttici-‚is
1380 1131 1453 1148 nemo
1461 1125 1539 1155 petiit.
1550 1124 1587 1148 sed
1601 1126 1679 1156 legem

905 1155 1029 1178 Voleronis
1036 1172 1042 1181 ‚
1056 1161 1126 1186 quam
1133 1151 1146 1176 a
1152 1154 1275 1177 nonnullis
1282 1154 1353 1178 video
1361 1156 1513 1180 Voleroniam
1522 1156 1630 1188 imperite
1638 1165 1680 1180 vo-

904 1187 957 1211 cari,
970 1194 1025 1209 cum
1032 1184 1114 1218 leges‘a
1121 1185 1306 1216 pra-nominibus
1316 1188 1436 1211 nominari
1443 1196 1497 1211 mos
1504 1195 1553 1211 non
1560 1187 1613 1212 esset
1622 1206 1628 1215 ,
1637 1191 1679 1213 Pu-

905 1216 996 1242 bliliam
1004 1218 1181 1249 appellaverim:
1196 1217 1313 1249 fiquidem
1320 1218 1405 1242 Publia:
1413 1221 1489 1251 gemis
1496 1221 1583 1243 Volero
1591 1228 1679 1251 praeno-

904 1257 960 1273 men
969 1249 1022 1273 fuit.
1045 1249 1251 1273 Tuleruntdeinde
1264 1252 1289 1272 L.
1298 1250 1413 1278 valerius,
1429 1252 1494 1275 &M.
1503 1252 1611 1275 Horatius
1622 1251 1678 1277 coss.

905 1287 943 1308 ut,
959 1280 1024 1312 quod
1032 1280 1238 1304 tributiscomitiis
1250 1281 1287 1304 lex
1294 1280 1412 1309 sanaret,
1435 1290 1464 1306 eo
1478 1283 1581 1313 Quirites
1594 1290 1680 1307 omnes

904 1311 969 1344 aeque
975 1319 1109 1336 tenerentur
1117 1329 1123 1338 ‚
1137 1319 1160 1334 ac
1167 1311 1182 1335 fi
1190 1313 1321 1336 centuriatis
1327 1314 1434 1338 comitiis
1441 1315 1523 1345 perlata
1531 1315 1566 1337 lex
1574 1314 1637 1338 effet-
1649 1315 1680 1338 ita

905 1344 1037 1368 centuriatis
1043 1344 1149 1368 comitiis
1156 1343 1241 1367 tributa
1252 1343 1304 1367 sunt
1314 1351 1400 1375 squata
1407 1362 1413 1372 ,
1430 1346 1454 1368 3<
1462 1345 1527 1377 quod
1541 1347 1571 1369 ait
1580 1347 1659 1370 Livius
1671 1363 1678 1373 ,

903 1375 1038 1399 tribuniciis
1045 1375 1206 1407 rogationibus
1212 1376 1350 1399 acerrimum
1358 1377 1432 1401 telum
1447 1378 1486 1401 hac
1493 1378 1544 1408 lege
1552 1378 1631 1402 datum
1639 1378 1679 1402 est.

904 1415 959 1432 cum
966 1407 1085 1439 quidquid
1092 1406 1180 1430 tribuni
1188 1407 1371 1438 plebisserrent,
1391 1409 1415 1432 id
1428 1408 1516 1432 deinde
1526 1410 1552 1432 ab
1566 1409 1680 1434 omnihus

904 1439 994 1463 civibus
1002 1439 1084 1462 servari
1091 1437 1177 1462 necess'e
1184 1437 1246 1462 esser.
1265 1439 1341 1462 Etiam
1349 1440 1387 1462 illa
1395 1439 1490 1463 Publilii
1498 1440 1616 1464 dictatoris
1622 1449 1679 1465 con-

904 1477 937 1493 tra
944 1469 1047 1494 senatum
1054 1478 1098 1502 pro
1104 1470 1193 1501 populo
1200 1469 1246 1493 fuit
1253 1486 1260 1496 ,
1273 1478 1317 1501 qua
1330 1477 1423 1495 cautum
1431 1471 1462 1494 est
1471 1489 1477 1498 ,
1495 1478 1519 1494 ut
1527 1473 1638 1496 oxnnium
1646 1474 1680 1496 le-

903 1509 961 1533 gum
970 1519 976 1529 ‚
994 1509 1045 1534 qua:
1051 1502 1157 1525 comitiis
1163 1501 1297 1524 centuriatis
1308 1501 1422 1525 ferrentur
1430 1519 1436 1529 ‚
1451 1504 1596 1527 anteinitum
1605 1503 1680 1528 suffra-

904 1534 972 1564 gium
1002 1540 1060 1557 atres
1072 1533 1179 1557 authores
1193 1533 1287 1556 fierent:
1302 1540 1332 1556 ne
1339 1532 1425 1557 scilicet
1433 1534 1524 1558 roboris
1532 1535 1623 1558 haberet
1631 1537 1678 1559 mi-

903 1572 947 1588 nus
954 1582 961 1592 ,
983 1574 990 1588 1
997 1565 1055 1596 quid
1061 1565 1172 1596 populare
1180 1564 1280 1596 patribus
1288 1565 1445 1589 invitislatum
1452 1566 1514 1590 esset.
1532 1569 1591 1591 Item
1599 1568 1639 1590 illa
1647 1570 1676 1591 C.

904 1596 972 1620 Caffii
981 1596 1106 1620 tribunicia
1115 1613 1121 1623 ‚
1135 1596 1277 1620 utordinem
1286 1596 1426 1620 senatorium
1435 1599 1550 1621 amitteret
1558 1599 1590 1624 is,
1604 1605 1679 1629 quem

906 1629 1005 1659 populus
1012 1627 1142 1654 damnasset,
1150 1629 1217 1651 cuive
1224 1628 1258 1651 im
1277 1628 1352 1651 crium
1361 1628 1494 1659 abrogasset.
1513 1630 1633 1657 Quoniam
1640 1638 1679 1654 au-

903 1665 952 1682 tem
960 1659 1096 1690 potestatem
1103 1657 1208 1682 solvendi
1216 1659 1263 1690 legi
1283 1666 1308 1681 us
1320 1658 1407 1682 senatus
1415 1659 1524 1686 habebat,
1546 1662 1576 1684 C.
1584 1663 1676 1685 Corne-

902 1691 1005 1714 liuseam
1013 1690 1207 1722 potestatemlege
1215 1691 1333 1721 paululum
1342 1691 1478 1715 imminuit:
1493 1692 1619 1716 tulitenim
1627 1709 1633 1719 ,
1648 1701 1677 1717 ne

903 1722 988 1753 quisin
996 1721 1073 1745 senatu
1082 1739 1088 1749 ‚
1102 1721 1145 1745 nisi
1158 1724 1207 1745 CC.
1215 1722 1329 1745 senatores
1336 1720 1460 1750 affuiffem,
1476 1723 1566 1754 legibus
1579 1723 1680 1748 solvere—

903 1760 940 1776 tur
948 1761 953 1775 :
962 1760 1019 1777 neve
1044 1754 1088 1780 uis,
1095 1760 1149 1776 cum
1156 1753 1245 1776 solutus
1252 1752 1314 1780 effet,
1322 1754 1482 1782 intercederet,
1490 1762 1543 1778 cum
1551 1755 1580 1778 de
1587 1763 1611 1778 ea
1619 1763 1644 1779 re
1651 1756 1678 1780 ad

902 1786 1019 1816 populum
1036 1792 1130 1808 erretur.
1143 1792 1194 1815 quae
1207 1784 1254 1807 duo
1261 1786 1333 1816 capita
1347 1793 1424 1817 neque
1437 1787 1539 1810 omnino
1553 1785 1679 1816 bsennzus,

902 1824 981 1848 neque
991 1815 1003 1840 ὲ
1017 1817 1101 1848 populi
1113 1817 1233 1839 voluntate
1247 1823 1342 1848 utraque
1350 1816 1456 1845 fuerunt,
1474 1817 1512 1841 scd
1520 1819 1626 1848 primum
1634 1827 1676 1851 pro

902 1849 993 1879 populo
1002 1865 1009 1875 ,
1016 1849 1112 1871 alterum
1120 1855 1164 1879 pro
1172 1848 1250 1871 senatu
1259 1865 1265 1875 ,
1273 1850 1352 1871 invius
1359 1855 1436 1873 tamen
1444 1850 1593 1881 optimatibus,
1602 1858 1626 1874 ut
1634 1855 1679 1875 Pa-

902 1879 1020 1903 dianusait
1029 1882 1087 1906 ,lata
1096 1881 1131 1902 lex
1139 1879 1180 1907 est,
1194 1881 1278 1910 quive]
1287 1881 1352 1911 pauci
1366 1883 1390 1904 ὁ.
1401 1878 1623 1911 Cfimresolebanr.
1641 1885 1677 1907 De

903 1911 951 1937 jure
959 1928 965 1937 ,
980 1912 1003 1934 ἃ
1011 1916 1119 1941 tempore
1130 1911 1287 1934 comitiorum
1300 1912 1338 1934 lex
1345 1912 1400 1935 AElia
1408 1913 1431 1935 &-
1439 1912 1500 1936 Fufia
1508 1920 1589 1937 contra
1602 1921 1676 1945 popu-

902 1942 954 1965 lum
961 1948 1004 1972 pro
1011 1942 1088 1966 senatu
1096 1942 1188 1964 suerunt
1197 1959 1202 1968 ,
1210 1949 1265 1965 cum
1272 1949 1349 1966 tamen
1357 1941 1370 1966 a
1377 1944 1477 1967 tribunis
1485 1945 1558 1976 plebis
1565 1946 1613 1968 larae
1619 1945 1676 1970 fint:

903 1973 928 1996 id
935 1973 1002 2004 quad
1014 1973 1125 2004 fignificat
1138 1974 1221 1997 Cicero
1234 1974 1258 1997 in
1271 1975 1378 1997 oratione
1390 1975 1416 1998 in
1429 1974 1537 1999 risonem
1550 1985 1598 2008 cap.
1608 1985 1628 2004 ς.
1642 1977 1679 2002 his

904 2005 993 2028 verbis:
1012 2002 1103 2027 Centum
1114 2011 1177 2036 μῶρε
1189 2013 1253 2027 annos
1266 2007 1334 2036 legem
1347 2008 1442 2029 eAElmm
1451 2006 1677 2038 &frisiamtenuera-

905 2045 963 2060 mus.
981 2039 1041 2059 Intra
1048 2042 1141 2059 centum
1149 2037 1213 2059 enim
1222 2044 1293 2060 annos
1305 2044 1356 2060 ante
1364 2037 1451 2061 Pisonis
1461 2039 1484 2062 ὅ(
1493 2039 1588 2063 Gabinii
1596 2041 1678 2065 consu-

906 2069 978 2091 latum
986 2075 1034 2091 non
1044 2068 1118 2091 modo
1125 2069 1231 2092 consules
1237 2069 1323 2092 eodem
1330 2076 1391 2093 anno
1400 2077 1450 2092 non
1457 2070 1550 2094 fuerunt
1557 2073 1629 2095 :Elius
1637 2089 1643 2100 ,
1653 2074 1676 2097 ὃς

905 2099 995 2126 Fufius,
1009 2098 1048 2123 sed
1061 2107 1133 2123 nemo
1146 2099 1248 2123 omnino
1260 2101 1351 2124 exAElia
1364 2107 1433 2132 gente
1444 2101 1588 2127 consulatum
1602 2104 1675 2134 gestit.

905 2139 976 2163 quare
983 2148 989 2158 ‚
996 2138 1050 2154 curn
1058 2132 1143 2154 eodem
1151 2139 1212 2155 anno
1219 2133 1260 2155 lata
1267 2132 1304 2155 lex
1310 2133 1422 2160 videatur,
1429 2133 1544 2158 nimitum
1552 2152 1558 2162 ,
1566 2134 1579 2158 ‘a
1585 2136 1677 2160 duobus

906 2163 1006 2186 tribunis
1014 2162 1163 2194 plebislatam
1171 2163 1222 2190 esse,
1230 2164 1279 2191 jure
1286 2164 1414 2195 putabitur.
1421 2165 1493 2196 Qiod
1501 2173 1578 2190 autem
1587 2168 1677 2191 leicua

906 2194 982 2218 Zafius
990 2195 1014 2218 in
1021 2203 1050 2218 eo
1058 2194 1120 2218 libro
1129 2212 1134 2221 ‚
1144 2195 1168 2218 in
1175 2203 1248 2227 quem
1255 2197 1359 2227 antiquas
1365 2197 1428 2228 leges
1434 2198 1535 2227 conjecit
1541 2215 1547 2225 ‚
1555 2199 1632 2229 legem
1641 2201 1677 2222 ΙΕ-

905 2227 962 2250 liam
970 2243 976 2253 ,
986 2227 1008 2250 δι
1016 2226 1102 2250 Fufiam
1110 2227 1178 2250 tradit
1185 2227 1235 2258 post
1242 2228 1378 2252 inrerfectos
1384 2229 1499 2252 Gracchos
1508 2247 1513 2256 ,
1520 2231 1544 2254 δε
1553 2237 1601 2252 ante
1610 2231 1677 2254 Puni-

905 2266 959 2281 cum
973 2257 1062 2282 bellum
1077 2260 1173 2282 tertium
1186 2259 1306 2283 efferatam
1316 2277 1323 2288 ‚
1339 2258 1414 2292 aperte
1428 2261 1532 2292 loquitur
1546 2263 1679 2292 pugnantia.

905 2297 974 2317 nam,
991 2289 1208 2321 fipostinrerfestos
1221 2291 1349 2319 Gracchos,
1367 2299 1416 2324 quo
1424 2293 1556 2315 nrodoante
1564 2293 1677 2317 Punicum

888 2321 994 2349 „benum
1001 2322 1096 2347 tertium
1104 2326 1115 2345 .³
1128 2329 1182 2346 cum
1189 2323 1237 2348 Tit.
1245 2325 1376 2349 Gracchum
1383 2325 1480 2348 Scaevola
1494 2325 1517 2348 &
1524 2322 1608 2348 Pisone
1621 2324 1676 2349 cofl'.

1609 2357 1675 2380 anuis
