2075 2734
359 118 416 149 ⁴De
437 115 595 149 eternus
616 123 848 146 netrelonem
869 124 1159 148 SPECTANTIBUs-
1197 110 1278 149 Cn.
1303 121 1326 150 1:
1591 127 1642 158 651

65 174 156 215 va'ng'eri
163 175 322 212 sacerdotum
335 182 481 203 numerum
494 193 503 205 ‚
522 177 635 210 quatuor
653 169 794 206 pontifices
806 189 816 201 s
842 168 960 212 ςξῐῐξῐηυς
972 180 1080 214 augures
1094 191 1102 200 ,
1129 173 1163 201 de
1176 171 1254 210 plebe
1269 183 1366 203 omnes
1382 173 1567 213 alleget-entur.
1606 182 1645 211 Ira

64 217 187 253 deinceps
201 214 264 243 οέὶο
276 212 432 251 pontifices,
452 219 552 240 novem
566 216 678 245 augures
691 206 810 235 fuerunt.
834 207 927 235 Lsrms
939 207 1007 236 libro
1020 210 1135 239 decimo.

737 277 876 312 Manlia
900 278 962 312 lex.

93 354 146 382 'De
159 354 307 383 triumviris
318 353 447 388 epulonum
459 349 547 387 legem
561 348 621 377 tulit
636 349 665 376 P.
677 347 791 375 Mmlius
802 346 918 375 tribunus
930 346 1000 384 pleb.
1019 348 1051 388 L.
1066 350 1142 376 Furio
1157 351 1311 385 Purpuream
1324 373 1332 384 ,
1352 353 1391 380 M.
1402 352 1510 381 Claudio
1523 352 1643 384 Marcelle

62 393 136 421 Cofl'.
149 402 220 420 anno
235 402 305 420 oLvr
314 403 335 419 1.
348 386 383 419 *ut
395 396 505 426 propter
517 386 707 416 sacrificiorum
722 386 926 414 multitudinem
947 385 1045 419 trefiwrt
1064 388 1174 420 epulones
1195 398 1347 419 crearentur
1361 402 1366 418 ;
1394 400 1456 419 curn
1473 392 1555 421 essent
1567 394 1613 431 ipfi
1629 395 1641 421 ὲ

66 431 178 463 Numa,
197 438 226 458 ut
239 431 320 458 etiam
334 428 458 455 ludorum
474 425 536 453 illud
551 425 656 462 epulare
676 424 832 465 sacrificium
847 424 981 454 facerent,
1002 423 1121 464 instituti.
1159 428 1207 463 Jus
1220 436 1345 465 praeterea
1366 436 1436 465 togae
1448 437 1581 466 praetextae
1594 431 1639 459 ha-

64 468 242 500 bendae‚item
257 475 286 495 ut
299 466 434 502 pontifici,
449 464 547 492 eisdem
563 464 635 491 effer.
656 463 743 490 Crcero
755 462 798 491 lib.
810 468 834 497 3.
847 462 881 489 de
888 464 1013 489 Oratore.
1033 463 1124 488 Ltwus
1137 462 1205 492 libro
1222 476 1264 502 33.
1284 466 1337 493 Ubi
1354 474 1444 494 tamen
1458 477 1508 504 pro
1524 469 1552 496 P.
1561 471 1639 497 Man-

63 505 125 538 lius,
146 510 179 534 T.
191 504 332 538 Romulejus
344 503 442 541 legitur
457 523 465 535 ,
484 502 556 530 unde
575 502 588 530 a
602 500 734 530 nonnullis
749 501 842 529 eadem
856 499 898 527 lex
910 498 1043 534 Romuleja
1057 499 1156 530 dicitur
1167 522 1175 534 ,
1195 504 1267 539 quod
1284 503 1389 531 Carolus
1403 506 1518 543 Stgonius
1533 516 1565 534 ex
1576 516 1637 537 con·

58 544 162 580 ¹jezstura
174 542 333 570 emendavit.

748 576 860 613 Clodia
883 577 945 612 lex.

96 643 139 670 De
152 641 312 670 Peffinuntio
326 640 472 670 sacerdotio
491 638 582 667 Clodia
603 639 645 666 lex
660 647 842 672 memoratur,
863 647 945 677 quam
959 638 1019 679 tulit
1040 639 1069 666 P.
1086 638 1190 667 Clodius
1203 638 1318 668 tribunus
1330 642 1425 678 plebis,
1449 645 1480 672 L.
1495 642 1636 680 Caspurm'o

58 678 143 713 Pinne
157 680 292 711 Caesonio,
314 683 352 707 A.
367 677 472 707 Gabinio
486 678 557 705 Coff.
576 687 646 705 anno
665 686 773 706 mcxcv.
792 686 821 706 ut
842 677 1008 713 Pefflnuntsus
1022 678 1115 705 matris
1134 685 1238 714 magnae
1257 678 1379 709 sacerdos
1392 702 1398 711 ,
1424 681 1470 709 suo
1487 682 1636 711 sacerdotio

51 716 211 783 {pepliarieitsur
223 738 232 751 ,
264 717 409 755 fanumque
428 715 492 744 illud
504 716 642 754 2Brotigara
662 715 828 754 Gallograeco
848 715 1045 744 attribueretur.
1082 714 1169 743 Cicero
1185 724 1236 752 pro
1253 717 1336 746 Sestio
1351 739 1359 751 ,
1387 721 1413 748 ὃῑ
1430 720 1464 748 de
1475 720 1633 758 Aruspicum

28 795 31 798 ⁴
95 764 151 791 pon
185 776 192 784 ⁶
755 794 857 844 Papia
882 793 943 826 lex.

82 858 138 887 ‘De
151 858 296 896 virginibus
312 853 445 894 Vestalibus
457 858 510 885 duae
523 857 688 894 reperiuntur
700 854 776 893 leges,
797 865 849 884 una
860 856 892 882 de
905 854 959 883 ritu
966 855 1076 884 Vestalis
1089 857 1236 893 capiendae,
1257 856 1339 886 altera
1351 858 1382 885 de
1389 867 1465 893 poem
1475 867 1566 888 earum
1576 868 1633 897 quae

44 894 185 924 'incestum
200 897 398 925 commifiss'ent.
435 898 478 924 De
491 897 543 924 ritu
557 896 689 932 capiendae
705 894 814 922 Vestalis
828 894 938 931 virginis
954 894 1031 928 Papia
1036 894 1094 929 suit
1106 895 1152 922 hac
1163 906 1172 921 :
1191 905 1220 924 ut
1233 896 1368 933 pontificis
1380 899 1495 925 maximi
1508 898 1635 925 arbitratu

48 934 172 971 iirgines
183 933 198 961 ὲ
209 934 311 971 populo
324 935 420 971 viginti
431 935 595 973 legerentur,
615 932 772 970 sortitioque
785 934 813 961 in
825 933 956 961 concione
970 940 1003 959 ex
1017 942 1049 959 eo
1056 942 1172 961 numero
1188 934 1278 965 fieret,
1299 936 1334 966 &‚
1343 935 1418 969 cujus
1431 936 1542 972 virginis
1553 934 1633 962 dueta

55 971 127 1002 ess'et,
135 980 165 1000 ut
174 980 234 999 earn
241 970 357 1008 pont'ffex
370 971 498 1000 maximus
511 979 629 1008 caperet,
639 980 720 1009 eaque
733 972 818 999 Vestae
831 970 916 998 fieret.
941 970 984 997 Sic
997 971 1070 998 enim
1082 979 1142 998 eam
1156 971 1338 1004 restituerunt,
1358 971 1473 1009 Jacobus
1484 973 1633 1004 Raevara'us‚

54 1010 84 1036 δι
97 1008 235 1037 Ludouicus
248 1010 342 1037 camo
355 1011 376 1037 Ι.
390 1011 424 1038 C.
438 1011 511 1040 addit
524 1018 614 1037 autem
631 1010 712 1037 etiam
729 1008 846 1047 Agellius
859 1029 867 1040 ,
887 1017 948 1035 eam
965 1007 1136 1037 sortitionem
1157 1017 1189 1036 ex
1207 1009 1266 1046 lege
1280 1009 1358 1045 Papia
1378 1010 1425 1039 suo
1439 1019 1563 1048 tempore
1575 1019 1633 1039 non

43 1047 223 1075 *necessariam
239 1049 323 1076 videri
336 1047 430 1075 solere.
451 1051 525 1076 Nam
539 1047 558 1074 fi
571 1047 628 1084 quis
643 1047 754 1075 honesto
768 1047 830 1075 loco
843 1053 920 1074 natus
933 1046 1010 1074 adeat
1017 1044 1159 1081 pontificem
1171 1057 1330 1078 mammam,
1351 1056 1430 1085 atque
1441 1048 1536 1076 offerat
1549 1049 1582 1075 ad
1595 1048 1633 1076 sa-

45 1085 202 1113 cerdotium
216 1086 297 1114 filiam
312 1085 384 1114 suam
393 1106 401 1117 ‚
423 1087 497 1124 cujus
510 1086 639 1115 duntaxat
649 1084 726 1115 salvis
739 1085 903 1123 religionum
917 1084 1145 1113 observationibus
1159 1085 1226 1113 ratio
1239 1085 1328 1114 haberi
1343 1087 1436 1123 possit,
1455 1088 1571 1124 gratiam
1580 1087 1632 1113 Pa-

42 1121 89 1156 pie
101 1122 162 1161 legis
172 1133 221 1161 per
232 1124 352 1153 senatum
366 1124 431 1154 fieri.

724 1166 851 1198 Licinia
875 1163 936 1197 lex.

90 1230 132 1254 De
143 1227 234 1265 incestu
247 1239 310 1258 vero
324 1229 459 1267 Vestalium
472 1229 609 1267 virginum
622 1227 632 1260 ζ
653 1231 680 1257 &
693 1229 838 1256 earundem
853 1237 933 1265 poena
947 1227 1101 1256 constituta:
1129 1234 1159 1256 ut
1173 1227 1272 1257 scilicet
1287 1230 1354 1258 vivae
1365 1229 1572 1263 defoderentur‚
1592 1229 1631 1258 fib*

51 1262 131 1296 [cratae
143 1265 206 1301 leges
220 1265 240 1293 :a
257 1270 341 1295 Numa
347 1266 468 1306 proposita
480 1266 640 1303 loquuntur,
660 1264 774 1302 Dionjfio
786 1265 834 1293 lib.
845 1275 865 1303 i.
880 1265 999 1293 authore.

91 1302 243 1337 Sequuntur
255 1304 310 1340 jam
325 1304 374 1332 illae
387 1305 460 1342 leges
471 1325 479 1336 ,
498 1313 556 1341 quae
569 1304 603 1331 de
606 1303 766 1337 sacerdotum
778 1302 894 1330 eleHmne
909 1323 915 1331 .
937 1304 1110 1339 cooptatione
1121 1323 1128 1333 ‚
1147 1302 1336 1341 velrcreatione
1346 1304 1403 1333 latae
1420 1305 1493 1336 sunt,
1514 1313 1628 1342 quarum

54 1339 143 1375 prima
157 1339 208 1368 fuit
223 1341 336 1374 chinia,
358 1351 438 1379 quam
453 1342 559 1379 rogavit
573 1343 605 1369 C.
617 1339 729 1368 Licinius
743 1340 849 1378 Craffus
860 1339 974 1368 tribunus
986 1341 1070 1377 plebis
1084 1340 1209 1379 Qfabm
1223 1343 1354 1375 Maximo,
1375 1344 1406 1369 L.
1423 1341 1540 1371 Mancino
1555 1343 1629 1373 Coss‘.

52 1385 124 1404 anno
141 1385 219 1406 iocw
229 1389 237 1406 1
247 1390 269 1407 1.
288 1381 327 1408 Ut
340 1378 507 1408 sacerdotum
521 1379 660 1416 cooptatio
671 1378 703 1406 ab
717 1379 835 1416 ipsorum
848 1378 961 1416 collegio
974 1379 1005 1406 ad
1018 1380 1148 1416 populum
1158 1378 1355 1408 transferretur.
1376 1384 1482 1408 Verum
1499 1390 1558 1408 eam
1571 1391 1627 1409 non

48 1413 174 1450 pertulit,
196 1424 226 1444 ut
239 1418 267 1444 in
279 1417 407 1445 Ciceronis
418 1417 500 1445 Laelio
515 1418 605 1445 videre
618 1417 672 1444 est:
693 1418 734 1445 Sic
749 1418 823 1445 enim
845 1417 878 1445 de
892 1426 921 1444 ea
935 1416 990 1453 ipse
1005 1416 1095 1443 Lalius
1108 1428 1116 1443 ,-
1137 1417 1298 1444 Meministis
1313 1439 1319 1449 ‚
1338 1420 1438 1456 inquit,
1461 1419 1628 1455 QMaximo

48 1451 133 1480 fratre
146 1454 288 1489 Scipionis,
311 1457 338 1483 &
353 1457 385 1482 L.
400 1454 519 1483 Mancino
532 1455 603 1482 Coss'.
616 1463 697 1491 quam
711 1455 848 1493 popularis
859 1454 901 1481 lex
913 1454 945 1481 de
950 1453 1098 1489 sacerdotiis
1113 1454 1147 1481 C.
1162 1455 1258 1482 Licinii
1273 1457 1356 1484 Craffi
1371 1457 1509 1484 videbatur
1526 1459 1536 1484 ?
1555 1458 1627 1485 Coo-

44 1490 136 1527 ptano
147 1492 220 1518 enim
235 1492 410 1530 collegiorum
423 1493 456 1520 ad
469 1492 562 1529 populi
573 1492 734 1520 beneficium
748 1492 962 1521 transferebatur.
982 1494 1070 1529 Atque
1084 1494 1105 1520 is
1120 1492 1242 1528 primum
1257 1494 1368 1522 instituit
1382 1495 1409 1521 in
1424 1494 1515 1522 forum
1530 1494 1625 1525 versus.

38 1536 127 1565 *agere
145 1537 208 1557 cum
227 1531 351 1568 populo:
377 1538 469 1559 tamen
491 1530 559 1557 illius
577 1529 741 1558 vendibilem
758 1531 910 1558 orationem
934 1529 1029 1566 religio
1049 1530 1164 1557 deorum
1185 1530 1383 1558 immortalium
1397 1552 1405 1563 ‚
1436 1531 1514 1558 nobis
1534 1531 1624 1559 defen-

43 1564 172 1594 dentibus
181 1585 189 1596 ,
202 1566 278 1595 facile
292 1568 425 1600 vincebat,
445 1575 524 1605 atque
538 1569 565 1596 id
577 1568 667 1594 aetum
681 1569 733 1601 est,
754 1577 868 1605 praetore
881 1577 942 1601 me,
956 1566 1140 1605 quinquennio
1153 1574 1230 1599 ante,
1250 1576 1331 1604 quam
1346 1568 1445 1597 Consul
1458 1567 1518 1598 sum
1532 1568 1626 1598 fastus.

47 1603 182 1640 *Itaquere
197 1606 297 1642 magis,
317 1615 398 1643 quam
410 1605 569 1634 authoritate
582 1604 657 1636 causa
668 1606 712 1636 ina
724 1605 832 1637 defensa
844 1607 890 1635 est.

717 1678 862 1712 Domitia
884 1677 948 1711 Iex.

84 1741 178 1769 Secuta
190 1739 258 1769 hanc
271 1741 307 1769 est
317 1741 447 1770 Domitia,
468 1749 550 1779 quam
565 1737 618 1769 Cn'·
631 1739 760 1769 Domitius
772 1739 951 1769 Ahenobarbus
964 1760 971 1772 ,
997 1736 1114 1767 nibianus
1128 1738 1213 1776 plebis
1227 1761 1235 1772 ,
1255 1741 1362 1768 Neronis
1376 1742 1550 1779 Imperatoris
1563 1750 1622 1770 ata-

45 1786 109 1811 vus,
129 1779 254 1806 offenfior
262 1777 431 1815 pontificibus,
451 1780 522 1816 quod
534 1779 631 1812 alium,
651 1788 733 1816 quam
749 1779 791 1813 se,
811 1781 840 1808 in
851 1780 934 1816 patris
947 1778 986 1807 sui
999 1777 1090 1806 locum
1105 1779 1270 1815 cooptassent
1283 1800 1291 1811 ‚
1311 1779 1371 1808 tulit
1383 1801 1391 1812 ‚
1411 1782 1442 1808 C.
1456 1782 1542 1809 Mario
1560 1791 1620 1809 111.

17 1840 19 1842 .
43 1814 77 1842 L.
91 1817 194 1844 Aurelio
207 1816 278 1844 Coss‘.
291 1826 362 1844 anno
379 1825 453 1845 IDCL·
474 1818 519 1844 Ne
532 1818 699 1845 lacer-dotum
713 1817 839 1856 collegia,
858 1818 897 1845 uti
910 1825 987 1845 antea
999 1826 1080 1855 quem
1093 1815 1205 1849 vellent,
1225 1825 1383 1853 cooptarent
1396 1830 1402 1846 :
1422 1818 1465 1847 sed
1481 1828 1512 1848 ut
1526 1818 1620 1856 populi

17 1875 19 1878 .
42 1851 70 1880 id
83 1853 243 1882 beneficium
256 1854 328 1883 effer.
349 1855 419 1882 Cum
434 1861 523 1882 autem
537 1855 649 1892 populus
662 1865 710 1892 per
723 1856 883 1894 religionem
894 1854 1041 1884 {acerdotia
1054 1855 1183 1883 mandare
1195 1864 1250 1882 non
1263 1855 1365 1898 possen.
1381 1858 1487 1894 rogavit
1500 1878 1507 1889 ,
1528 1866 1557 1886 ut
1567 1858 1619 1884 mi-

42 1900 94 1919 nor
108 1900 166 1927 pars
179 1892 281 1928 populi,
302 1893 330 1920 id
344 1893 393 1925 est,
413 1892 496 1920 tribus
508 1892 704 1928 septemdecim
719 1902 890 1923 vocarentur:
911 1894 944 1921 ab
957 1904 988 1921 ea
999 1900 1076 1930 parte
1092 1894 1138 1928 qui
1154 1893 1217 1920 esset
1230 1892 1313 1919 fastus
1327 1914 1335 1925 ,
1358 1903 1378 1922 is
1397 1895 1410 1922 a
1427 1894 1540 1933 collegio
1554 1905 1618 1924 coo-

40 1936 174 1965 ptareturz
193 1928 325 1956 Suetonius
338 1930 365 1957 in
380 1932 506 1962 Nerone,
527 1930 630 1964 Vellejus
644 1932 788 1959 Paterculus
801 1932 878 1960 liba.
898 1932 987 1958 Cicero
995 1931 1103 1967 Agraria
1118 1939 1142 1956 2.
1164 1929 1270 1965 epistola
1286 1940 1310 1964 5.
1331 1931 1364 1958 ad
1381 1934 1507 1964 Brutum,
1529 1936 1554 1962 ὃς
1568 1943 1619 1971 pro

43 1966 188 1997 Cornelio,
208 1969 235 1995 &
249 1968 368 2001 Astonias
381 1969 409 1996 in
419 1970 549 2000 eandem,
570 1972 620 1996 Dm
636 1969 681 1997 lib.
691 1980 732 2007 37.
753 1969 887 1998 Manutius
902 1969 1048 1999 existimat,
1067 1967 1116 1994 hac
1127 1966 1185 2003 lege
1197 1967 1353 2002 permiss‘um
1368 1971 1434 2001 effe,
1456 1978 1485 1999 ut
1499 1972 1618 2001 absentes

41 2011 150 2041 quoque
161 2004 263 2040 poffent
276 2012 367 2041 petere
378 2006 536 2037 sacerdotia,
557 2006 628 2034 hunc
641 2007 732 2035 locum
745 2007 870 2034 Ciceronis
882 2007 914 2034 ad
928 2007 1041 2033 Brutum
1056 2006 1089 2032 de
1103 2013 1133 2031 ea
1146 2013 1294 2040 exponens:
1318 2008 1479 2036 Ciceronem
1495 2012 1615 2038 nostrum

41 2041 152 2076 (scribit
165 2041 281 2077 Tullius)
301 2043 328 2070 in
343 2045 456 2072 vestrum
471 2044 614 2082 collegium
631 2046 752 2081 cooptari
765 2046 837 2073 volo.
857 2044 987 2071 Existimo
1000 2043 1114 2070 omnino
1127 2041 1273 2070 absentium
1287 2045 1420 2074 rationem
1433 2046 1522 2076 haberi
1534 2048 1618 2083 sacerd⁴

41 2079 138 2108 dotum
153 2081 270 2108 comitiis
282 2081 366 2117 poss'e:
386 2091 450 2110 nam
462 2084 544 2112 etiam
560 2083 661 2111 fanum
675 2084 712 2111 est
726 2091 809 2112 antea.
834 2084 866 2110 C.
879 2082 953 2110 enim
969 2080 1084 2110 Marius,
1105 2089 1168 2108 cum
1182 2081 1210 2109 in
1225 2082 1391 2119 Cappadocia
1405 2086 1482 2119 effet,
1495 2087 1547 2124 lege
1562 2092 1622 2117 Do<-

41 2118 117 2146 tm'tia
131 2118 214 2147 faetus
227 2118 263 2146 est
275 2128 371 2156 augur,
390 2129 453 2153 nec,
474 2131 528 2158 quo
542 2121 633 2149 minus
648 2122 674 2150 id
687 2122 777 2159 postea
790 2121 896 2153 liceret,
916 2119 960 2147 lex
973 2119 1026 2149 ulla
1039 2118 1131 2148 sanxit.

705 2193 848 2226 Cornelia
871 2192 933 2225 lex.

49 2289 51 2291 Ι
76 2254 230 2284 Domitiam
243 2254 332 2298 legem
347 2255 378 2281 L.
392 2254 522 2284 Cornelius
533 2257 603 2286 Sulla
617 2259 755 2291 Di&at0r‚
777 2261 804 2287 δε
815 2257 916 2286 Consul
929 2266 992 2286 cum
1001 2260 1043 2294 ᾗ
1058 2255 1161 2284 Metello
1169 2277 1182 2297 ,ι
1197 2265 1268 2298 anno
1284 2266 1416 2290 mci-xxvi
1426 2269 1448 2290 1.
1462 2264 1613 2302 ’abrogavitj

41 2293 114 2322 Tulit
128 2295 200 2322 enim
210 2315 216 2326 ,
236 2302 320 2337 utUJus
333 2293 509 2336 creandorum
522 2295 691 2326 sacerdotum
711 2297 725 2325 ὲ
738 2296 839 2334 populo
860 2296 952 2333 (cujus
964 2296 1020 2323 haec
1034 2297 1092 2332 lege
1105 2298 1220 2336 Dommq
1232 2299 1345 2339 potestas
1358 2304 1432 2337 erat)
1456 2303 1487 2330 ad
1502 2303 1613 2340 collegia

39 2331 239 2375 transferretur:
260 2340 332 2369 nque
346 2340 378 2360 ex
393 2340 477 2371 veteri
488 2342 582 2368 more,
601 2344 657 2374 non
669 2336 774 2376 tributis
788 2335 920 2375 comitiis,
943 2340 1141 2373 cooptarenth
1169 2336 1222 2364 Dto
1234 2334 1279 2375 lib.
1298 2347 1340 2374 37.
1360 2339 1482 2375 Astoraius
1492 2341 1520 2368 in
1537 2342 1615 2377 Divi-⁴

23 2375 185 2407 Qatlonem·
725 2375 733 2379 '

907 2426 1012 2465 §geg
1548 2432 1615 2467 Aa«
