2075 2734
402 107 457 144 55⁶
681 79 1716 131 A-NriquiriisumRoiiinin'‘umLis.v111.

403 154 491 191 gati55
518 148 668 187 cujusmodi
688 147 897 186 disputationum
917 147 969 175 fori
991 147 1174 174 meminerunt
1194 146 1244 182 juri
1254 145 1371 174 “consulti
1392 145 1457 183 saepe
1471 167 1477 177 ‚
1505 148 1531 174 ὃ(
1553 151 1655 174 Marcus
1668 147 1752 175 cicero
1767 148 1837 179 libro
1850 153 1941 188 primo
1954 159 1987 186 ad

403 192 537 226 Qintum
556 188 682 218 fratrem,
703 194 781 224 atque
794 187 822 213 in
837 184 948 222 Topicis
963 185 995 213 ad
1010 184 1166 213 Trebatium.
1206 185 1286 219 Qiod
1302 186 1384 221 igitur
1396 185 1423 212 in
1437 183 1591 220 hujusmodi
1606 184 1658 212 fori
1673 185 1847 223 disputatione
1860 201 1985 224 commu-

404 229 432 257 ni
449 226 680 263 jurisconfieltorum
694 223 821 252 consensu
835 223 977 251 definitum
987 244 994 255 ,
1016 225 1041 251 ὃς
1057 224 1196 251 decretum
1212 231 1283 254 erat,
1304 224 1330 250 id
1347 232 1452 260 quoque
1459 225 1500 258 jus
1515 221 1587 250 civile
1601 226 1744 252 communi
1758 228 1868 256 nomine
1883 221 1987 261 dicebat

405 274 450 295 tur
462 287 468 298 ,
495 268 520 294 8<
536 265 578 301 jus
592 273 646 291 non
661 263 798 299 scriptum.
837 261 920 289 Cicero
932 262 1031 288 decreta
1044 261 1271 297 jurtfionficltorum
1285 260 1398 296 appellat
1409 282 1417 293 ,
1443 270 1503 289 cum
1512 269 1557 295 pro
1572 265 1685 289 Munna
1698 262 1732 290 fic
1746 262 1836 293 scribit
1850 277 1855 292 :
1883 269 1988 299 Deinde

405 303 490 332 vestra
505 301 625 339 responsa
637 309 717 337 atque
731 301 837 329 decreta
851 302 877 328 δε
890 306 1046 328 evertuntur
1058 299 1123 335 saepe
1135 299 1250 326 dicendo
1264 320 1270 330 ‚
1291 301 1317 326 δε
1332 298 1386 326 fine
1398 299 1551 327 defensione
1569 301 1691 327 Oratoris
1706 300 1784 328 firma
1797 302 1848 330 effe
1860 314 1914 334 non
1927 309 1987 344 pos.

405 341 475 370 sunt.
497 342 545 369 Per
558 338 680 376 responsa
695 340 768 367 enim
783 337 947 376 singulorum
961 337 1085 375 intelligit
1102 336 1185 364 Cicero
1197 335 1445 373 jurisconsuitorum
1460 337 1643 371 definitiones,
1658 347 1706 376 per
1719 340 1825 368 decreta
1838 350 1916 376 vero,
1933 356 1987 375 cer.

406 387 446 409 tas
462 379 512 406 fori
528 377 715 414 disputationes
731 377 873 406 communi
886 376 1075 414 disputantium
1090 374 1214 412 suffragio
1227 382 1346 411 receptas
1359 374 1508 404 sententias.

447 419 525 445 Tunc
544 418 617 444 enirn
638 416 766 443 decernere
784 414 940 444 ditebantur
952 412 1119 449 jurisconfidti
1130 434 1139 446 ‚
1164 423 1226 440 cum
1247 414 1280 440 de
1298 413 1357 449 jure
1377 413 1458 441 dubio
1476 421 1576 442 certam
1592 416 1618 443 ὃς
1632 417 1774 445 communi
1787 418 1913 447 consensu
1925 429 1988 457 pro.

407 456 496 483 batam
516 454 669 491 proferrent
688 454 883 482 definitionem.
923 453 1000 480 Idem
1020 454 1061 490 jus
1081 452 1134 479 fine
1153 450 1250 488 scripto
1270 460 1301 478 ex
1321 450 1372 478 sola
1384 451 1540 484 prudentum
1555 452 1714 482 authoritate
1728 456 1848 484 constans
1861 458 1903 493 jus
1916 468 1988 488 rece-

405 502 502 530 ptum,
524 496 550 522 ὃ(
570 500 677 529 recepta
695 492 839 523 sententia,
862 494 887 520 ὃς
907 491 993 528 regula
1004 490 1074 524 juris
1094 489 1244 520 dicebatur,
1264 498 1326 526 quas
1345 489 1434 524 postea
1452 491 1559 525 quidam
1571 490 1737 526 jurg'ftonstclti
1751 493 1917 532 collegerunt
1929 517 1937 528 ‚
1959 500 1987 526 ὃς

408 533 436 560 in
451 531 532 559 libros
547 531 707 562 retulerunt,
728 530 815 567 quales
828 529 887 558 sunt
901 530 1017 565 quinque
1031 529 1091 556 libri
1103 534 1272 564 receptarum
1285 526 1475 554 sententiarum
1491 526 1566 563 Julii
1580 528 1655 556 Pauli
1667 530 1698 557 ad
1713 530 1797 559 filium
1812 544 1816 559 z
1839 535 1865 561 &
1878 533 1934 561 libri
1947 545 1987 562 re-

402 569 526 607 gularum
537 569 605 603 juris
618 569 645 596 in
659 567 760 604 scriptis
771 566 1029 605 jurisconsultorum.
1068 568 1187 597 Tantum
1202 565 1235 592 de
1247 574 1307 600 jure
1321 564 1392 592 civili
1406 565 1478 601 quod
1491 575 1523 593 ex
1537 566 1678 594 duodecim
1695 568 1789 597 tabulis
1804 570 1882 599 fluxit
1898 583 1904 599 z
1930 581 1988 609 quae

410 609 502 636 omnia
519 607 621 635 erudite
636 609 664 635 ὅ(
679 605 812 644 eleganter
827 605 941 642 explicat
952 603 1061 642 Jiicobus
1074 604 1209 630 Raevardus
1222 603 1292 631 libro
1312 602 1436 640 singulari
1455 603 1486 629 de
1505 604 1660 632 authoritate
1673 607 1830 640 prudentum
1842 629 1850 640 ‚
1877 618 1933 646 cap.
1946 620 1989 646 ¹4·

406 647 434 674 ὅ(
454 657 462 674 1
489 667 495 673 .

450 657 600 717 CZterum,
619 690 649 712 ut
667 693 701 711 eo
718 683 842 715 redeam,
862 683 933 710 unde
952 681 1078 719 digressus
1097 679 1154 707 sum
1167 701 1174 712 ,
1194 679 1284 708 scribit
1303 678 1468 714 Pomponius,
1489 689 1551 707 cum
1571 680 1634 709 ess‘et
1654 681 1682 708 in
1701 682 1808 710 civitate
1827 683 1869 711 lex
1889 685 1990 714 duodo·

409 723 465 750 cim
485 723 648 754 tabularum,
671 724 696 750 δε
708 722 755 756 jus
773 720 859 750 cii-ile.
878 721 960 749 essent
981 723 1006 748 ὃ(
1026 719 1089 756 legis
1108 718 1238 746 aCtiones:
1260 719 1349 746 evenit
1369 725 1399 745 ut
1418 717 1490 754 plebs
1508 719 1535 746 in
1549 718 1708 746 discordiam
1725 729 1787 747 cum
1801 721 1917 757 patribus
1928 733 1988 760 pei-

408 762 531 793 veniret,
552 763 579 790 ὃς
599 760 750 791 secederet,
771 759 869 796 sibique
887 759 945 794 jura
964 759 1153 786 constitueret:
1181 766 1238 795 quzt²
1255 756 1315 792 jura
1327 754 1453 790 plebijc'tta
1473 764 1612 784 vocantur.
1651 758 1719 785 Mox
1738 767 1801 786 curn
1820 768 1944 792 revocata
1963 765 1991 791 δε

409 799 483 835 plebs
496 820 503 832 ,
530 799 590 836 quia
605 797 696 826 multae
710 797 846 825 discordiae
861 796 1031 824 nascebantur
1043 796 1076 823 de
1090 794 1130 822 his
1138 794 1268 830 plebfirtts
1281 813 1288 823 ,
1308 803 1358 830 pro
1375 793 1475 830 legibus
1490 794 1588 830 placuit
1605 798 1630 823 ὃ(
1645 804 1675 822 ea
1690 794 1840 828 observari,
1859 797 1910 835 lege
1925 803 1992 827 Hor.

408 836 488 875 tenfia
502 848 508 864 :
527 839 553 865 ὃς
569 838 606 865 ita
623 836 725 864 factum
742 835 792 867 est,
812 842 841 864 ut
855 836 925 862 inter
934 833 1058 869 plebtftita
1072 835 1098 861 ἃ
1113 833 1206 871 legem,
1228 831 1325 868 species
1338 832 1515 860 constituendi
1528 833 1681 861 interessent
1692 853 1700 864 ,
1720 835 1832 870 potestas
1845 843 1936 864 autern
1950 847 1992 866 eas

407 875 473 902 dem
487 875 558 903 effer.
1988 869 1994 873 -

447 913 553 941 Deinde
566 914 627 950 quia
641 911 751 940 difficile
763 911 836 948 plebs
850 912 995 939 convenite
1009 911 1106 946 coepit,
1127 909 1240 945 populus
1253 907 1340 937 multo
1354 907 1487 936 difficilius
1499 909 1527 936 in
1541 915 1613 937 tanta
1625 908 1702 937 turba
1709 909 1853 938 hominum
1862 932 1871 943 ,
1884 914 1994 942 neceffi.=

407 955 447 978 tas
462 950 515 988 ipsa
528 960 621 979 curam
634 950 783 988 reipublicae
799 949 836 976 ad
845 952 967 983 senatum
981 948 1099 975 deduxit.
1138 949 1179 974 lta
1194 947 1277 981 coepit
1289 947 1394 979 senatus
1407 946 1433 974 se
1447 947 1618 984 interponere
1631 967 1639 979 ,
1667 949 1693 976 &
1709 948 1834 985 quicquid
1848 950 1994 980 constituis·

409 988 461 1020 set,
480 988 679 1016 observabatur:
701 989 780 1024 idque
793 987 834 1023 jus
846 985 1024 1022 appellabatur
1028 983 1278 1018 sentitufionfhltum.
1989 984 1995 988 ⁴

450 1027 555 1054 Eodem
571 1033 696 1062 ternpore
709 1023 868 1062 magistratus
881 1024 940 1059 jura
954 1022 1118 1054 reddebant,
1141 1024 1168 1050 &
1182 1029 1212 1050 ut
1226 1021 1323 1050 scirent
1336 1022 1421 1053 cives,
1442 1024 1514 1059 quod
1526 1023 1568 1059 jus
1582 1025 1614 1052 de
1627 1032 1730 1061 quaque
1743 1034 1772 1052 re
1786 1024 1895 1063 quisque
1906 1028 1994 1058 diam*

408 1075 453 1093 rus
467 1065 544 1096 effen
563 1063 643 1100 seque
655 1064 842 1101 praemuniret:
863 1061 948 1089 edicta
960 1059 1160 1097 proponebant,
1181 1069 1238 1097 quae
1251 1060 1338 1087 edicta
1344 1067 1478 1095 pratorum
1483 1062 1529 1096 jus
1541 1062 1699 1089 honor-anum
1713 1063 1914 1094 constituerunt.
1937 1070 2000 1095 Ha*

410 1102 541 1131 mrarium
555 1102 665 1134 dicitur,
686 1101 756 1138 quod
772 1101 804 1128 ab
819 1100 922 1127 honore
935 1099 1055 1136 praetoris
1069 1105 1187 1128 venerat.
1352 1125 1355 1128 ,

451 1141 605 1169 Noviffime
618 1161 626 1172 ,
654 1139 718 1167 ficut
738 1138 770 1165 ad
785 1139 922 1175 pauciores
936 1138 1001 1174 juris
1016 1136 1192 1165 constituendi
1206 1136 1247 1164 via
1260 1137 1376 1165 tranfiffe
1387 1158 1394 1169 ‚
1422 1137 1481 1173 ipsis
1495 1137 1570 1165 rebus
1586 1137 1746 1167 distantibus
1760 1141 1916 1171 videbatur:
1944 1152 1992 1180 per

411 1186 499 1216 partes
514 1179 603 1206 evenit
615 1199 624 1210 ‚
651 1184 679 1204 ut
696 1176 797 1204 necesse
814 1176 877 1204 effet
889 1197 895 1208 ,
919 1175 1069 1212 reipublicae
1084 1184 1132 1212 per
1145 1184 1229 1202 unum
1244 1175 1343 1203 consuli
1356 1196 1363 1207 ‚
1387 1185 1450 1203 nam
1461 1177 1567 1210 fimum
1580 1185 1634 1203 non
1649 1177 1760 1213 perinde
1774 1189 1869 1207 omnes
1883 1182 1993 1215 provin-

410 1219 462 1245 cias
476 1217 559 1253 probe
571 1224 664 1252 gerere
676 1222 789 1252 poterat.
810 1215 895 1251 Igitur
909 1214 1052 1242 constituto
1067 1212 1189 1246 Principe,
1211 1213 1303 1240 datum
1319 1214 1355 1240 est
1370 1214 1395 1241 ei
1407 1213 1464 1249 jus,
1484 1221 1514 1241 ut·
1528 1214 1600 1250 quod
1614 1215 1798 1248 constituisset,
1817 1225 1903 1245 ratuni
1918 1219 1993 1248 esset.

409 1256 451 1283 Ita
469 1256 496 1282 in
510 1255 616 1282 civitate
629 1256 715 1280 nostra
731 1261 775 1280 aut
788 1253 860 1289 jure,
882 1253 908 1280 id
922 1253 972 1283 est,
993 1252 1052 1289 lege
1065 1251 1230 1279 constituitur
1244 1260 1249 1277 ·.
1268 1258 1312 1278 aut
1328 1251 1363 1278 est
1376 1252 1519 1287 proprium
1530 1252 1571 1287 jus
1584 1251 1662 1279 civile
1672 1272 1679 1283 ‚
1699 1254 1772 1290 quod
1783 1254 1837 1282 fine
1850 1254 1948 1291 scripto
1963 1259 1991 1284 in

408 1292 463 1320 sola
479 1292 642 1328 prudentum
664 1291 886 1327 interpretatione
906 1291 1040 1319 consistit:
1065 1298 1110 1317 aut
1131 1290 1190 1317 sunt
1204 1289 1269 1325 legis
1282 1289 1397 1317 aetiones
1412 1309 1420 1320 ‚
1446 1298 1504 1326 quae
1518 1288 1637 1325 sormam
1651 1292 1746 1328 agendi
1760 1293 1899 1320 continent
1916 1304 1921 1320 z
1945 1302 1992 1323 aut

403 1330 556 1366 plebiscitum
568 1350 577 1361 ‚
605 1330 678 1366 quod
699 1329 753 1356 fine
770 1328 931 1357 authoritate
947 1336 1053 1364 patrum
1072 1329 1108 1355 est
1122 1327 1295 1356 constitutum
1311 1338 1315 1354 :
1343 1335 1387 1355 aut
1403 1328 1439 1354 est
1452 1326 1648 1365 magistratuum
1661 1330 1772 1356 etltHum
1783 1350 1791 1362 ‚
1818 1331 1940 1365 undejus
1951 1332 1994 1359 ho-

408 1368 539 1396 norarium
560 1367 692 1395 nascitur:
720 1375 764 1395 aut
776 1367 1013 1401 ftnnttfionfizltum
1027 1386 1033 1397 ,
1061 1367 1133 1403 quod
1152 1364 1237 1392 solum
1258 1363 1347 1394 senatu
1367 1366 1544 1393 constituente
1563 1366 1697 1395 inducitur
1716 1367 1769 1395 fine
1788 1367 1865 1405 lege:
1893 1378 1938 1398 aut
1957 1371 1994 1398 est

409 1406 558 1441 Principalis
572 1405 737 1437 constitutio,
760 1406 786 1432 id
803 1405 854 1436 est,
875 1412 903 1432 ut
918 1405 989 1441 quod
1004 1403 1057 1439 ipse
1073 1405 1195 1438 Princeps
1210 1403 1362 1434 constituit,
1384 1412 1434 1439 pro
1448 1403 1507 1440 lege
1520 1403 1644 1431 servetur.
1677 1406 1811 1434 Hactenus
1825 1407 1991 1441 Pomponius,

409 1454 442 1472 ex
457 1445 551 1482 quibus
563 1445 696 1480 originem
711 1446 737 1472 8<
751 1442 900 1479 process'uni
912 1443 978 1479 juris
993 1443 1110 1470 Romani
1124 1440 1237 1478 intelligi
1250 1440 1323 1476 poss‘e
1333 1449 1411 1478 puto.
1450 1441 1553 1478 Qubus
1566 1441 1699 1477 explicatis
1711 1463 1719 1475 ,
1741 1444 1772 1471 ad
1787 1443 1870 1480 ipsam
1883 1445 1940 1481 jam
1954 1447 1992 1474 le.

410 1491 475 1519 gum
489 1482 722 1511 enumerationem
734 1481 900 1510 accedemus.
1351 1478 1354 1481 ⁴
1988 1481 1991 1483 ’

1112 1569 1173 1597 ΟΛ
1192 1578 1216 1596 1⁷.
1257 1571 1294 1598 V.

866 1639 918 1673 De
923 1640 996 1686 jure
1014 1640 1200 1688 Papiriam,
1217 1639 1286 1682 sive
1299 1636 1413 1686 legibus
1428 1640 1543 1685 Regiis.

412 1725 543 1789 Initium
564 1725 677 1764 catalogi
696 1726 786 1763 legum
808 1725 994 1753 Romami-um
1014 1725 1140 1754 faciemus
1159 1723 1171 1752 -ὲι
1191 1722 1285 1761 legibus
1304 1723 1388 1762 Regiis
1400 1744 1409 1756 ,
1428 1724 1521 1762 quibus
1539 1724 1660 1760 primum
1679 1723 1738 1753 usos
1757 1724 1831 1753 fuisse
1851 1727 2001 1756 Romanos

436 1770 438 1772 “
463 1765 519 1800 jam
539 1765 654 1792 diximus
668 1775 673 1792 t
701 1762 815 1801 quasque
834 1768 926 1791 Sextus
942 1763 1058 1798 rapimus
1073 1762 1181 1800 collegit
1193 1783 1200 1794 ‚
1227 1763 1297 1789 unde
1310 1764 1391 1790 etiam
1409 1772 1510 1790 nomen
1526 1764 1685 1791 invenerunt
1698 1783 1704 1793 ,
1732 1771 1761 1790 ut
1773 1764 1815 1800 jus
1829 1763 1890 1792 illud
1904 1786 1911 1796 ‚
1936 1775 1991 1802 quo

414 1801 485 1840 leges
502 1803 593 1839 Regiae
613 1802 817 1831 continebantur
829 1823 836 1833 ‚
854 1803 899 1836 jus
918 1804 1081 1836 Papa-mnam
1099 1802 1239 1828 diceretur.
1279 1798 1421 1835 franciscus
1437 1799 1581 1827 Balduinus
1591 1800 1790 1836 jurisconsultus
1804 1801 1993 1832 celeberrimus

413 1842 440 1868 in
461 1850 508 1871 eo,
528 1850 609 1878 quem
629 1841 662 1868 ad
681 1840 705 1868 le
725 1850 752 1868 es
773 1839 885 1867 Romuli
903 1839 1020 1876 scripfit‚
1039 1839 1123 1870 libro,
1143 1838 1296 1866 octodecim
1316 1837 1434 1866 recenset
1452 1838 1528 1875 ipsius
1547 1837 1617 1875 leges
1630 1860 1638 1870 ,
1659 1848 1722 1876 quas
1738 1838 1763 1866 le
1781 1840 1808 1866 in
1824 1839 1910 1868 tabula
1924 1843 1992 1869 anti-

415 1879 537 1916 quissima
555 1878 682 1907 invenisse
702 1849 792 1906 (geribit
804 1899 810 1909 ‚
837 1880 864 1906 ὅτ.
884 1886 915 1905 ex
935 1876 1029 1916 quibus
1050 1876 1145 1905 multas
1165 1876 1246 1904 ctiam
1267 1875 1360 1902 Paulus
1381 1880 1514 1903 Manutius
1533 1877 1560 1904 in
1573 1877 1663 1914 legum
1679 1875 1767 1904 libello
1780 1887 1992 1907 commemorat.

415 1919 518 1944 Verum
540 1924 631 1946 tamen
652 1917 760 1945 eruditis
782 1916 845 1942 viris
864 1914 914 1942 illae
933 1925 988 1944 non
1008 1913 1164 1951 probantur.
1203 1913 1321 1948 Cujacius
1335 1921 1408 1942 certe
1421 1924 1475 1941 non
1490 1913 1593 1943 dubitat
1604 1914 1739 1942 affirmare
1752 1935 1758 1946 ‚
1786 1916 1912 1943 confictas
1926 1916 2001 1953 ipsas«

415 1955 474 1982 esse.
516 1956 575 1992 Ego
588 1976 596 1987 ‚
615 1965 650 1983 ne
667 1955 731 1993 quid
749 1953 929 1985 desideretur,
949 1954 1070 1991 primum
1090 1963 1146 1991 quae
1165 1952 1212 1988 ipsi
1230 1953 1344 1981 recitant
1363 1953 1448 1988 capita
1460 1973 1467 1984 ‚
1488 1953 1507 1980 fi
1525 1953 1570 1990 qui
1590 1952 1661 1980 forte
1681 1952 1769 1990 legere
1790 1954 1898 1986 volent,
1916 1964 1991 1991 repe-

414 1999 484 2058 tdang:
505 1994 601 2022 deinde
614 2003 656 2021 eas
669 1994 740 2031 leges
753 1992 979 2021 commemorabo
991 2012 1000 2024 ,
1020 2002 1078 2031 quae
1091 1991 1169 2020 certis
1184 1998 1307 2019 veterum
1319 1990 1482 2028 scriptorum
1494 1991 1652 2020 testimoniis
1665 1992 1801 2024 nituntur,
1820 1993 1856 2021 ita
1869 2000 1899 2021 ut
1912 1993 1945 2021 de
1959 1994 1992 2021 iis

436 2038 451 2057 u
471 2032 530 2060 itari
545 2041 600 2060 non
613 2032 702 2069 poffit.

553 2120 633 2154 Haec
651 2120 747 2168 igitur
762 2119 863 2167 capita
877 2130 914 2154 ex
931 2116 1144 2165 antiquiffima
1158 2094 1262 2153 tabula
1277 2115 1459 2167 descripfiffe
1472 2117 1501 2153 se
1519 2116 1690 2154 Balduinus
1706 2114 1848 2153 affirmat.

423 2210 445 2228 r.
465 2204 507 2228 Ne
520 2202 584 2240 quid
595 2203 745 2242 inaugurato
752 2206 875 2242 factumn.
1224 2216 1250 2239 4.
1271 2206 1365 2242 Plebeji
1377 2216 1448 2244 agros
1460 2205 1563 2233 colunto.

420 2248 446 2266 2.
465 2241 553 2268 Patres
558 2242 651 2283 lecra3
678 2243 942 2284 magislratusquejbli
949 2252 1089 2291 peragutgo
1099 2244 1185 2273 ineun-
1221 2256 1246 2283 5.
1268 2246 1371 2281 Populus
1392 2243 1556 2283 magistratus
1568 2251 1681 2276 creante,
1703 2242 1766 2282 leges
1777 2242 1908 2279 stisc'unto,
1925 2240 1989 2271 bella

495 2287 582 2317 toque,
595 2282 685 2317 susque
698 2282 805 2310 ducumo.
1297 2285 1452 2311 decernunto.

419 2324 444 2353 3.
462 2320 593 2344 Satrorum
611 2327 723 2356 ommam
731 2319 834 2357 potestas
841 2320 888 2356 ficb
902 2322 1010 2361 Regibus
1021 2321 1079 2361 esto.
1107 2327 1185 2351 Sacra
1218 2325 1243 2350 6.
1263 2327 1374 2351 Deorum
1382 2320 1483 2357 subulas
1495 2330 1526 2347 ne
1539 2321 1664 2348 credunto.

488 2363 572 2390 patres
583 2353 743 2394 custocpuntog
1220 2371 1245 2397 7„
1253 2365 1327 2392 ‚Deos
1333 2360 1474 2398 peregrinos
1478 2367 1569 2394 prater
1579 2363 1703 2388 Faunum·
1710 2368 1741 2387 ne
1754 2356 1857 2386 calamo.

1895 2398 1919 2424 8.
1937 2398 1990 2423 No-

2050 1878 2054 2090 ξ

2048 2096 2053 2346 ἔ

2047 2348 2052 2563 ς
