2075 2734
384 106 434 134 De
457 107 584 134 Mense
603 106 815 135 Decemnr,
837 111 879 130 ετ
900 111 1030 132 ιηεευε
1051 111 1090 132 :N
1111 113 1152 133 εο
1174 105 1317 133 Fas-ris.
1351 105 1433 134 Car».
1457 106 1497 135 16.
1675 118 1731 149 295

145 155 207 186 ideo
219 153 272 183 hoc
285 154 377 183 mense
389 153 555 187 Saturnalia,
575 156 697 192 itemque
709 152 801 188 opalia
815 150 959 184 celebrari,
980 153 1053 189 quod
1068 155 1208 185 Saturnus,
1227 151 1336 190 ejusque
1349 163 1416 182 uxor
1430 163 1488 183 tam
1501 153 1628 193 frugum,
1650 164 1732 194 quam

146 194 282 223 fru61vum
298 202 448 230 repertores
462 193 513 222 effe
526 194 679 222 credantur:
700 193 793 228 Itaque
808 192 885 218 omni
898 190 955 226 jam
971 190 1040 218 foetu
1054 200 1182 229 agrorum
1191 192 1301 225 consto,
1322 191 1354 220 ab
1363 192 1517 221 hominibus
1525 193 1574 222 hos
1582 195 1655 223 Deos
1663 196 1731 228 coli,

146 232 216 270 quasi
230 233 290 260 vitae
303 232 423 261 cultioris
436 231 576 264 authores,
597 239 664 269 quos
679 230 761 257 etiam
776 228 913 257 nonnullis
931 228 1031 257 coelum
1049 231 1074 257 ὃς
1090 238 1190 258 terram
1206 230 1257 258 effe
1270 230 1419 267 persuasum
1436 232 1472 259 est
1482 252 1490 264 ,
1513 235 1704 274 Saturnumque
1717 234 1732 262 a

142 272 201 299 satu
215 271 318 298 dietum
327 292 333 302 ,
354 272 428 307 cujus
443 269 517 298 causa
529 271 562 298 de
577 268 648 297 coelo
663 269 712 296 est:
733 270 760 296 ὅ(
774 275 875 295 terram
889 272 982 301 opem,
1003 276 1077 303 cujus
1091 277 1144 304 ope
1156 269 1280 298 humanae
1293 270 1354 297 vitae
1368 269 1495 298 alimenta
1501 279 1666 307 quaeruntur:
1688 272 1732 301 vel

143 308 176 337 ab
190 318 272 343 opere,
292 319 340 346 per
352 311 424 347 quod
440 308 553 340 studius,
576 306 717 344 frugesque
731 306 881 334 nascuntur.
916 305 987 333 Huic
1000 306 1064 332 Deae
1076 305 1197 335 sedentes
1212 314 1274 334 vota
1289 308 1458 345 concipiunt,
1478 316 1633 346 terramque
1647 311 1680 338 de
1693 312 1734 338 in-

145 348 243 375 dustria
263 355 377 385 tangunt
389 367 397 377 ,
425 346 635 376 demonstrantes
649 344 731 381 ipsam
750 353 867 373 matrem
881 352 981 371 terram
997 343 1049 370 esse
1063 344 1219 372 mortalibus
1233 347 1421 381 appetendam.
1453 346 1609 374 Philochorus
1622 352 1733 376 Saturna

146 385 188 418 ᾤ’
204 390 252 420 Opi
266 387 386 422 primum
401 386 427 412 in
443 385 531 412 Attica
546 383 658 411 statuisse
669 392 742 410 aram
757 384 909 418 Cecropem
924 382 990 410 dicit
1005 402 1012 413 ‚
1034 381 1133 419 eosque
1147 384 1221 410 Deos
1234 393 1284 420 pro
1299 386 1368 422 Jove
1381 393 1503 422 terraque
1518 385 1641 418 coluisse,
1660 387 1732 415 insti-

145 424 274 461 tuiffeque
285 445 294 455 ,
325 432 354 451 ut
370 432 455 459 patres
470 421 632 449 familiarum
649 443 655 453 ,
684 424 710 450 ὅ(
727 421 845 459 frugibus
861 423 888 449 ὃς
903 420 1034 448 fruetibus
1045 420 1103 456 jam
1118 421 1216 448 coactis
1231 442 1236 451 ,
1263 423 1356 457 paffim
1373 433 1435 451 cum
1450 423 1531 452 servis
1545 424 1712 454 vescerentur
1722 446 1730 458 ,

143 470 207 490 cum
223 462 316 499 quibus
330 462 486 498 patientiam
502 459 599 488 laboris
614 461 641 487 in
655 459 771 488 colendo
784 469 845 489 rure
860 459 1050 490 toleraverant,
1075 458 1199 487 delectari
1213 460 1285 486 enim
1300 461 1390 488 Deum
1403 461 1508 490 honore
1518 462 1657 491 servorum
1667 473 1732 492 con-

143 500 276 538 templatu
296 499 400 527 laboris.
440 500 512 527 Hinc
527 499 562 527 est
577 520 584 531 ,
614 499 685 535 quod
700 508 732 527 ex
744 499 866 527 instituto
880 499 1023 535 peregrino
1036 496 1098 526 huic
1114 499 1175 525 Deo
1189 497 1292 525 sacrum
1307 507 1399 534 aperto
1413 502 1499 538 capite
1516 501 1629 529 facimus
1644 522 1652 535 ,
1679 504 1732 531 &c.

140 539 276 567 Haffitenus
288 536 442 569 Macrobius,
464 547 497 565 ex
510 546 564 575 quo
578 537 683 566 abunde
698 538 761 574 quid
775 535 867 571 Opalia
883 536 994 567 fuerint,
1015 536 1141 574 cognosci
1153 537 1248 573 potest.

181 577 261 604 XIII.
282 575 414 604 Kalendas
428 576 546 614 januarii
559 574 743 613 Sigillariorum
748 574 843 613 festum
858 574 1011 612 incipiebat.
1033 577 1105 603 Cum
1119 576 1193 603 enim
1207 573 1356 602 Saturnalia
1364 577 1483 612 primum
1492 586 1547 604 uno
1555 585 1660 606 tantum
1669 580 1728 610 die,

141 614 265 643 videlicet
278 624 341 642 xxv.
357 614 471 643 Kalend.
483 615 601 652 Januarii
612 622 813 651 peragerentur:
835 614 930 642 deinde
944 623 1010 642 vero
1019 614 1137 642 triduum
1148 615 1179 641 iis
1187 613 1362 645 tribueretur,
1383 614 1395 640 a
1404 624 1465 642 xvi.
1475 614 1555 651 usque
1564 617 1666 645 adxrv.
1675 620 1730 645 Ka-

138 653 229 681 lendas
244 652 365 688 ejusdem
381 653 490 684 menfis,
511 653 732 688 adjectatandem
741 651 967 690 estSigilhvriorum
976 652 1128 683 celebritas,
1151 661 1208 689 quae
1215 651 1361 680 discursum
1371 652 1447 679 illum
1456 653 1609 688 publicum,
1631 657 1657 683 &-
1667 655 1731 683 laeti-

138 691 205 719 tiam
220 690 358 728 religionis
369 691 396 718 in
410 691 513 728 septem
529 692 584 719 dies
594 691 725 720 extendit:
745 690 840 719 author
847 689 989 718 Macrobius
997 690 1043 719 lib.
1054 701 1075 718 1.
1097 690 1322 721 Saturnaliorum,
1346 691 1432 728 capite
1444 701 1484 718 10.
1503 692 1544 719 De
1553 693 1657 729 origine
1666 703 1731 721 vero

138 727 327 766 Sigillariorum
336 730 409 757 idem
418 730 488 758 libro
496 731 593 759 eodem
603 749 609 760 ‚
630 730 715 766 capite
729 739 809 757 11.ex
819 729 938 765 Epicado
945 728 1111 758 haecscribit.
1133 728 1270 763 Epicadus,
1290 729 1390 766 inquit,
1413 728 1512 760 refert,
1529 731 1673 758 Herculem
1682 741 1729 759 oc-

137 767 193 796 cilo
201 769 330 804 Geryone
339 789 346 800 ,
360 778 423 796 cum
432 769 518 796 vietor
525 777 573 805 per
580 766 684 796 Italiam
693 776 816 796 armenta
823 767 952 800 duxisset,
967 774 1066 804 ponte,
1084 767 1129 805 qui
1138 777 1210 795 nunc
1225 766 1348 796 sublicius
1356 768 1467 799 dicitur,
1481 767 1513 795 ad
1523 775 1628 804 tempus
1636 770 1730 798 instru-

137 806 201 838 e'to,
215 805 360 834 hominum
374 806 527 834 simulachra
539 815 591 842 pro
606 815 722 834 numero
730 805 878 837 sociorum,
896 815 962 842 quos
970 806 1028 834 casu
1037 806 1260 843 peregrinationis
1269 806 1407 837 amiserat,
1422 806 1449 833 in
1458 806 1572 834 fluvium
1583 808 1728 836 demitiffe:

136 851 167 874 ut
174 853 241 881 aqua
249 844 360 873 lecunda
367 845 395 878 in
404 854 477 872 mare
485 844 594 872 dwezsta
603 864 609 875 ‚
618 853 668 880 pro
677 843 834 880 corporibus
842 843 1034 873 defunctorum
1044 844 1126 872 veluti
1132 845 1224 880 patriis
1232 843 1334 871 sedibus
1341 845 1529 872 redderentur:
1547 846 1573 873 ἃ
1583 845 1643 872 inde
1653 846 1729 874 usum

136 882 198 910 talia
211 882 367 911 simulachra
375 883 570 921 fingendiinter
577 882 646 910 sacra
655 883 783 910 manfisse.
803 883 854 910 Sed
862 881 943 914 mihi,
964 883 1066 920 inquit,
1087 882 1165 918 hujus
1172 882 1259 910 reiilla
1266 883 1344 920 origo
1352 884 1441 910 verior
1448 883 1628 913 existimatur,
1649 893 1730 920 quam

139 920 219 956 paulo
236 928 297 949 ante
311 922 426 949 memini
443 921 569 951 retulisse‚
590 921 663 958 quod
679 921 792 958 P8l›¹.[}⁰5
803 921 944 958 postquam
960 920 1257 956 feliciorinterpretatio
1265 922 1350 957 capita
1357 930 1412 948 non
1422 922 1588 952 viventium,
1609 919 1653 949 sed
1662 921 1730 949 fieti-

137 959 187 991 lia,
210 965 284 993 φωτὸς
299 960 472 988 aestimatione
488 969 542 987 non
550 958 636 987 solum
645 959 801 990 hominem,
822 958 865 986 sed
874 959 956 987 etiam
964 959 1057 987 lumen
1066 959 1211 996 significare
1219 959 1363 990 docuisset,
1385 959 1631 996 coeperintSaturno
1638 969 1729 988 cereos

137 998 227 1033 potius
240 998 385 1026 accendere
401 1000 426 1027 &
441 999 469 1025 in
477 997 598 1026 sacellum
609 999 678 1026 Ditis
686 1008 733 1025 ara
740 995 848 1024 Saturni
857 997 991 1025 cohaerens
999 997 1088 1026 oscilla
1095 996 1216 1034 quaedam
1224 1005 1275 1033 pro
1282 996 1332 1024 suis
1341 997 1468 1034 capitibus
1476 996 1553 1025 ferre.
1573 998 1612 1025 Ex
1620 997 1666 1025 illo
1674 1006 1728 1028 tra-1

136 1036 241 1069 ditum,
260 1044 291 1064 ut
305 1037 374 1065 cerei
387 1035 563 1064 Saturnalibus
578 1037 783 1068 miffitarentur,
805 1037 831 1064 ἃ
847 1035 928 1073 sigilla
936 1045 992 1064 arte
1001 1036 1260 1073 fiffilifingerentur,
1281 1036 1591 1072 acvenaliapararentur,
1614 1036 1723 1073 quaeho-

135 1074 222 1102 mines
236 1084 287 1111 pro
299 1074 340 1107 ie,
360 1083 440 1112 atque
454 1074 504 1102 suis
517 1075 618 1112 piacula
632 1085 682 1112 pro
690 1073 754 1102 Dite
760 1078 869 1100 Saturno
877 1074 1003 1103 tacerent.
1024 1075 1090 1102 ldeo
1096 1072 1274 1100 Saturnalibus
1287 1074 1343 1101 talis
1350 1075 1583 1102 commerciorum
1590 1074 1723 1108 celebritag

135 1113 349 1150 coepta.septem
357 1121 471 1151 occupat
485 1114 556 1146 dies,
577 1115 621 1151 qui
635 1120 741 1142 tantum
754 1111 841 1140 feriati
853 1111 973 1145 fuerunt,
993 1123 1049 1141 non
1063 1113 1120 1140 festi
1133 1121 1236 1140 omnes.
1258 1114 1322 1140 Haec
1333 1111 1484 1140 Macrobius.

178 1153 243 1179 XII.
264 1152 376 1180 Kalend.
395 1153 515 1190 januarii
532 1151 640 1180 Daulia
652 1160 727 1180 erant
740 1172 748 1184 ,
775 1160 891 1188 quorum
906 1151 941 1179 fic
955 1152 1083 1179 meminit
1097 1150 1290 1179 Kalendarium
1306 1161 1311 1177 :
1341 1152 1373 1178 C.
1387 1152 1450 1178 Div.
1465 1151 1524 1178 NP.
1548 1153 1612 1179 Hoc
1626 1151 1663 1179 est
1674 1149 1723 1181 Di-

136 1190 226 1222 valia‚
252 1189 376 1218 Nefastus
388 1192 488 1226 primo.

176 1226 284 1256 Divalia
307 1227 378 1254 feriae
394 1235 470 1254 erant
486 1225 557 1253 Dira
578 1230 713 1262 Angerona
726 1247 734 1258 ,
761 1225 813 1252 alio
833 1226 947 1254 nomine
969 1225 1040 1254 dicta
1059 1225 1243 1263 Angeronalia.
1274 1228 1361 1252 Varro
1374 1225 1418 1253 lib.
1433 1235 1458 1262 5.
1471 1226 1504 1253 de
1515 1226 1605 1263 lingua
1620 1230 1726 1258 Latina.

137 1263 317 1302 Angeronalia
329 1264 362 1292 ab
376 1266 519 1303 Angerona
532 1285 538 1292 ,
564 1266 606 1291 cui
618 1264 775 1291 iaci-{ficium
787 1262 818 1291 fit
832 1273 865 1291 eo
878 1264 922 1291 die
936 1284 944 1295 ‚
969 1273 1000 1292 ac
1014 1264 1088 1300 cujus
1101 1274 1138 1291 eae
1153 1264 1224 1292 feriae
1237 1262 1357 1300 publicae.
1398 1265 1441 1292 Sic
1455 1265 1529 1291 enim
1543 1264 1615 1293 hunc
1630 1265 1723 1295 locum

136 1304 250 1332 restituit
270 1303 382 1338 Joftphus
401 1303 510 1340 Scaliger
530 1303 557 1329 in
577 1302 775 1339 Conjcdlaneis.
814 1306 906 1329 Sextus
927 1304 1056 1338 Pompejus
1069 1314 1077 1329 :
1105 1305 1255 1340 Angeronae
1268 1303 1331 1330 Deae
1344 1301 1440 1330 sacr-aa
1456 1303 1589 1331 Romanis
1604 1304 1725 1333 instituta.

135 1341 214 1372 sunt,
241 1350 305 1369 cum
325 1342 420 1378 angina
439 1350 523 1368 omne
542 1348 625 1376 genus
645 1339 802 1369 animalium
823 1339 1045 1373 consumeretur,
1072 1339 1218 1378 cujusſssta
1232 1339 1405 1377 Angeronalia
1421 1340 1586 1369 dicebantur.
1615 1342 1726 1370 Macrob.

133 1378 182 1407 lib.
195 1389 216 1406 1.
236 1379 447 1407 Saturnaliorum
465 1388 521 1415 cap.
537 1387 579 1406 10.
598 1378 771 1406 Duodecimo
786 1378 917 1407 Kalendas
930 1380 1048 1416 Januarii
1062 1378 1133 1406 feriae
1147 1379 1206 1406 tunt
1219 1377 1290 1406 Diva
1305 1379 1460 1416 Angeroniae,
1484 1381 1526 1407 cui
1540 1380 1681 1408 Pontifices
1695 1381 1724 1408 in

133 1416 229 1445 sacello
250 1417 371 1453 Volupiae
384 1416 487 1445 lacrum
503 1416 616 1448 faciunt,
637 1425 719 1453 quam
736 1418 846 1444 Verrius
860 1416 967 1444 Flaccus
981 1415 1158 1454 Angeroniam
1172 1417 1225 1444 dici
1236 1417 1287 1448 ait,
1308 1417 1381 1453 quod
1395 1426 1507 1454 angores
1520 1427 1550 1445 ac
1565 1418 1722 1446 animorum

132 1454 324 1485 sollicitudines
340 1456 483 1492 propitiata
501 1454 623 1492 depellat.
650 1452 735 1487 Julius
746 1453 873 1492 Modestus
883 1455 944 1482 ideo
956 1454 1093 1482 sacrificari
1106 1453 1169 1483 huic
1180 1456 1244 1482 Deae
1257 1455 1323 1482 dicit
1335 1475 1343 1486 ,
1370 1457 1443 1492 quod
1455 1455 1569 1492 populus
1582 1457 1725 1485 Romanus

133 1493 248 1525 morbo,
269 1494 315 1531 qui
329 1503 423 1531 angina
436 1494 549 1525 dicitur,
569 1493 704 1530 praemiffo
717 1500 784 1520 voto
797 1493 828 1521 sit
838 1493 973 1522 liberatus.

174 1532 278 1560 Eodem
299 1532 341 1559 die
354 1531 458 1559 Herculi
472 1533 499 1560 &
513 1530 599 1559 Cereri
613 1531 698 1560 mulso
712 1530 788 1559 libari
800 1553 807 1563 ‚
835 1533 863 1561 &
876 1531 920 1559 sue
931 1537 1085 1568 praegnante
1098 1529 1237 1559 sacrificari
1250 1530 1411 1559 consuevisse
1422 1551 1432 1564 ,
1459 1531 1600 1559 Macrobius
1611 1531 1681 1560 libro
1697 1534 1723 1570 3:

130 1569 359 1602 Saturnaliorum‚
381 1579 438 1606 cap.
454 1581 463 1598 1
473 1581 494 1597 1.
510 1571 599 1599 docet.

171 1609 223 1636 XI.
250 1607 382 1636 Kalendas
401 1609 518 1646 Januarii
539 1609 616 1636 ferias
637 1608 688 1636 effe
706 1608 811 1636 Laribus
831 1608 965 1636 dedicatas
978 1629 986 1640 ‚
1013 1607 1107 1645 quibus
1127 1608 1212 1635 aedem
1231 1607 1302 1636 bello
1325 1607 1452 1635 Antiochi
1472 1606 1587 1635 AEmilius
1607 1607 1720 1648 Regiliut

131 1648 233 1676 Praetor
245 1647 274 1674 in
289 1648 396 1683 Campo
409 1647 510 1674 Martio
523 1646 668 1674 curandam
683 1647 801 1679 voverit,
822 1651 889 1674 MMJ
896 1646 964 1674 obius
977 1646 1046 1674 libro
1061 1658 1081 1674 1.
1097 1646 1323 1678 Samrnafiorum,
1344 1655 1401 1682 cap.
1418 1656 1459 1674 10.
1474 1646 1562 1674 habet.

130 1682 134 1684 ’
171 1688 208 1714 X.
229 1682 669 1722 KalendasJanuariiLarentinalia
677 1692 768 1717 erant,
789 1686 823 1713 de
831 1685 925 1722 quibus
933 1686 968 1714 ita
977 1684 1180 1713 Kalendarium:
1205 1686 1234 1711 E.
1244 1685 1372 1713 Lar.NP.
1391 1687 1452 1712 Hoc
1460 1685 1510 1716 est,
1529 1683 1719 1718 Larentina-clia,

132 1724 259 1753 Nefastus
271 1724 371 1760 primo.
400 1723 519 1760 Qidam
534 1724 740 1760 interpretantur
752 1724 873 1755 Laralm,
892 1732 921 1752 ut
935 1724 966 1751 stt
980 1723 1075 1753 festum
1090 1723 1199 1751 Larium
1209 1744 1216 1757 ,
1236 1723 1281 1752 sed
1296 1733 1359 1752 cum
1375 1723 1419 1750 illa
1432 1723 1475 1750 die
1487 1723 1646 1759 praecedenti
1661 1722 1719 1751 fue-

129 1764 187 1792 rint
207 1761 352 1793 celebram,
371 1762 411 1789 uti
435 1771 466 1789 ex
481 1761 605 1789 Macrobio
617 1762 782 1793 audivimus,
802 1761 845 1789 hic
857 1771 921 1789 cum
935 1761 1015 1789 Paulo
1029 1761 1162 1791 Manutio,
1185 1761 1297 1790 Huberto
1311 1761 1430 1792 Goltzio,
1451 1764 1477 1790 &c
1494 1761 1573 1787 Petro
1588 1759 1720 1789 Thuisco-

129 1803 179 1830 nio
191 1799 368 1827 Larentinalia
382 1799 503 1837 intelligo
515 1821 522 1832 ‚
544 1801 577 1828 de
590 1800 684 1837 quibus
699 1801 735 1828 ita
748 1803 823 1826 V.1rro
835 1800 904 1828 libro
916 1801 1011 1838 quinto
1025 1801 1058 1829 de
1069 1800 1158 1838 lingua
1172 1801 1267 1828 Latina
1279 1820 1286 1830 ‚
1308 1810 1340 1828 ex
1353 1800 1542 1827 emendatione
1557 1797 1651 1833 jose-phi
1664 1800 1720 1826 Sca-

129 1838 217 1877 lgeri:
236 1839 413 1869 Laurentinae‚
428 1839 449 1866 is
456 1840 527 1871 dies,
547 1848 629 1876 quem
644 1839 754 1876 quidam
769 1838 943 1867 inscribendo
955 1839 1122 1867 Laurenti-clia
1136 1839 1267 1875 appellant
1280 1860 1287 1870 ‚
1307 1838 1339 1866 ab
1354 1840 1424 1866 Acca
1437 1837 1580 1865 Laurentia
1592 1837 1732 1866 nomina-⁷

134 1885 178 1906 tus
189 1896 198 1906 ‚
223 1877 265 1904 cui
284 1875 434 1905 sacerdotes
446 1877 528 1905 nostri
541 1877 647 1914 publice
660 1885 798 1913 parentant
814 1877 879 1905 festo
894 1878 936 1905 die
950 1888 955 1904 ·.
985 1880 1045 1915 quia
1057 1878 1137 1906 altera
1150 1878 1246 1905 dicitur
1261 1876 1297 1904 ob
1310 1877 1396 1905 ditem
1412 1878 1436 1903 T
1439 1876 1574 1903 :nuntium
1585 1879 1649 1902 Acca
1665 1879 1715 1904 Ta-

132 1915 230 1943 runtia.
263 1917 325 1942 Hoc
339 1914 497 1943 sacrificium
513 1916 543 1943 fit
559 1917 586 1943 in
599 1915 730 1948 Velabro,
751 1926 802 1954 qua
816 1918 843 1944 in
856 1926 956 1944 novam
972 1918 1044 1944 viam
1058 1917 1159 1948 exitur,
1179 1923 1209 1943 ut
1221 1916 1296 1951 ajunt
1304 1916 1425 1952 quidam,
1446 1916 1477 1941 ad
1487 1913 1655 1950 sepulchrum
1663 1916 1716 1943 Ac-

129 1963 167 1982 cae
181 1965 187 1980 :
208 1959 238 1981 ut
252 1953 323 1989 quod
337 1962 421 1990 prope
435 1953 535 1982 faciunt
550 1955 608 1983 Diis
624 1954 745 1982 manibus
759 1955 815 1990 ejus
829 1955 866 1982 ibi
878 1954 1025 1983 sacerdotes
1035 1976 1042 1986 ‚
1065 1954 1122 1986 vel,
1143 1961 1172 1981 ut
1185 1954 1303 1990 quodibi
1318 1962 1401 1990 prope
1414 1952 1512 1980 facium
1526 1952 1576 1979 diis
1590 1952 1713 1981 Manibus

127 1991 230 2020 arvales
240 1992 387 2025 fircerdotes.
419 1993 462 2020 Sic
475 1993 548 2021 enim
564 1993 709 2030 legendum
723 1993 773 2020 esse
787 1993 898 2029 conjicit
919 1993 1031 2027 Jojephus
1044 1992 1167 2029 Scaliger,
1188 1994 1214 2020 &
1229 1992 1329 2020 constat
1341 2000 1374 2019 ex
1386 1991 1485 2028 Agellto
1498 1990 1566 2018 libro
1582 1994 1607 2018 6.
1621 2000 1679 2028 cap.
1689 2002 1712 2028 7.

126 2030 276 2059 sacerdotes
288 2049 296 2061 ‚
323 2029 375 2056 five
387 2029 483 2065 fratres
500 2032 598 2059 arvales
620 2035 688 2058 Accae
703 2052 708 2062 ‚
735 2031 777 2059 stu
794 2032 866 2067 Cajae
887 2032 1013 2059 Tarratiae
1025 2040 1084 2057 rem
1099 2030 1217 2057 divinam
1231 2029 1318 2057 facere
1331 2028 1432 2059 solitos.
1472 2031 1531 2056 Sex,
1552 2029 1711 2066 Pompejus:

127 2066 280 2097 Larentalia
295 2067 417 2104 conjugis
431 2070 555 2101 Faustuli,
577 2070 725 2098 inventoris
739 2071 836 2101 Remi,
858 2072 885 2098 ὃ(
900 2068 1014 2097 Romuli
1031 2073 1154 2095 Larentia
1161 2067 1235 2104 festa.
1263 2067 1414 2096 Macrobius
1427 2067 1495 2095 libro
1510 2077 1530 2094 ι.
1548 2068 1708 2096 Saturnalic-

127 2117 188 2135 rum
198 2128 206 2139 ,
226 2114 282 2141 cap.
297 2115 339 2136 10.
359 2107 475 2135 Decimo
489 2108 743 2147 Kalendasjanuarii
757 2108 828 2136 feriae
836 2107 895 2135 sunt
905 2108 1054 2146 Jovis.quae
1068 2106 1232 2144 appellantur
1245 2105 1429 2134 Larentinalia.
1448 2106 1482 2133 Et
1489 2104 1569 2142 paulo
1581 2106 1639 2143 post
1649 2117 1653 2134 :
1662 2108 1710 2134 So-

125 2146 205 2174 lenne
217 2143 374 2172 sacrificium
389 2145 477 2172 eidem
497 2148 670 2176 constitutum
685 2167 691 2178 ,
713 2156 767 2184 quo
780 2147 839 2174 Diis
852 2145 973 2174 manibus
987 2145 1102 2182 ejusssper
1122 2145 1264 2173 flaminem
1276 2144 1466 2173 sacrificaretur
1479 2165 1486 2176 ,
1505 2145 1623 2182 jovique
1636 2144 1708 2174 feriae

125 2184 301 2214 consecratae,
322 2183 382 2219 quia
397 2183 578 2214 existimarunt
591 2186 707 2223 antiqui,
729 2187 830 2213 animas
844 2184 857 2213 a
870 2187 940 2223 Jove
954 2185 1009 2213 dari
1023 2188 1050 2213 ὃς
1064 2183 1149 2212 rursus
1162 2184 1220 2221 post
1233 2193 1353 2212 mortem
1362 2184 1450 2212 eidem
1459 2184 1548 2215 reddi,
1570 2186 1621 2212 ἃς.
1641 2184 1710 2220 Quae

125 2233 193 2251 vero
206 2221 359 2260 praecedunt
374 2222 402 2248 in
415 2221 536 2249 Macrobio
551 2225 644 2255 verba,
665 2234 695 2252 ea
707 2225 739 2252 ad
754 2224 865 2252 alteram
881 2226 997 2255 Accam,
1018 2222 1070 2250 five
1084 2223 1178 2260 cajam
1194 2223 1346 2251 Tarrutiam
1353 2223 1502 2260 pertinent,
1522 2222 1556 2250 de
1564 2221 1710 2259 quanosli-

125 2261 177 2290 bro
188 2272 211 2289 2.
225 2259 319 2287 harum
335 2260 532 2296 Antiquitatum
541 2282 549 2294 ,
569 2263 595 2290 in
606 2263 684 2290 Flora
696 2263 825 2295 diximus,
845 2262 919 2298 cujus
934 2261 1004 2289 feriae
1014 2260 1102 2289 nuense
1110 2261 1195 2298 Aprili
1205 2261 1312 2289 fuerunt
1321 2281 1328 2292 ,
1349 2260 1470 2292 Floralia,
1492 2260 1540 2288 nifi
1548 2260 1625 2288 fallor
1634 2281 1640 2291 ‚
1661 2268 1706 2295 ap-

125 2300 229 2337 pellata.
249 2297 334 2325 Valde
348 2306 436 2326 autem
451 2299 506 2326 hxc
520 2318 531 2325 c
547 2301 677 2328 veteribus
692 2301 862 2338 scriptoribus
876 2300 1090 2330 confunduntur,
1111 2301 1183 2337 quod
1198 2302 1223 2329 ὅ(
1237 2300 1350 2335 josephus
1364 2299 1471 2337 Scaliger
1481 2300 1509 2327 in
1518 2298 1707 2336 Conjeetaneis

124 2339 240 2367 monuit.
260 2336 330 2363 Vide
344 2339 369 2364 ἃ
384 2336 547 2364 Plutarchum
560 2339 588 2365 in
606 2339 742 2371 Romulo,
765 2342 790 2368 ἃ
806 2338 998 2377 Qaestiombus
1012 2339 1153 2366 Romanis.

160 2378 212 2414 JX.
224 2373 365 2405 ,Kalendas
379 2376 528 2412 pannias,
549 2375 692 2413 Juvenales
704 2377 758 2406 ludi
773 2386 864 2410 erant,
882 2376 916 2404 de
929 2376 1023 2414 quibus
1036 2375 1155 2414 sequenti
1168 2376 1238 2405 libro
1253 2385 1373 2414 agemus.
1644 2414 1671 2442 H

1674 2421 1705 2440 ot.
