2075 2734
435 106 486 137 Da
507 113 685 138 vasi-inus
707 107 949 137 Romanoauu
967 118 1003 139 m
1024 96 1174 142 eruent.
1213 113 1298 145 Cu.
1320 125 1365 155 3¹·
1634 133 1686 162 39¹

771 182 796 210 C
815 192 833 211 Λ
852 192 877 211 1².
916 184 1024 215 XXXI.

591 245 646 279 De
660 240 790 288 vestibus
807 244 1011 281 Romanorum
1028 247 1062 278 in
1073 258 1193 293 generez

106 321 222 385 Non
243 322 303 352 sunt
324 323 352 352 in
369 323 410 352 his
427 320 626 360 Antiquitatum
642 322 714 351 libris
730 320 933 360 vestimentorum
953 332 1051 360 genera
1068 326 1304 360 praetermittenda.
1345 328 1420 356 Nam
1441 336 1572 366 quantum
1587 341 1684 362 eorum

205 362 325 400 cognitio
344 363 376 390 ad
392 370 484 389 veram
500 360 650 389 multorum
666 367 789 388 veterum
803 361 965 397 scriptorum
979 361 1136 401 sententiam
1152 363 1356 401 intelligendam
1373 366 1450 395 faciat
1462 388 1470 399 ‚
1500 378 1555 397 non
1568 379 1634 407 opus
1648 372 1685 400 est

104 399 289 434 explicatione.
328 402 394 429 Sunt
410 406 500 427 autem
521 397 668 436 vestimenta
682 419 689 430 ,
711 407 740 427 ut
762 397 890 435 Ulpianus
906 399 1003 430 docet,
1022 408 1067 428 aut
1081 399 1166 427 virilia
1177 420 1186 430 ,
1205 411 1250 429 aut
1258 403 1367 436 puerilia
1378 424 1386 438 ‚
1407 412 1451 433 aut
1467 407 1617 443 muliebria,
1638 417 1684 438 aut

101 447 245 466 communia
258 459 266 471 ,
292 444 336 465 aut
347 435 494 475 firmiliaria
507 457 515 469 ,
542 446 625 474 eaque
644 436 686 465 vel
704 436 848 468 induendi,
873 436 916 465 vel
931 435 1093 475 putingen-di
1105 459 1114 469 ‚
1141 438 1183 465 vel
1202 439 1356 470 amiciendi,
1385 443 1426 470 vel
1445 442 1598 479 insternendi
1609 467 1616 478 ,
1640 447 1684 476 vel

100 475 249 510 inficiendi,
275 474 316 503 vel
334 473 466 502 accubandi
485 474 560 503 causa
578 482 666 511 parata
685 475 751 503 sunt.
793 474 881 502 Virilia
902 474 962 503 sunt
975 495 982 506 ‚
1011 485 1068 512 quae
1087 475 1165 512 ipsius
1182 477 1376 512 patrisfamilias
1397 481 1471 509 causta
1492 491 1582 518 parata
1602 484 1661 514 sunt
1673 507 1681 518 ‚

103 515 184 542 veluti
203 521 272 551 togae
291 515 317 541 δε
338 515 452 544 tunicae,
471 512 591 549 palliola,
611 514 768 542 vestimenta
785 513 910 551 stragula,
931 513 1098 550 amphitapa,
1119 516 1146 541 &
1165 513 1238 552 saga,
1259 517 1285 543 δε
1305 516 1403 553 reliqua
1422 519 1523 548 fimilia.
1563 522 1680 551 Puerjlia

102 551 162 579 sunt
173 561 230 588 quae
242 551 274 578 ad
289 550 391 578 nullum
407 551 488 585 alium
504 551 581 579 usum
595 553 745 588 pertinent,
765 552 812 580 nifi
827 553 858 579 ad
872 551 1018 588 puerilem,
1040 551 1122 580 veluti
1135 559 1219 589 togae,
1239 561 1372 589 praetextae
1386 555 1496 589 alicubi,
1517 561 1543 587 ὃς
1559 559 1680 597 chlamy.

100 589 146 618 des
158 610 166 622 ‚
184 588 277 624 pallia,
299 598 356 625 quae
373 589 432 617 filiis
447 589 541 617 nostris
554 599 751 626 comparamus.
790 589 926 618 Muliebria
939 589 999 618 sunt
1013 610 1021 622 ‚
1042 599 1100 627 quae
1112 591 1322 618 matrisfamilias
1337 592 1410 620 causa
1425 603 1513 630 parata
1526 596 1585 625 sunt
1595 619 1602 630 ‚
1622 600 1681 635 qui-

101 627 148 656 bus
167 628 209 654 vir
228 636 284 654 non
303 626 378 655 facile
401 629 439 655 uti
458 628 544 663 potest
557 649 564 660 ,
584 628 636 656 fine
657 629 864 665 vituperatione,
885 627 966 656 veluti
987 627 1071 660 stolae,
1092 627 1185 665 pallia,
1205 630 1316 661 mnicae,
1337 632 1445 666 capitia,
1468 642 1557 666 zonae,
1577 637 1680 669 mitrae‚

99 674 156 702 quae
176 665 262 702 magis
282 666 374 701 capitis
386 666 495 703 tegendi
508 686 516 698 ‚
542 676 624 703 quam
639 667 749 695 ornandi
765 665 838 695 causa
852 668 1006 702 'comparata
1019 665 1078 694 sunt
1093 677 1097 693 :
1125 666 1235 704 plagulae
1249 687 1256 698 ,
1282 667 1392 704 penulae.
1432 673 1583 700 Communia
1602 673 1680 706 lunt,

99 701 195 740 quibus
208 704 360 739 promiscue
374 705 457 733 utitur
467 703 566 731 mulier
576 714 638 732 cum
652 706 727 737 viro,
747 705 828 733 veluti
841 704 860 732 fi
872 704 1005 741 ejusmodi
1018 704 1128 741 penula,
1147 704 1292 742 palliumve
1309 706 1360 738 est,
1382 708 1409 735 ὃς
1424 708 1521 744 reliqua
1533 711 1678 746 ejusmodi,

98 740 193 778 quibus
206 741 259 769 fine
272 741 473 777 reprehenfione
482 762 488 773 ‚
510 742 552 769 vel
566 743 620 774 vir,
640 743 681 770 vel
695 753 763 771 uxor
776 750 873 771 utatur.
904 741 1056 769 familiaria
1070 743 1129 770 fimt
1138 764 1144 773 ,
1167 752 1223 780 quae
1237 744 1268 770 ad
1282 743 1412 772 familiam
1428 746 1590 775 vestiendam
1605 759 1680 785 para-

97 786 124 806 ta
143 777 213 808 sunt:
235 780 298 807 licut
319 778 391 817 stiga,
412 781 521 811 tunicae,
541 780 657 816 penulae,
677 781 773 813 lintea,
794 780 952 808 vestimenta
969 780 1094 817 stragula,
1117 783 1142 809 δε
1157 788 1250 809 caetcra
1264 781 1365 810 similia.
1398 783 1533 811 Hacienus
1546 786 1677 820 Ulpianus.

72 814 76 819 ’
97 817 227 845 Dicemus
240 819 273 845 de
285 816 408 854 singulis,
430 820 456 846 &
469 818 590 854 primum
604 818 637 845 de
649 817 776 847 virilibus.

135 855 209 891 Qud
224 864 287 894 toga
302 858 328 884 ἃ
343 857 438 883 tunicae
451 854 565 887 fuerint,
586 865 649 883 cum
663 856 792 893 prolixior
806 865 899 883 earum
912 856 1036 884 traftatio
1049 857 1095 889 fit,
1115 856 1255 893 peculiaria
1265 857 1318 886 illis
1332 858 1416 894 capita
1430 858 1586 889 tribuemus.

135 893 271 920 Palliolum
280 914 288 925 ‚
307 893 501 922 diminutivum
515 892 528 920 ὲ
536 893 612 928 pallio
626 895 818 924 vestimentum
829 895 936 922 laneum
952 903 1016 923 erat.
1057 895 1170 923 Palltum
1182 904 1272 924 autem
1287 897 1362 924 vestis
1380 898 1538 926 (Ji-:ecorum
1553 902 1676 937 propria,

93 938 123 959 ut
138 939 196 968 toga
210 933 408 959 Romanorum.

137 968 405 1007 Vestimenta-stragula
418 969 574 998 dicebantur
583 990 589 1000 ,
615 979 673 1008 quae
686 971 904 1000 instemebantur.
930 974 1007 998 Varro
1021 970 1066 999 lib.
1074 980 1102 1007 4.
1116 972 1150 1000 de
1162 972 1228 1010 ling.
1242 974 1302 1000 Lat.
1328 973 1465 1012 Qicquid
1479 975 1674 1010 instemebant,

93 1007 107 1036 ὲ
120 1007 274 1039 sternendo,
285 1007 430 1045 stragulum
442 1007 614 1045 appellabant.

132 1044 286 1080 Amphitapae
298 1047 380 1074 vestes
393 1047 518 1074 dicuntur
531 1047 654 1083 utrinque
667 1047 793 1075 habentes
807 1046 890 1074 villos.
915 1045 994 1074 Lucil.
1007 1046 1025 1074 l.
1037 1057 1058 1075 1.

399 1083 482 1123 Pfilae,
502 1092 580 1122 atque
593 1085 737 1120 amphitapa
750 1084 815 1112 villis
831 1084 970 1123 ingentibus
983 1085 1077 1114 molles.

132 1123 182 1150 Hae
193 1120 421 1152 substernebantur
435 1122 640 1151 dormientibus.
662 1124 744 1152 Lucil.
754 1123 800 1151 lib.
808 1125 834 1152 6.

402 1160 494 1187 Pluma
507 1169 584 1199 atque
597 1161 755 1197 amphitapa,
775 1160 816 1193 ἐς
821 1159 852 1197 fi
860 1159 934 1188 aliud
944 1160 1012 1200 quid
1022 1160 1176 1190 deliciarum.

131 1200 220 1226 Varro
235 1200 341 1228 Manio:
362 1197 483 1227 Alterum
499 1198 567 1225 bene
578 1206 720 1236 acceptum
734 1200 854 1227 dormire
867 1197 942 1234 snper
956 1198 1100 1233 amphitapa
1114 1200 1182 1228 bene
1194 1199 1280 1228 molli.

121 1239 226 1300 ‘fagum
241 1258 248 1269 ,
273 1237 464 1265 vestimentum
484 1235 598 1263 militare
610 1245 667 1265 erat
679 1258 687 1270 ‚
714 1237 785 1274 quod
799 1237 881 1264 armis
894 1236 1136 1273 firperinduebatur.
1169 1237 1258 1266 Strabo
1273 1240 1299 1267 ὃς
1316 1238 1359 1268 alii
1374 1240 1498 1270 Gallicam
1511 1253 1609 1272 vocem
1622 1246 1673 1274 effi:

92 1281 120 1302 te
143 1282 229 1302 antur.

132 1311 261 1350 chlamys,
280 1312 313 1340 ab
327 1312 442 1348 Ulpiano
457 1313 526 1340 inter
540 1312 697 1340 vestimenta
709 1313 818 1349 puerilia
832 1312 960 1344 refertur,
980 1312 1041 1340 alias
1053 1314 1089 1340 est
1101 1312 1173 1351 vestu
1187 1312 1318 1343 militaris.

131 1351 246 1382 Penula,
267 1351 343 1378 vestis
357 1351 407 1380 est,
428 1358 510 1386 quam
525 1350 601 1386 supra
613 1352 732 1378 tunicam
745 1351 899 1387 accipimus.
919 1351 1068 1384 Pomponius
1079 1352 1260 1380 Panueceatis:
1282 1353 1406 1381 Penulam
1424 1355 1451 1382 In
1467 1364 1546 1392 caput
1561 1357 1671 1391 induce,

93 1396 127 1415 ne
140 1395 167 1414 te
181 1389 279 1417 noscat.
299 1392 386 1416 Varro
400 1388 510 1424 Virgula
524 1389 626 1416 divina:
648 1390 713 1416 Non
728 1389 866 1426 quaerenda
880 1389 915 1416 est
923 1388 1043 1422 homini,
1063 1390 1108 1425 qui
1117 1390 1195 1418 habet
1203 1391 1332 1418 virtutem
1342 1411 1348 1422 ‚
1362 1392 1592 1427 penulainimbri.
1611 1398 1671 1425 Hac

91 1424 233 1454 utebantur
254 1434 355 1455 veteres
374 1426 493 1453 arcendis
506 1426 600 1462 pluviis
611 1446 618 1456 ‚
643 1426 804 1460 Lampridius
818 1427 845 1454 in
861 1426 1022 1454 Alexandro.
1058 1427 1132 1463 Qin
1145 1428 1226 1455 etiam
1241 1436 1343 1456 veteres
1357 1429 1460 1457 abufive
1466 1432 1587 1465 penulam
1600 1434 1672 1462 dixe-

91 1470 168 1493 runt,
188 1474 271 1492 omne
285 1464 410 1501 quicquid
424 1471 535 1500 tegeret.
568 1463 722 1491 Penularum
737 1464 835 1492 multus
849 1464 908 1493 usus
923 1465 992 1501 apud
1007 1465 1147 1494 Romanos
1160 1466 1327 1501 temporibus
1341 1466 1446 1504 Augusti
1461 1471 1487 1496 δε
1500 1471 1566 1506 post.
1594 1473 1670 1499 Tum

90 1501 164 1528 enim
178 1502 263 1539 spreta
277 1511 341 1540 toga
353 1522 360 1533 ,
380 1502 480 1536 penulis
493 1501 549 1529 fert:
563 1523 570 1533 ‚
596 1511 626 1528 ac
640 1500 745 1529 lacernis
759 1523 766 1533 ,
792 1511 836 1530 aut
850 1502 910 1530 solis
923 1503 1019 1531 tunicis
1035 1523 1042 1533 ‚
1063 1502 1144 1539 iisqne
1158 1499 1258 1530 coloris
1271 1504 1335 1540 pulli
1350 1525 1358 1534 ‚
1377 1505 1531 1534 utebantur:
1550 1510 1671 1536 nonnulli

90 1545 183 1568 tamen
196 1541 360 1569 delicatiores
373 1539 470 1567 coloris
483 1540 653 1576 amethystini
665 1547 709 1567 aut
722 1541 854 1572 coccinei,
874 1541 907 1568 de
921 1549 975 1578 quo
988 1540 1050 1568 vide
1064 1539 1130 1578 Iusti
1142 1540 1218 1580 Lipfii
1232 1541 1387 1570 Eleetorum
1402 1543 1501 1571 librum
1517 1554 1541 1572 2.
1558 1555 1614 1583 cap.
1628 1557 1670 1585 ¹3·

129 1580 255 1610 Lacerna,
276 1579 353 1606 vestis
363 1577 485 1605 militaris
496 1586 560 1606 erat.
580 1579 743 1614 Propertius:

397 1615 505 1643 Texitur
516 1616 560 1642 hac
572 1614 656 1651 castris
670 1624 765 1655 quarta
776 1616 874 1643 lacerna
886 1615 946 1643 tuis.

131 1657 234 1683 Verum
257 1656 284 1682 ἃ
297 1653 352 1681 haec
363 1662 411 1689 per
425 1652 490 1681 bella
505 1654 590 1681 civilia
604 1654 631 1681 in
646 1654 748 1681 Urbem
765 1655 874 1691 irrupit,
895 1656 921 1682 δε
934 1653 1090 1690 frequenter
1101 1654 1238 1691 usurpata,
1259 1656 1285 1683 δε
1300 1656 1399 1692 gestata
1414 1657 1464 1687 est,
1486 1655 1540 1685 non
1555 1657 1569 1685 ὲ
1585 1659 1667 1697 vulgo

89 1698 195 1722 tantum
204 1713 211 1723 ‚
232 1701 326 1719 verum
339 1693 420 1719 etiam
435 1691 448 1718 a
456 1690 620 1726 sssnaiorr'bm:
641 1701 692 1728 qua
705 1693 739 1719 de
752 1702 781 1719 re
794 1693 923 1720 videndus
935 1690 1030 1729 Justus
1042 1691 1144 1730 Lipsius.

128 1730 362 1761 Paludamentum,
382 1731 418 1758 ait
438 1730 545 1761 Nonius,
567 1730 603 1757 est
624 1730 713 1761 vestis,
734 1740 791 1767 quae
810 1740 882 1759 nunc
900 1730 1005 1764 chlamys
1024 1731 1130 1759 dicitur.
1162 1729 1285 1768 Salustius
1298 1730 1387 1760 histor.
1401 1731 1445 1759 lib.
1461 1743 1485 1769 3.
1518 1733 1553 1760 Et
1567 1733 1665 1762 eodem

88 1776 214 1805 tempore
234 1768 356 1795 Lentulus
375 1768 472 1804 duplici
484 1769 540 1795 acie
553 1767 643 1796 locum
657 1768 761 1796 editum
775 1769 863 1796 multo
875 1767 999 1805 sanguine
1010 1767 1120 1796 suorum
1133 1768 1254 1796 defenfiis
1269 1789 1277 1801 ,
1302 1769 1442 1806 postquam
1458 1779 1490 1797 ex
1503 1769 1609 1798 fiircinis
1617 1781 1666 1806 pa-

88 1807 236 1834 ludamenta
255 1806 328 1834 astari
343 1827 349 1838 ‚
371 1809 398 1835 δε
418 1806 524 1834 ἀεΙεᾶὶεε
538 1805 667 1834 'cohortes
686 1806 798 1844 intelligi
817 1815 933 1843 coepere.
973 1805 1058 1841 festus
1073 1807 1166 1834 omnia
1178 1806 1304 1834 militaria
1315 1815 1474 1835 ornamenta
1480 1808 1666 1842 paludamenta

89 1845 142 1872 dici
161 1845 205 1873 ait.
241 1848 317 1872 Varro
335 1844 380 1872 lib.
391 1847 416 1872 6.
435 1846 469 1872 de
483 1843 546 1882 ling.
562 1846 621 1872 Lat.
640 1844 740 1871 Paluda
752 1843 964 1879 &paludamentis
977 1856 985 1870 .-
1011 1844 1071 1872 sunt
1085 1845 1194 1882 insignia
1210 1847 1237 1873 ὃς
1252 1853 1409 1873 ornamenta
1427 1845 1558 1874 militaria.
1598 1848 1665 1875 Ideo

88 1884 120 1910 ad
135 1882 234 1910 bellum
252 1892 315 1911 cum
328 1884 389 1912 exit*
396 1884 549 1919 Imperator
562 1904 569 1914 ‚
595 1892 625 1910 ac
636 1883 743 1910 liCtores
757 1891 864 1911 mutant
876 1883 976 1910 vestem
993 1885 1020 1911 ὃς
1034 1882 1104 1920 ligna
1118 1883 1288 1910 incinueruut
1306 1894 1313 1913 ;
1339 1883 1479 1916 paludatus
1493 1884 1590 1912 dicitur
1601 1894 1664 1921 pro-

88 1920 167 1949 ficisci
181 1931 186 1947 τ
214 1929 271 1957 quae
283 1941 291 1952 ‚
318 1929 458 1959 propterea
471 1921 542 1958 quod
557 1920 753 1956 conspiciuntur
767 1941 774 1952 ,
802 1922 847 1958 qui
860 1931 889 1948 ea
902 1920 1001 1948 habent
1012 1941 1021 1954 ‚
1041 1929 1071 1948 ac
1084 1921 1151 1948 fiunt
1161 1920 1246 1957 palam
1258 1941 1266 1952 ,
1279 1919 1464 1954 paludamenta
1479 1921 1557 1949 dieis.
1599 1924 1665 1952 Pro-

87 1961 145 1997 prie
166 1966 257 1986 tamen
265 1959 475 1992 paludamentum
488 1962 668 1993 Imperatorum
682 1966 738 1987 erat
752 1980 759 1991 ,
786 1967 841 1986 non
854 1959 940 1986 solum
954 1967 1069 1995 purpura
1082 1978 1090 1989 ,
1115 1959 1158 1985 sed
1173 1967 1255 1985 cocco
1269 1959 1351 1985 etiam
1363 1979 1372 1990 ,
1398 1967 1515 1996 auroque
1527 1960 1663 1994 distin&a‚

86 2006 115 2025 ut
128 1995 234 2035 Isidorus
245 1996 353 2032 scripfit.
383 1998 475 2025 Livius
482 1998 693 2031 paludamentum
705 2007 756 2034 pro
768 1997 838 2024 veste
855 1996 966 2025 militari
979 2017 987 2028 ‚
1015 1996 1096 2023 etiam
1112 1997 1168 2031 ejus
1181 2016 1188 2027 ‚
1216 1997 1261 2032 qui
1274 2005 1329 2022 non
1343 1995 1407 2023 effet
1421 1997 1573 2033 Imperator
1585 2018 1594 2028 ,
1613 2008 1665 2035 po-

85 2035 136 2063 suit
151 2036 177 2062 in
191 2034 297 2062 historia
309 2036 415 2062 Horatii
429 2035 473 2062 lib.
489 2045 510 2062 1.
536 2034 693 2070 Imperatoris
700 2034 818 2068 paludati
833 2036 910 2062 icona
923 2045 955 2063 ex
967 2033 1099 2062 veteribus
1113 2034 1298 2061 monumentis
1310 2037 1429 2061 Lazarus
1441 2034 1545 2074 Basgfius
1557 2036 1662 2073 publice

84 2073 210 2104 donavit,
231 2081 312 2109 quam
326 2074 352 2101 &
366 2083 415 2101 nos
426 2072 471 2100 hic
482 2073 651 2109 subjecimus.

123 2112 202 2146 Apud
214 2109 324 2137 Nonium
337 2111 485 2138 Marcellum
499 2113 526 2139 &
540 2112 594 2139 haec
609 2110 721 2139 vestium
736 2111 847 2138 nomina
861 2110 996 2147 leguntur.

122 2148 224 2180 Abolla,
245 2149 321 2176 vestis
335 2148 456 2176 militaris
468 2157 532 2177 erat.
552 2153 639 2177 Varro
653 2147 832 2183 Cofinoiorine:
856 2154 901 2178 w
913 2152 998 2183 0605·oe
1010 2152 1098 2182 κεςμκι
1119 2147 1197 2183 Toga
1211 2147 1295 2175 traera
1311 2147 1361 2180 est,
1382 2149 1409 2177 &
1421 2147 1501 2176 abolla
1512 2149 1574 2178 data
1580 2151 1617 2179 est
1626 2152 1658 2179 ad

83 2187 190 2217 turbam
199 2208 207 2219 ,
227 2187 273 2214 ubi
284 2186 338 2214 sera
351 2186 447 2214 militia
460 2188 487 2214 in
499 2196 611 2215 munera
624 2187 699 2218 velli,
719 2194 749 2215 ut
762 2187 924 2222 praestarernt

393 2224 516 2252 Tunicam
531 2225 636 2255 raHam,
657 2222 885 2260 tunicamspiffimz.

124 2263 271 2294 Risinium,
301 2272 384 2291 omne
402 2262 591 2291 vestimentum
612 2264 781 2301 quadratum.
821 2263 842 2289 Ii
857 2283 864 2293 ‚
890 2262 935 2298 qui
952 2271 1014 2289 ΧΗ.
1036 2261 1203 2298 interpretati
1216 2260 1275 2288 fiant
1289 2280 1296 2290 ,
1321 2261 1372 2289 effe
1385 2261 1528 2295 dixerunt,
1555 2265 1659 2293 virilem

83 2311 176 2341 togam
196 2310 351 2340 praetextam
367 2301 443 2328 clavo
457 2309 598 2337 purpureo.
617 2299 710 2339 Festus.
728 2304 807 2327 Varro
821 2300 889 2327 libro
900 2309 927 2334 4.
939 2300 973 2326 de
986 2298 1049 2336 ling.
1063 2301 1122 2327 Lat.
1139 2299 1319 2336 Antiquissimi
1339 2300 1450 2329 amiCiui
1468 2300 1585 2329 ricinium
1599 2323 1606 2334 ,
1632 2303 1660 2330 id

83 2342 155 2378 quod
174 2351 207 2369 eo
225 2341 367 2369 utebantur
386 2337 502 2375 duplici,
522 2338 553 2366 ab
573 2348 622 2372 eo,
642 2340 714 2376 quod
728 2338 870 2366 dimidiam
885 2345 989 2374 partem
1003 2337 1149 2366 retrorsum
1162 2336 1309 2374 jaciebant,
1329 2337 1361 2366 ab
1375 2339 1526 2375 *rejiciendo
1544 2340 1661 2367 ricinium

1566 2418 1641 2442 Lana
1653 2435 1660 2446 2
