2075 2734
397 97 452 125 ⁶65
686 84 1706 120 AxwxqurrflrumR0i1ANARUiiL1⁸.IX.

395 144 516 175 formula.
526 149 604 171 utens
615 162 622 173 ‚
643 149 700 178 quae
721 140 933 167 vindicationem
952 137 1030 166 simul
1044 159 1052 171 ‚
1072 148 1103 166 ac
1121 138 1350 175 mancipationem
1373 136 1601 172 conipleCiebatur
1615 147 1621 164 ι
1649 140 1723 163 Hunc
1735 134 1858 164 hominem
1873 147 1906 166 ex
1915 139 1976 174 jare

394 183 531 224 quiritium
546 191 631 209 meum
645 177 690 217 essc’
703 181 757 213 xijo.-
796 176 898 205 uoniam
912 185 1008 212 emptus
1022 175 1055 214 est
1069 176 1134 204 mihi
1146 178 1187 204 hoc
1200 187 1243 203 are
1257 197 1263 207 ,
1284 185 1396 213 aeneaque
1410 175 1484 202 lubra.
1524 174 1659 203 Naturalis
1670 185 1735 203 vero
1748 182 1822 211 pater
1834 177 1976 214 responde-

394 224 451 250 bat:
473 218 641 258 Hancfilmm
656 227 740 244 meum
752 187 798 243 1121
811 215 935 250 mancipo,
956 217 1100 253 &accepto
1114 216 1202 252 pretio
1216 217 1242 243 in
1254 215 1314 251 jure
1328 213 1446 244 cedebat,
1458 223 1512 250 quo
1526 212 1599 241 facto
1612 222 1709 250 praetor
1723 213 1869 243 addicebat.
1898 217 1976 253 Qo.

396 262 470 288 niam
483 269 548 287 vero
562 268 591 286 ex
605 257 663 293 lege
676 255 743 282 filius
756 254 769 282 a
782 262 856 291 patre
871 254 1036 282 venundatus
1050 253 1130 290 usque
1150 254 1182 281 ad
1198 255 1306 281 tertiam
1322 253 1549 289 mancipationem
1566 273 1574 283 ,
1599 253 1626 280 in
1640 252 1798 288 potestatem
1813 254 1893 290 patris
1906 255 1977 283 redi-

395 300 453 331 bat,
473 304 614 334 propterea
628 294 739 321 secunda
753 294 815 320 inde
831 293 1011 329 mancipatio,
1032 294 1057 320 ἃ
1073 293 1100 319 in
1114 293 1173 328 jure
1185 292 1264 319 ceffio
1279 290 1458 319 adhibebatur,
1491 291 1617 327 Cumque
1630 291 1727 319 iterum
1743 290 1810 318 fiiius
1824 293 1849 318 in
1865 294 1977 328 potessa-

397 345 455 366 tem
468 336 548 374 patris
560 333 664 361 rediss'et
673 352 681 363 ‚
702 339 760 360 tum
776 333 854 360 tertia
867 331 1053 362 adhibebatur,
1074 330 1126 359 hoc
1139 331 1238 358 modo:
1259 334 1309 367 Ego
1322 338 1379 355 vero
1391 329 1454 355 hunc
1464 327 1556 366 filium
1571 340 1657 357 meum
1670 328 1719 356 tibi
1732 327 1856 363 mancipo,
1875 340 1906 356 ea.
1922 341 1977 358 con-

396 376 503 404 ditione,
523 381 551 399 ut
564 370 627 398 mihi
640 370 803 404 remancipes,
823 378 853 398 ut
867 371 937 398 inter
951 369 1037 397 bonos
1051 369 1119 397 bene
1134 370 1175 406 agi
1190 375 1298 404 oportet
1308 389 1314 399 ‚
1334 376 1369 394 ne
1381 375 1492 404 propter
1504 374 1545 398 te,
1566 375 1695 404 tuamque
1709 368 1789 395 fidem
1805 366 1924 400 frauder,
1945 378 1976 397 ac

400 414 509 442 tertium
525 416 635 447 accepto
650 410 738 445 pretio
757 409 882 440 cedebat,
904 410 930 437 ὃ(
941 416 1038 445 praetor
1052 409 1166 435 tertium
1183 407 1331 435 addicebat.
1365 406 1426 442 Q?
1438 415 1466 433 re
1482 405 1600 442 perfedta
1614 415 1672 434 tum
1689 406 1799 434 demum
1818 405 1884 432 {ilius
1898 405 1911 432 e
1927 415 1976 442 po-

398 452 488 480 testate
501 450 582 486 patris
597 447 710 485 egressus
722 447 871 483 putabatur.
911 447 990 474 Unde
996 445 1151 484 fiduciarius
1160 453 1236 480 pater
1247 465 1253 474 ,
1276 446 1320 482 qui
1335 444 1461 471 dominus
1473 444 1530 479 ejus
1544 453 1600 472 erat
1614 444 1697 472 faCtus
1709 465 1716 475 ,
1738 445 1851 471 eundem
1867 445 1979 473 naturali

398 490 466 527 patri
480 489 533 516 sine
550 487 641 514 fraude
654 485 870 522 remancipabat:
890 485 1014 513 naturalis
1027 494 1092 512 vcro
1106 485 1190 512 filium
1207 493 1292 521 quem·
1306 482 1375 520 quafi
1390 481 1496 510 servum
1512 485 1649 511 coemerat
1662 504 1670 515 ‚
1690 481 1899 511 manumittebat
1913 503 1921 515 ‚
1941 491 1980 511 at-

402 538 453 565 que
471 527 506 554 ita
521 525 587 553 liber
601 524 656 555 ille,
677 524 704 551 id
719 524 768 555 est,
789 523 826 551 sui
839 524 904 560 juris
919 523 1002 550 faetus
1016 531 1084 553 erat,
1106 531 1135 550 ut
1148 524 1227 557 Cujus
1240 521 1349 558 scripfit.

437 569 465 592 In
478 563 607 598 adoptione
619 562 674 590 haee
687 570 755 590 erat:
777 563 803 589 Is
817 564 861 599 qui
876 561 1033 598 adoptabat,
1053 561 1120 597 apud
1135 568 1277 597 praetorem
1295 569 1374 591 eum,
1395 568 1476 597 quem
1491 558 1634 595 adoptabat
1647 580 1653 591 ‚
1673 565 1766 587 tenens
1780 580 1788 591 ‚
1809 560 1845 586 ita
1858 559 1975 588 dicebat:

399 608 474 632 Hunc
487 599 703 639 haminemft'ium
716 610 801 627 meum
814 598 860 638 effi
871 602 924 635 ay'o,
944 600 1013 639 tjque
1025 598 1086 626 nnhi
1100 608 1197 633 emptus
1210 597 1244 635 est
1256 599 1297 625 hoc
1309 608 1362 625 ωε.
1389 597 1524 626 Naturalis
1537 604 1627 625 autem
1639 605 1714 634 pater
1727 597 1807 634 usque
1822 598 1854 625 ad
1868 599 1978 626 tertiam

398 641 625 678 mancipationem
644 639 670 666 in
690 639 750 674 jure
770 639 880 666 cedebat
895 659 902 670 ,
927 646 1025 676 praetor
1047 647 1112 665 vero
1132 637 1279 665 addicebat.
1316 637 1431 665 Notavit
1446 635 1557 671 Appian.
1578 637 1661 664 etiam
1681 635 1788 664 testibus
1805 634 1976 672 praesentibus

397 681 537 715 adopttones
551 679 618 715 apud
635 684 776 713 praetorem
793 677 850 705 fieri
863 676 960 705 solitas.

440 717 560 746 formula
574 714 772 751 manumiffiom'a
785 715 834 743 fuit
849 724 878 742 ea
892 725 897 742 ;
926 714 979 742 Ubi
993 715 1036 743 die
1050 713 1233 752 postulationis
1251 714 1423 742 manumiffto
1437 713 1565 750 postulata
1577 719 1634 740 erat
1648 733 1655 744 ,
1681 719 1742 740 tum
1756 711 1800 739 die
1815 713 1977 749 cognitionis

399 758 458 795 post
472 755 575 785 causam
589 755 726 792 cognitam
742 753 820 781 fiebat
833 753 885 780 hoc
901 754 985 781 modo
1000 764 1006 780 :
1029 754 1081 789 Qui
1096 753 1288 780 manumittere
1302 753 1407 780 servum
1420 752 1488 789 apud
1502 758 1646 789 praetorem
1663 750 1784 782 volebat,
1806 752 1875 787 ejus,
1896 761 1980 788 quem.

401 796 596 823 manumittere
609 791 714 820 volebat
726 813 732 823 ,
753 799 831 828 caput
844 812 851 823 ,
871 799 916 819 aut
928 792 996 820 aliud
1012 791 1168 818 membrum
1183 799 1275 819 tenens
1295 792 1327 819 ad
1341 799 1484 827 praetorem
1498 791 1534 818 ita
1547 789 1652 818 dicebat
1667 799 1672 815 :
1694 792 1768 816 Hunc
1781 788 1905 817 hominem
1919 789 1980 817 libe-

399 843 460 861 rum
472 832 518 870 effi
531 831 598 864 volo,
620 833 646 860 ἃ
655 830 795 858 emittebat
807 839 869 857 eum
883 828 898 857 ὲ
910 839 1000 857 manu.
1033 831 1131 857 Praetor
1145 837 1235 857 autem
1244 828 1378 863 windam,
1397 830 1424 857 id
1439 829 1475 856 est
1484 849 1490 860 ‚
1511 829 1599 865 virga,
1620 826 1740 864 ejusdem
1753 826 1820 856 servi
1833 828 1914 864 capiti
1927 829 1980 856 im-

398 872 482 909 polita
497 872 533 898 ita
543 868 664 897 dicebat:
685 866 747 895 Dico
760 878 818 895 eum
828 867 932 895 liberum
947 867 992 905 effe
1005 878 1072 895 more
1085 867 1230 906 quiritium.
1253 868 1319 895 Inde
1330 866 1473 896 conversus
1487 867 1518 894 ad
1528 867 1651 894 lictorem
1661 887 1667 898 ‚
1679 865 1790 893 addebat
1801 876 1808 892 z
1829 867 1982 894 Secundum

401 917 476 938 tuam
491 908 609 939 causam,
630 907 705 934 sicuti
720 906 775 934 dixi
786 916 836 933 ecce
849 906 895 933 nbi
907 906 1027 933 vindam.
1065 907 1140 933 Tum
1153 905 1234 933 lietor
1243 914 1352 942 accepta
1367 904 1380 933 a
1393 912 1506 942 praetore
1519 904 1632 932 vindam
1646 925 1653 936 ,
1673 911 1754 939 caput
1768 903 1836 931 servi
1849 906 1982 940 percutie-

399 947 460 980 bat,
480 947 577 975 faciem
587 967 593 978 ‚
614 944 717 981 palma,
739 952 901 982 tergumque
918 943 1082 972 verberabat.
1121 943 1224 981 Qibus
1238 945 1350 979 peraetis
1363 953 1465 971 nomen
1480 942 1632 971 manumissi
1647 943 1674 969 in
1687 942 1745 969 acta
1759 941 1771 968 a
1786 941 1869 970 scriba
1883 942 1981 970 refere-

399 986 477 1015 batur
490 1006 496 1014 .
517 984 621 1020 adjecta
635 982 708 1011 causa
723 983 946 1010 manumissionis.
986 982 1070 1010 Addit
1083 983 1159 1016 cajus
1171 1001 1177 1010 .
1200 981 1228 1009 ff.
1241 982 1275 1009 de
1290 981 1441 1009 manumiss.
1456 981 1573 1009 vi1idi6ta
1584 1001 1591 1011 ,
1617 990 1673 1008 non
1687 979 1738 1007 effe
1751 981 1866 1007 omnino
1879 981 1981 1009 neceffe
2021 1010 2027 1014 ,
2060 990 2061 994 ’

399 1033 450 1061 pro
463 1023 587 1052 tribunali
601 1022 801 1049 manumittere.
839 1021 932 1057 Itaque
945 1019 1085 1057 plerosque
1098 1021 1125 1048 in
1139 1019 1249 1048 transitu
1262 1019 1350 1048 servos
1364 1020 1521 1047 manumitti
1535 1018 1617 1046 solere
1631 1039 1637 1050 ,
1658 1027 1721 1046 cum
1735 1025 1779 1045 aut
1796 1018 1916 1051 lavandi,
1935 1026 1982 1047 aut

400 1062 519 1100 gestandi
533 1082 541 1093 ‚
563 1067 608 1089 aut
622 1060 748 1088 ludorum
763 1058 838 1087 causa
851 1059 972 1096 prodiret
980 1066 1077 1093 pretor.
1116 1060 1205 1096 Atque
1219 1057 1258 1085 bae
1270 1058 1388 1086 aetiones
1400 1057 1466 1094 juris
1486 1066 1534 1094 per
1554 1056 1668 1084 verbum
1688 1055 1741 1084 dico
1761 1057 1979 1093 exprimebantur

401 1111 416 1128 a
449 1108 552 1128 raetore.

429 1109 491 1165 PSed
509 1140 535 1166 &
549 1138 645 1166 tutoris
660 1135 802 1172 postulatio
815 1136 846 1163 ad
865 1135 931 1171 legis
948 1136 1083 1163 ad'tionem
1093 1157 1101 1168 ‚
1121 1135 1196 1163 datio
1214 1135 1245 1163 ad
1258 1134 1473 1171 jurisdietionem
1487 1133 1631 1170 pertinuit,
1651 1131 1761 1161 authore
1774 1132 1876 1168 Ulpiano
1887 1155 1896 1166 ‚
1917 1143 1981 1162 cum

399 1177 501 1214 inquit:
521 1175 579 1212 Jus
591 1173 698 1202 dicentis
710 1174 817 1210 officium
831 1173 978 1209 larttffimum
991 1173 1033 1211 cst.
1073 1175 1147 1202 Nam
1166 1176 1192 1202 ὅ(
1207 1173 1312 1210 pupillis
1331 1183 1387 1201 non
1406 1172 1561 1201 habentibus
1579 1179 1683 1201 tutores
1703 1171 1862 1200 constituere
1882 1173 1975 1208 potest:

398 1215 472 1252 quod
488 1213 692 1250 intelligendum
711 1213 747 1240 est
762 1233 769 1244 ‚
790 1213 808 1240 fi
822 1221 908 1249 neque
922 1213 1132 1241 testamentarius
1147 1233 1153 1243 ‚
1174 1221 1261 1249 neque
1274 1211 1410 1249 legitimus
1430 1218 1505 1239 tutor
1523 1210 1621 1238 adesset
1632 1230 1640 1242 ‚
1661 1217 1721 1238 tum
1734 1210 1827 1237 datum
1842 1209 1855 1238 a
1869 1218 1984 1246 praetore

399 1253 484 1280 fuisse.
521 1254 583 1286 Hoc
598 1261 660 1278 cum
678 1250 790 1278 faciebat
797 1259 887 1285 prator
900 1271 907 1282 ‚
929 1252 1034 1279 tertiam
1056 1259 1160 1287 partem
1174 1250 1364 1287 jurisdicttionis
1376 1249 1499 1286 explebat
1511 1269 1519 1280 ‚
1541 1258 1622 1286 quam
1637 1247 1750 1275 verbum
1772 1249 1803 1275 do
1822 1249 1986 1277 continebat.

402 1292 493 1327 Atque
507 1290 560 1317 hoc
574 1290 647 1317 idem
661 1288 694 1316 de
708 1287 853 1324 Conficlrbm
868 1291 894 1317 ὃς
909 1288 1017 1316 tribunis
1030 1289 1113 1326 plebis
1127 1290 1254 1321 dicimus,
1275 1298 1392 1326 quorum
1409 1288 1483 1316 idem
1498 1286 1540 1323 jus
1555 1286 1630 1315 fuisse
1641 1287 1802 1322 accepimus.

441 1329 482 1356 Ad
497 1328 552 1356 haec
567 1337 632 1357 vero
646 1328 691 1364 qui
707 1327 864 1358 voluerunt,
883 1327 896 1354 a
908 1336 1009 1361 prasore
1022 1337 1130 1365 quoque
1143 1328 1276 1355 bonomm
1291 1327 1478 1364 poffeffionem
1491 1324 1655 1363 postularunt
1669 1345 1676 1356 ‚
1695 1332 1845 1362 praetorque
1855 1333 1905 1361 pro
1916 1325 1984 1353 arbi-

401 1367 454 1395 trio
470 1367 552 1395 dedit.
591 1366 671 1393 Unde
686 1365 775 1393 scribit
789 1366 862 1393 idem
881 1364 1001 1399 Ulpianus
1016 1368 1113 1394 eodem
1134 1367 1161 1394 in
1176 1366 1240 1394 loco
1253 1388 1262 1398 ,
1283 1364 1341 1403 Jus
1353 1365 1479 1393 dmentem
1497 1364 1613 1391 bonorum
1628 1361 1791 1400 poffi’ffionem
1804 1363 1985 1401 edzi‘epotutffia

400 1406 473 1434 Item
488 1416 493 1432 ·.
516 1405 625 1432 Mistum
640 1405 786 1440 imperium
803 1404 839 1431 est
852 1425 860 1436 ‚
882 1405 924 1430 cui
938 1405 1019 1432 etiam
1030 1404 1180 1441 jurisdictio
1200 1405 1265 1432 inest
1279 1425 1286 1436 ‚
1306 1404 1377 1441 quod
1398 1404 1425 1431 in
1440 1403 1525 1431 danda
1537 1403 1673 1430 bonorum
1693 1401 1849 1437 poss'effione
1862 1402 1988 1430 confistit,

403 1444 539 1472 Caeterui‘n
553 1442 670 1469 bonorum
678 1440 785 1478 poffeffio
797 1441 847 1470 fuit
862 1442 904 1477 jus
918 1441 1106 1479 persequendi,
1127 1443 1314 1479 retinendique
1326 1443 1497 1477 patrimonii,
1516 1440 1570 1467 five
1582 1440 1621 1467 rei
1633 1460 1643 1471 ,
1662 1448 1719 1475 quae
1729 1439 1817 1474 cujus,
1837 1449 1899 1466 cum
1912 1449 1985 1467 mor-

403 1488 465 1509 tuus
479 1482 515 1507 est
529 1501 536 1511 ‚
558 1480 607 1508 fuit
621 1501 628 1511 ,
649 1480 721 1516 quod
735 1487 833 1515 praetor
848 1487 890 1506 aut
904 1481 1064 1507 emendandi
1077 1501 1084 1511 ,
1106 1488 1150 1508 aut
1164 1480 1356 1517 impugnandi,
1375 1487 1420 1507 aut
1434 1478 1613 1508 confirmandi
1623 1477 1690 1512 juris
1705 1476 1790 1504 civilis
1805 1478 1889 1513 gratia
1902 1477 1987 1505 dedit.

401 1520 442 1547 Ut
461 1519 534 1545 enim
555 1517 596 1543 lex
615 1516 742 1544 duodecim
761 1516 906 1544 tabularum
926 1526 958 1545 ex
977 1518 1157 1549 testamento,
1188 1518 1228 1545 vel
1247 1518 1279 1545 ab
1298 1518 1422 1546 intestato
1441 1518 1473 1545 ad
1496 1516 1678 1544 haereditatem
1698 1515 1823 1542 vocavit:
1850 1515 1884 1542 fic
1895 1523 1986 1548 prator

402 1556 538 1584 bonorum
559 1555 727 1592 poss'essiones
747 1555 867 1585 invenit;
895 1563 942 1590 per
961 1564 1024 1592 quas
1041 1556 1084 1592 jus
1105 1556 1182 1584 civile
1202 1557 1337 1585 correxit.
1367 1565 1422 1583 non
1441 1555 1526 1582 solum
1548 1556 1576 1582 in
1595 1555 1626 1581 iis
1641 1574 1648 1584 ,
1681 1554 1726 1589 qui
1746 1553 1861 1580 intestati
1882 1553 1984 1581 mortui

404 1594 487 1622 essent
501 1615 508 1626 ‚
540 1593 583 1620 sed
603 1594 685 1620 etiam
705 1593 751 1629 qui
772 1594 961 1621 testamentum
983 1593 1111 1622 fccissent.
1153 1596 1226 1621 Nam
1252 1594 1271 1621 si
1291 1595 1348 1631 quis
1373 1594 1493 1620 moriens
1519 1592 1634 1620 alienum
1656 1590 1829 1627 posthumum
1851 1590 1984 1618 haeredem

402 1631 540 1668 scripfiffct
556 1653 562 1663 ‚
592 1631 633 1658 his
650 1631 669 1658 fi
689 1639 764 1659 natus
785 1631 869 1659 fuisset
886 1652 892 1662 ,
920 1631 932 1657 a
952 1632 1011 1666 jure
1032 1632 1101 1659 civili
1122 1632 1310 1668 rejiciebatur:
1338 1639 1365 1659 at
1383 1630 1397 1658 a
1415 1638 1529 1667 praetore
1547 1629 1663 1657 bonorum
1685 1627 1822 1666 poffiffione
1839 1628 1985 1657 secundum

403 1670 503 1698 tabulas
522 1668 706 1698 decorabatur.
748 1669 774 1696 Si
793 1669 901 1697 libertus
920 1678 1062 1705 patronum
1084 1670 1247 1705 praeteriifl'et
1260 1691 1267 1701 ‚
1301 1669 1343 1697 lex
1362 1669 1466 1697 nullum
1492 1669 1570 1696 dabat
1589 1676 1705 1705 patrono
1730 1667 1832 1695 aditum
1860 1668 1892 1695 ad
1916 1667 1986 1696 bona

402 1708 511 1736 liberti:
544 1716 570 1736 at
591 1714 688 1744 praetor
707 1706 783 1734 dabat
802 1707 936 1735 bonorum
958 1708 1145 1743 posseffionem
1165 1717 1258 1736 contra
1287 1707 1395 1736 tabulas.
1435 1709 1506 1735 Item
1520 1727 1527 1736 ,
1559 1706 1579 1734 si
1600 1707 1657 1744 quis
1676 1714 1708 1733 ex
1726 1706 1886 1734 testamento
1905 1705 1986 1733 haeres

404 1747 537 1774 institutus
550 1746 628 1777 esset,
650 1755 704 1773 non
718 1744 804 1773 solum
819 1745 832 1772 a
845 1746 904 1782 jure
917 1746 988 1773 civili
1002 1746 1114 1774 habebat
1127 1745 1307 1775 hareditatem
1317 1766 1324 1777 ‚
1353 1745 1396 1774 sed
1410 1746 1491 1774 etiam
1506 1744 1520 1773 ἐι
1528 1753 1632 1780 pretore
1647 1745 1781 1772 bonorum
1798 1744 1986 1779 poss'effionem

405 1785 551 1812 secundum
567 1783 675 1811 tabulas.
2022 1779 2027 1782 ⁴

446 1825 543 1860 Neque
558 1832 623 1850 vero
636 1821 721 1849 solum
739 1821 784 1849 has
797 1823 859 1849 duas
873 1820 990 1849 bonorum
1001 1821 1148 1859 poffeffiones
1159 1830 1258 1859 praetor
1274 1823 1349 1850 dedit
1362 1832 1395 1850 ex
1407 1822 1582 1852 testamento,
1603 1818 1646 1847 sed
1658 1819 1739 1847 etiam
1756 1819 1820 1847 octo
1833 1819 1894 1848 aiias
1905 1819 1936 1847 ab
1950 1819 1988 1848 in·

409 1860 511 1898 testato,
530 1862 628 1898 partim
642 1861 686 1897 jus
700 1860 777 1888 civiie
791 1861 968 1892 confirmans,
988 1862 1086 1897 partim
1103 1861 1248 1889 emendans
1262 1882 1269 1893 ‚
1290 1861 1387 1897 partim
1402 1859 1605 1897 reprehendens.
1646 1860 1712 1886 Sunt
1725 1864 1815 1886 autem
1829 1858 1869 1886 hae
1883 1870 1888 1886 :
1904 1867 1988 1893 prtmo

406 1900 456 1928 suis
470 1898 616 1927 haeredibus
629 1920 636 1930 ‚
659 1899 684 1926 id
701 1899 737 1925 est
751 1919 759 1930 ‚
783 1897 870 1926 liberis
884 1919 891 1929 ‚
912 1906 970 1927 tum
989 1900 1162 1935 emancipatis
1172 1921 1181 1932 ,
1207 1906 1265 1927 tum
1282 1902 1331 1927 iuis
1354 1898 1386 1927 ab
1400 1899 1540 1926 intestato:
1560 1896 1666 1932 fecundo
1680 1896 1809 1933 legitimis
1822 1896 1968 1926 haeredibus
1979 1919 1986 1930 ,

405 1947 505 1974 nempe
519 1939 619 1975 agnatis
634 1935 665 1964 ab
680 1937 804 1965 intestato
818 1947 849 1965 ex
864 1936 915 1975 lege
928 1936 1157 1965 x11.tabularum:
1176 1937 1252 1965 tertio
1265 1938 1359 1965 decem
1371 1937 1502 1973 personis,
1524 1946 1581 1974 quae
1593 1934 1778 1962 manumiffori
1791 1942 1917 1963 extraneo
1924 1944 1989 1972 prx-

406 1976 553 2008 ferrentur‚
575 1976 705 2004 nimirum
720 1975 790 2007 filio,
812 1975 884 2005 filiae,
905 1975 994 2006 fratri,
1015 1975 1114 2006 sorori,
1135 1977 1240 2013 nepoti,
1261 1977 1349 2013 nepti,
1370 1977 1452 2012 patri,
1470 1976 1563 2006 matri,
1583 1983 1650 2005 avo,
1670 1974 1745 2000 aviae:
1766 1982 1857 2012 quarto
1869 1974 1988 2011 cognatis

407 2015 552 2049 proximis:
572 2023 659 2053 qmnto
677 2014 720 2045 iis,
743 2014 788 2051 qui
803 2023 835 2041 ex
850 2012 962 2045 familia,
984 2023 1083 2050 nempe
1098 2013 1186 2042 liberti
1202 2013 1306 2047 liberis,
1328 2021 1385 2042 tam
1404 2012 1563 2042 naturalibus
1577 2033 1584 2043 ‚
1605 2021 1685 2049 quarn
1698 2011 1848 2048 adoptivis,
1868 2014 1989 2050 itemque

407 2053 499 2092 uxori,
519 2062 575 2089 quae
589 2053 665 2089 ipsius
680 2053 707 2079 in
723 2061 834 2079 manum
853 2061 1028 2080 convenerat:
1042 2054 1117 2087 ftxm
1132 2051 1241 2083 liberto,
1263 2061 1390 2089 patrono,
1410 2052 1515 2089 patroni
1528 2050 1616 2078 liberis
1626 2072 1635 2082 ,
1661 2049 1865 2087 parentibusque
1875 2060 1987 2079 eorum:

398 2089 505 2123 septimo
518 2091 590 2121 viro,
612 2091 731 2118 intestata
746 2100 845 2119 uxore:
867 2093 893 2118 δε
907 2091 1022 2118 vicissim
1037 2092 1115 2119 uxori
1128 2112 1136 2122 ,
1159 2092 1220 2118 viro
1233 2091 1356 2119 intestato
1371 2111 1377 2122 ‚
1398 2091 1502 2127 quoties
1521 2088 1662 2117 deficiebat
1677 2089 1767 2116 omnis
1780 2097 1936 2125 parentum,
1958 2089 1990 2116 li·
2002 2082 2015 2122 ἰ

408 2125 588 2158 berorumve,
609 2128 650 2155 seu
665 2129 878 2165 propinquorum
893 2128 1028 2166 legitima,
1049 2129 1090 2156 vel
1102 2129 1225 2157 naturalis
1237 2128 1361 2157 succeffio
1376 2139 1381 2155 ·.
1402 2137 1485 2155 octavo
1500 2128 1606 2164 patroni
1620 2127 1754 2165 cognatis,
1775 2128 1898 2155 intestato
1911 2126 1989 2155 liber·
2012 2133 2014 2135 ’

408 2171 458 2206 1⁰²,
481 2167 568 2200 Atque
582 2165 630 2192 hx.
650 2167 758 2202 quidem
768 2175 857 2200 prator
869 2169 984 2196 omnino
999 2167 1076 2200 fecit,
1097 2175 1177 2204 prout
1190 2167 1216 2194 se
1230 2166 1363 2194 faeturum
1379 2167 1407 2194 in
1420 2167 1509 2194 edieio
1522 2165 1667 2204 proposuit.
1703 2166 1773 2193 Hinc
1782 2165 1891 2192 Valerius
1905 2164 1950 2193 lib.
1964 2175 1990 2202 7.

410 2203 469 2229 Pi1o
477 2211 564 2244 pratoi-
577 2203 686 2229 mamm
699 2206 830 2232 Terentio
845 2207 914 2243 patri
927 2206 1094 2234 exhaeredato
1101 2205 1235 2233 bonorum
1250 2204 1370 2233 defuncti
1384 2205 1430 2232 filii
1443 2204 1628 2241 possessionem
1643 2204 1731 2234 dedit,
1752 2203 1918 2241 haeredesque
1930 2204 1990 2241 Iege

409 2250 487 2282 age-re
500 2241 583 2283 Rafiu?
600 2250 654 2267 non
669 2242 712 2269 est.
753 2244 878 2271 Tandem
894 2254 923 2273 ut
934 2243 1066 2282 postulatio
1078 2242 1206 2272 mterdrcti
1220 2244 1252 2271 ad
1266 2243 1332 2281 legis
1350 2243 1485 2272 aitionem
1498 2243 1640 2281 pertinuit,
1660 2243 1695 2270 slc
1707 2240 1854 2281 mteipqsitio
1863 2239 1990 2270 interdicti

408 2280 440 2307 ad
453 2278 675 2314 Jurildidhonem.

443 2316 580 2359 Intestina
597 2326 682 2358 vero..
703 2324 732 2359 ut
746 2318 832 2355 inquit
845 2320 1004 2358 Justinianm
1018 2343 1024 2352 .
1048 2321 1155 2350 fuerunt
1170 2320 1294 2349 formulae
1305 2342 1312 2353 ‚
1340 2328 1419 2358 atque
1437 2322 1627 2358 conceptiones
1640 2317 1786 2347 verborum
1800 2339 1808 2350 ‚
1829 2317 1921 2355 quibus
1928 2327 1991 2353 pra-

406 2362 447 2385 tor
460 2362 505 2385 aut
518 2353 629 2393 jubebat
642 2354 741 2392 ahquid
761 2356 832 2390 fieri,
852 2366 896 2386 aut
908 2358 1068 2396 prohibebat
1084 2371 1089 2388 ;
1110 2360 1184 2398 quod
1198 2368 1262 2389 tunc
1274 2361 1395 2389 maxime
1408 2359 1524 2389 faciebat
1534 2380 1544 2394 ,
1564 2369 1628 2388 cum
1647 2358 1678 2385 de
1686 2355 1822 2394 poffiffvm’
1833 2374 1842 2385 ‚
1862 2363 1906 2384 aut
1918 2355 1991 2422 ‘³33¹

1898 2403 1933 2430 ΡΟ
1981 2409 1994 2418 '
