2075 2734
425 91 480 123 532
701 74 1517 113 ‘AurtQtJtrAruMRoMANAaum
1557 73 1745 104 Limvln,

423 147 468 168 aut
480 136 554 165 nexis
569 133 655 163 custos
666 140 795 170 perpetuo
807 130 904 159 adesset
918 131 946 158 in
960 128 1036 158 sacris
1050 148 1057 160 ,
1077 134 1122 155 aut
1136 126 1189 155 fine
1209 125 1314 155 custode
1328 124 1437 161 aliquod
1459 122 1529 165 fugae
1546 123 1699 160 periculum
1714 123 1830 154 subirent
1843 126 2001 158 &editui-023i

426 178 460 204 Et
475 184 507 202 eo
522 172 628 201 fortasse
642 171 740 208 spectat
754 170 796 198 illa
808 169 874 206 legis
887 166 1059 196 decemviralis
1072 165 1200 203 particula
1214 186 1223 197 ,
1243 173 1300 202 quae
1319 163 1387 201 apud
1404 160 1504 200 Festum
1517 170 1545 189 in
1565 171 1633 191 voce
1646 166 1696 190 Nec
1708 182 1717 193 ,
1735 164 1846 192 Antonii
1861 167 2000 203 Augustini

424 212 561 251 diligentia
573 211 607 239 fic
621 209 763 238 emendata
775 208 884 245 legitur:
906 205 956 244 Ast
968 204 991 233 ei
1004 203 1080 244 custos
1096 213 1150 231 nece
1155 202 1195 243 fit
1204 224 1217 244 ⁵.
1229 202 1291 244 ζῇς.
1310 241 1315 245 .
1444 240 1450 245 ἢ
1727 239 1733 245 ι
1780 240 1786 246 ·

463 251 492 279 Si
504 250 584 282 volet,
598 250 645 284 fico
657 246 766 282 virita]
788 246 917 274 Liberum
931 243 1094 281 reliquerunt
1107 242 1242 270 decemvm
1255 249 1343 272 nexis,
1364 238 1410 269 suo
1426 248 1530 272 vivere,
1549 238 1591 268 vel
1603 248 1669 269 non.
1708 240 1735 267 Si
1746 249 1819 269 enim
1831 250 1887 270 non
1903 242 2001 274 vellent

423 290 473 319 suo
487 290 591 318 vivere,
612 294 671 314 tum
685 284 829 313 creditores
845 283 1008 321 cogebantur
1023 291 1068 310 eos
1083 280 1164 311 alere,
1175 280 1224 320 ‚uti
1237 280 1265 307 in
1276 279 1333 315 lege
1340 277 1469 319 sequitur.

465 326 553 354 Libras
559 323 639 360 farris
653 324 680 351 in
694 323 747 350 dzes
759 321 845 359 dato]
866 321 1053 358 Exprefferunt
1066 320 1201 347 decemviri
1216 324 1316 345 certam
1334 317 1408 344 larris
1423 318 1599 354 quantitatem
1609 338 1615 347 ,
1636 324 1733 353 quam,
1753 317 1871 344 creditor
1885 319 1960 346 nexis
1973 320 2001 348 in

426 364 541 402 fingulos
554 364 608 391 dies
625 363 709 390 daret:
731 362 803 398 quod
817 360 836 388 fi
851 370 933 389 nexus
946 369 976 387 ea
989 359 1137 397 quantitate
1152 365 1207 384 non
1221 362 1363 384 contentus
1374 355 1450 386 effet,
1470 358 1497 383 in
1505 357 1669 384 creditorum
1685 355 1794 383 arbitrio
1807 354 1964 392 pomerum,
1981 357 2001 386 si

427 401 589 438 vellentplus
597 401 668 428 dare.
689 399 978 436 Raevardusprolibras,
999 396 1090 425 libram
1099 395 1162 434 legit
1171 396 1197 422 in
1206 393 1341 432 singulari:
1362 393 1445 424 item,
1464 394 1555 430 proin
1567 392 1619 421 dies
1631 393 1693 420 endo
1707 393 1774 421 dies:
1796 394 1849 424 alii,
1874 393 2002 423 endodies,

475 459 628 496 XXXV.
653 459 705 491 Ni
719 468 788 491 cum
804 468 836 490 eo
843 456 947 504 pacit,
953 453 1115 501 sexaginta
1132 451 1197 486 dies
1214 454 1246 486 in
1261 451 1397 486 vinculis
1409 454 1542 485 retineto.
1568 453 1603 486 T
1598 454 1676 486 rinis
1690 452 1837 486 nundinis
1851 455 2002 488 continuis

551 510 585 541 in
598 508 755 540 comitium
766 506 914 554 procitato
928 527 940 547 ,
966 504 1081 549 aerifijue
1094 501 1249 546 astimiam
1266 499 1437 547 praedt'cato.
1488 502 1602 534 ‘Tertiis
1624 501 1769 534 nundinis
1785 512 1881 548 capite
1894 514 2003 550 poenas

550 556 645 596 tuito,
671 565 724 588 aut
737 564 824 587 trans
842 551 976 587 ‘Tiberim
987 562 1110 600 peregre
1126 562 1237 583 venum
1251 551 1303 582 ito.
1338 548 1400 592 Ast
1410 549 1438 594 fi
1445 549 1550 598 plures
1566 550 1644 594 esunt
1658 552 1719 591 rei,
1744 553 1842 584 tertiis
1855 551 2003 585 nundinis

544 606 661 653 parteis
669 605 810 649 ficanto:
830 603 858 648 fi
869 602 939 650 plus
956 602 1091 646 minusve
1100 600 1252 646 ftcuefimt
1263 624 1272 640 ‚
1297 610 1334 630 ne
1343 598 1370 644 fi
1379 597 1496 643 fraude
1511 597 1576 640 esto.

468 668 529 694 Hoc
541 673 634 702 caput,
655 664 729 702 quod
742 661 901 700 praecedenti
915 660 1043 691 cohaeret,
1065 659 1182 696 Agellrus
1195 667 1250 685 non
1265 657 1484 685 decemvirorum
1498 677 1506 687 ,
1527 657 1571 686 sed
1587 657 1638 684 suis
1653 657 1739 685 verbis
1752 660 1853 688 recitat.
1892 657 2005 697 Jacobut

432 711 524 732 autem
540 702 674 731 Raevardus
691 704 740 733 ita,
760 709 790 729 ut
803 709 853 728 nos
865 698 1026 736 scripsimus,
1047 698 1181 725 restituere
1194 697 1231 723 est
1246 705 1364 724 conatus.

469 746 563 769 Sextus
573 739 663 768 Calius
679 740 748 777 apud
764 737 895 776 Agellium
906 757 914 766 ,
939 746 1000 765 cum
1016 737 1134 771 priorem
1150 735 1239 772 legem
1255 734 1385 762 recitaflet
1398 755 1405 765 ,
1426 733 1461 762 sic
1480 734 1567 770 pergit
1580 742 1585 759 Ζ
1608 734 1671 761 Erat
1685 741 1773 762 autem
1788 735 1829 771 jus
1849 735 1946 763 interea
1958 745 2004 772 pa-

431 779 553 809 ciscendi.
580 781 620 807 Ac
634 777 681 806 nisi
693 778 764 815 pacti
779 777 882 806 forent,
904 774 1065 802 habebantur
1079 775 1106 801 in
1119 772 1232 802 vinculis
1245 773 1301 800 dies
1316 771 1457 809 sexaginta.
1499 774 1573 800 Inter
1589 781 1634 799 eos
1646 773 1701 800 dies
1717 773 1791 799 trinis
1804 774 1928 801 nundinis
1941 783 2003 802 con-

428 820 511 848 tinuis
523 819 555 846 ad
569 825 712 854 praetorem
727 817 755 843 in
771 813 900 842 comitium
914 813 1128 850 producebantur
1143 832 1148 843 ,
1169 819 1273 848 quantae
1291 812 1407 846 pecuniae
1419 811 1530 847 judicati
1549 810 1631 837 ess'ent
1646 831 1654 842 ,
1673 811 1872 846 praedicabatur.
1912 812 2005 840 Tertiis

431 864 522 885 autem
537 854 655 882 nundinis
670 855 755 890 capite
769 861 861 890 poenas
875 852 986 881 dabant,
1006 859 1050 878 aut
1065 858 1136 878 trans
1151 849 1275 877 Tiberim
1289 858 1401 886 peregre
1415 858 1513 876 venum
1529 848 1609 876 ibant.
1651 848 1701 876 Sed
1717 858 1776 876 eam
1791 850 1884 886 capitis
1896 858 2006 885 poenam

431 893 577 923 sancitndae
591 893 652 920 fidei
667 893 751 929 gratia
764 912 771 922 ,
791 890 945 917 horrificam
959 888 1103 916 atrocitatis
1117 889 1220 915 ostentu
1234 886 1362 924 novisque
1375 887 1520 915 terroribus
1536 886 1709 914 metuendam
1723 888 1903 916 reddiderunt.
1934 889 2008 916 Nam

431 933 450 960 fi
464 932 551 968 plures
565 930 655 957 forent
669 950 677 961 ,
697 929 791 966 quibus
805 936 864 954 reus
881 926 944 953 effer
957 927 1089 961 judicatus
1105 945 1112 955 ,
1132 924 1211 952 secari
1225 925 1242 951 si
1256 925 1354 952 vellent
1369 946 1375 956 ‚
1395 933 1474 961 atque
1489 925 1580 960 partiri
1594 933 1690 959 corpus
1704 925 1802 952 addicti
1816 925 1861 952 fibi
1875 925 2008 957 hominis,

429 969 684 1008 permiserunt,&c.
707 966 819 994 Causam
834 972 888 992 tam
899 963 995 991 atrocis
1008 962 1129 998 supplicii
1141 963 1168 989 in
1181 962 1328 993 debitores,
1349 962 1466 990 fallentes
1483 963 1577 992 fidem,
1598 962 1748 994 constituti,
1770 963 1841 990 idem
1857 963 1936 999 paulo
1951 963 2009 1000 post

432 1007 520 1035 reddit
533 1006 573 1033 his
589 1005 691 1033 verbis:
713 1002 901 1038 Nnhilproselio
914 998 1056 1031 immitius,
1076 999 1140 1027 nihil
1153 1001 1312 1031 innuamus,
1332 1000 1379 1026 nisi
1399 1000 1447 1033 (ut
1460 1001 1542 1036 reipsa
1556 1001 1681 1036 apparet)
1703 1009 1735 1027 eo
1748 1001 1857 1028 consilio
1872 1009 1943 1029 tanta
1958 1004 2010 1029 im-

433 1046 546 1073 manitas
560 1053 646 1081 poenae
659 1043 812 1071 denuntiata
824 1040 874 1071 est,
894 1048 928 1066 ne
942 1039 974 1065 ad
988 1047 1048 1065 earn
1064 1047 1180 1074 unquam
1196 1039 1338 1065 veniretur.
1361 1036 1457 1065 Addici
1471 1047 1586 1077 namque
1600 1047 1684 1066 nunc.
1706 1040 1732 1066 8<
1747 1039 1837 1066 rinctri
1850 1039 1951 1068 multos
1969 1041 2009 1067 vi-

432 1084 528 1117 demus
541 1102 551 1115 ,
579 1083 640 1118 quia
652 1080 822 1109 vinculorum
835 1085 946 1114 poenam
960 1076 1100 1104 deterrimi
1114 1076 1238 1103 homines
1257 1082 1445 1103 contemnunt.
1484 1074 1623 1112 Dcsj‘edium
1637 1076 1687 1103 elle
1705 1077 1849 1113 antiquitus
1869 1079 2010 1106 neminem

433 1121 560 1159 equidem
574 1129 660 1157 neque
674 1119 741 1155 legi,
762 1125 848 1152 neque
861 1115 961 1142 audivi:
983 1115 1110 1150 quoniam
1123 1113 1220 1142 saevitia
1232 1113 1298 1149 justa
1310 1122 1396 1150 poenae
1411 1115 1550 1141 contemni
1564 1122 1619 1140 non
1634 1114 1706 1150 quita
1721 1115 1766 1141 est.
1793 1115 1924 1151 Adscripfi
1939 1117 2006 1144 inte-

433 1168 513 1197 grum
525 1158 616 1186 locum
625 1179 631 1189 ‚
653 1157 723 1184 unde
736 1165 792 1193 quae
806 1154 836 1181 sit
848 1153 926 1189 hujus
940 1152 1032 1189 capitis
1044 1151 1172 1179 stntentia
1185 1152 1299 1187 intelligi
1313 1151 1407 1188 potest.
1432 1152 1590 1188 Adjicienda
1603 1158 1695 1179 tamen
1705 1152 1825 1189 quaedam
1839 1162 1922 1191 pauca
1935 1153 2009 1186 sunt,

434 1201 462 1228 &
476 1195 607 1224 nonnullae
620 1205 652 1223 ex
667 1194 790 1222 Ravardo
804 1192 945 1219 recitandae
958 1190 1026 1217 illius
1040 1190 1234 1217 emendationis
1247 1187 1335 1217 causae.

473 1233 511 1262 Ni
524 1243 581 1260 cum
593 1232 721 1268 coptum]
749 1232 781 1259 Id
797 1230 849 1262 est,
869 1230 897 1257 ni
912 1229 935 1256 is
948 1248 955 1260 ,
975 1228 1021 1266 qui
1034 1237 1097 1255 eum
1111 1228 1233 1256 vinctum
1249 1227 1328 1255 habet
1341 1248 1349 1260 ‚
1369 1236 1432 1256 cum
1444 1236 1515 1255 nexo
1529 1226 1681 1263 paciscatur.
1718 1229 1760 1255 De
1778 1228 1860 1256 verbo
1873 1237 1949 1263 paco,
1970 1228 2012 1258 vel

426 1281 507 1310 pago.
527 1271 602 1306 supra
614 1271 740 1299 diximus.
931 1303 935 1307 ⁶
953 1303 970 1307 ..
1050 1303 1053 1306 Ι
1811 1301 1815 1305 .

474 1314 499 1337 T
497 1308 558 1336 rinis
569 1309 689 1336 nundmos
700 1306 821 1335 continuis
834 1305 861 1333 in
873 1313 979 1332 commu
986 1312 1116 1339 prostrato.
1129 1303 1142 1339 ]
1181 1303 1247 1332 Vult
1262 1303 1304 1331 lex
1318 1304 1431 1340 produci
1447 1304 1567 1332 vinetum
1588 1303 1737 1330 debitorem
1752 1305 1826 1330 trt'ms
1844 1303 1965 1331 nundinis
1978 1305 2012 1334 ad

432 1355 577 1386 praetorem
592 1347 619 1375 in
638 1345 766 1374 comitium
779 1365 787 1375 ,
808 1344 851 1371 seu
863 1344 994 1379 judicium
1007 1364 1013 1374 ,
1036 1351 1064 1370 ut
1083 1350 1217 1378 repetatur
1231 1341 1335 1378 publice
1348 1362 1355 1373 ‚
1381 1343 1408 1369 in
1423 1349 1548 1378 quantam
1570 1342 1709 1380 pecuniam
1732 1340 1811 1369 fuerit
1826 1342 1871 1370 suo
1885 1343 2011 1371 creditori

435 1386 639 1415 condemnatus.
660 1387 740 1412 Forte
756 1392 815 1410 eam
830 1381 865 1409 ob
881 1380 984 1409 causam
994 1401 1001 1412 ‚
1022 1380 1040 1407 si
1051 1381 1108 1417 quis
1122 1379 1315 1412 familiaritate,
1336 1388 1380 1407 aut
1395 1379 1575 1408 misericordia
1587 1380 1696 1410 duetus,
1716 1378 1817 1407 solvere
1826 1381 2011 1409 voluiil‘eteam

434 1424 591 1461 pecuniam,
613 1423 808 1458 hominemque
821 1419 949 1447 miserum
964 1418 1075 1446 vinculis
1088 1417 1207 1445 liberare.
1227 1419 1297 1446 Item
1314 1426 1343 1446 ut
1358 1418 1487 1445 constaret
1497 1418 1623 1445 omnibus
1639 1417 1731 1445 vinCto
1745 1427 1799 1444 non
1815 1418 1869 1445 fieri
1884 1419 2011 1454 injuriam

435 1468 481 1490 aut
495 1461 508 1488 ὲ
523 1461 670 1491 creditore,
691 1468 736 1487 aut
749 1459 763 1486 a
775 1459 872 1495 judice.
892 1461 1019 1484 Procnare
1031 1464 1133 1483 veteres
1147 1455 1251 1487 dixisse,
1273 1465 1323 1491 pro
1336 1455 1443 1482 vocitare
1459 1457 1658 1490 &producere,
1677 1454 1767 1482 scribit
1783 1454 1879 1491 festus:
1900 1457 1944 1493 qui
1955 1455 2010 1484 eos-

436 1500 501 1528 dem
514 1506 564 1534 pro
578 1499 765 1528 aestimatione,
785 1494 912 1533 astimx'am
926 1494 1031 1524 dixul'e,
1052 1493 1132 1520 etiarn
1147 1494 1294 1521 annotavit.

476 1534 634 1572 Atfiplures
644 1536 713 1569 efimt
727 1533 793 1567 rei.]
815 1536 925 1560 Veteres
938 1541 988 1566 pro
1000 1531 1098 1566 plures,
1120 1532 1146 1558 δε
1161 1530 1275 1565 plurima
1284 1529 1376 1564 plufts,
1395 1531 1532 1561 dixerunt,
1556 1528 1635 1562 &plu
1646 1539 1706 1556 tma-
1748 1531 1818 1557 Item
1826 1530 1868 1562 ft,
1892 1531 1933 1559 vel
1952 1529 2006 1569 nest

436 1581 487 1610 pro
500 1573 567 1604 sine,
588 1575 615 1601 δι
629 1581 738 1600 reorum
750 1570 863 1598 nomine
873 1589 882 1600 ,
902 1570 1020 1596 a5101·em
1029 1588 1037 1599 ‚
1060 1570 1087 1596 δε
1100 1576 1176 1594 rcum
1190 1569 1340 1603 promiicue
1353 1576 1525 1604 acceperunt,
1547 1574 1576 1594 ut
1587 1567 1667 1594 tradit
1682 1566 1774 1603 Feslm.

510 1636 692 1671 XXXVI.
718 1632 848 1680 Affiduo
862 1630 980 1665 vindex
993 1629 1123 1676 affldnus
1139 1629 1205 1672 esto.
1245 1632 1416 1664 Proletario
1433 1632 1502 1663 civi
1519 1632 1623 1676 quivis
1639 1631 1722 1664 volet
1736 1631 1854 1665 vindex
1870 1631 1936 1678 esto.

478 1700 649 1736 Descriptum
662 1697 698 1726 est
713 1707 744 1725 ex
758 1696 858 1734 Agellio
873 1695 916 1724 lib¹
932 1698 969 1722 16.
985 1704 1040 1731 cap.
1053 1705 1094 1722 ιο.

481 1739 616 1767 Sententia
628 1737 691 1774 legis
706 1736 760 1764 haec
773 1736 823 1766 est,
842 1742 873 1762 ut
880 1734 985 1764 assidui,
1006 1732 1049 1761 vel
1061 1732 1204 1769 locupletes
1218 1733 1288 1761 cives
1302 1732 1478 1761 creditoribus
1493 1732 1606 1765 addicti,
1626 1732 1658 1760 ab
1673 1733 1776 1760 assiduis
1790 1752 1797 1764 ,
1818 1731 1859 1760 vel
1874 1732 2012 1769 locupleti-

439 1778 488 1806 bus
503 1777 710 1805 vindicarentur:
730 1774 780 1801 hoc
793 1774 843 1804 est,
863 1772 881 1800 fi
895 1773 930 1799 ita
943 1781 984 1798 res
998 1770 1092 1802 ferret,
1112 1771 1205 1798 assibus
1216 1772 1428 1801 redimerentur,
1450 1780 1504 1797 non
1516 1777 1606 1797 autem
1621 1769 1801 1803 &prole-tanis:
1820 1780 1868 1803 ne,
1890 1780 1951 1798 cuin
1962 1772 2014 1800 fint

440 1816 570 1844 tenuioris
582 1814 708 1844 fortunae,
729 1821 808 1848 quam
823 1818 852 1838 ut
868 1810 930 1838 aises
945 1810 1046 1845 pollent
1061 1809 1138 1839 dare,
1158 1808 1252 1845 quibus
1266 1809 1379 1836 assiduos
1395 1807 1409 1835 e
1424 1807 1534 1835 vinculis
1548 1808 1710 1838 eximerent,
1730 1807 1776 1843 ipfi
1788 1816 1836 1843 pro
1850 1809 1968 1838 affiduis‚
1984 1811 2012 1837 ὃ(

441 1853 468 1881 sc
482 1875 488 1885 ‚
509 1852 617 1890 luesque
637 1850 733 1878 liberos
747 1870 753 1880 ‚
775 1848 958 1884 familiamque
973 1854 1060 1874 totam
1081 1847 1107 1873 in
1123 1846 1267 1874 discrimen
1285 1846 1464 1874 adducerent:
1494 1855 1562 1873 neve
1576 1854 1670 1881 corpus
1685 1845 1797 1872 liberum
1808 1865 1815 1876 ,
1837 1847 2013 1883 immuneque

441 1892 533 1920 assidui
546 1889 663 1918 hominis
675 1888 800 1915 liberandi
815 1887 900 1923 gratia
913 1885 1030 1912 iervituti
1039 1905 1047 1916 ,
1067 1883 1211 1922 capitisque
1223 1893 1308 1920 poenae
1323 1893 1367 1912 aut
1381 1883 1489 1911 sectioni
1504 1883 1684 1918 subjiceretur.
1711 1881 1849 1910 Proletario
1862 1892 1951 1912 autem
1962 1883 2013 1912 civi

442 1930 566 1966 quemvis
579 1927 713 1956 vindicem
730 1925 780 1952 effe
793 1923 969 1961 permiserunt
982 1921 1117 1950 decemmri
1127 1933 1135 1948 :
1157 1924 1218 1960 quia
1232 1931 1327 1950 eorum
1341 1921 1430 1950 debita
1445 1931 1499 1950 non
1513 1921 1597 1949 solent
1611 1922 1661 1949 effe
1679 1921 1820 1958 grandiora
1833 1941 1840 1953 ‚
1862 1931 1942 1959 quam
1956 1931 2013 1961 quae

443 1977 493 1995 aere
509 1968 605 2004 exiguo
620 1966 655 1992 lui
667 1964 774 2000 poffint.
1052 1997 1057 2002 ι

486 2004 615 2040 Affiduo.]
640 2006 664 2029 A
664 2000 774 2038 ffiduus,
794 2000 881 2037 inquit
895 1999 962 2034 apud
974 1997 1106 2035 Agellium
1115 1999 1198 2036 Julius
1206 1998 1312 2030 Paulus,
1333 1999 1360 2026 in
1374 2008 1437 2027 xit.
1452 1997 1559 2030 tabulis,
1579 1999 1605 2026 ὃ(
1616 2007 1660 2032 pro
1675 1998 1803 2032 locuplete,
1825 1999 1851 2026 ὃ(
1867 1996 1943 2027 facile
1955 1999 2015 2026 mud

446 2051 494 2069 nus
505 2043 633 2072 faciente,
652 2041 772 2077 ponitur:
792 2039 877 2066 dictus
891 2038 923 2065 ab
937 2035 1038 2071 affibus,
1059 2036 1084 2063 id
1098 2037 1149 2070 est,
1169 2047 1219 2065 aere
1231 2038 1319 2065 dando
1331 2057 1338 2071 ,
1360 2046 1421 2065 cum
1438 2038 1465 2065 id
1479 2044 1601 2072 tempora
1615 2036 1764 2072 reipublicae
1778 2036 1950 2072 postularent:
1969 2043 2015 2066 aut

446 2078 460 2106 ἐι
477 2080 598 2109 muneris,
619 2088 667 2116 pro
680 2077 804 2106 familiari
816 2077 893 2112 copia
904 2075 1016 2103 faciendi
1030 2075 1185 2105 assiduitate.
1205 2075 1473 2110 Cajusjurfio73siaeltus
1486 2074 1530 2102 lib.
1539 2084 1562 2101 2.
1579 2074 1611 2101 ad
1624 2074 1695 2112 leges
1709 2085 1739 2102 xx
1749 2085 1770 2102 1.
1783 2074 1931 2103 tabularum
1940 2097 1947 2108 ,
1962 2076 2014 2107 ait,

448 2116 571 2151 affliduum
583 2117 724 2151 locupletem
736 2114 796 2152 esse,
817 2115 860 2151 qui
875 2113 933 2142 satis
948 2116 974 2141 ὃ(
989 2113 1085 2140 idonee
1098 2113 1192 2142 habeat
1204 2123 1254 2150 pro
1269 2114 1451 2150 magnitudine
1465 2113 1516 2144 rei,
1536 2121 1615 2148 quam
1631 2114 1704 2140 actor
1716 2113 1813 2140 restitui
1825 2113 1901 2150 petit.

491 2155 585 2180 Vindex
600 2154 645 2189 eflo
664 2154 675 2189 ]
706 2153 788 2191 Festus
802 2151 900 2183 scribit,
923 2159 1024 2179 vetent>
1037 2149 1161 2179 vindicem
1173 2161 1237 2179 eum
1253 2151 1391 2188 appellalle
1404 2172 1411 2182 ,
1432 2153 1474 2188 qui
1490 2150 1654 2181 vindicabat,
1674 2160 1728 2187 quo
1743 2150 1830 2178 minus
1844 2153 1879 2182 is,
1901 2150 1944 2187 qui
1956 2158 2015 2188 pre-

448 2190 542 2219 hcnlus
558 2199 626 2222 crat,
646 2192 677 2218 ab
691 2191 780 2228 aliquo
792 2199 938 2219 teneretur:
959 2187 1010 2216 hoc
1026 2189 1076 2220 est,
1096 2191 1142 2225 qui
1156 2190 1313 2225 prehensum
1324 2209 1330 2220 ,
1351 2198 1450 2216 nexum
1461 2210 1467 2220 ‚
1489 2188 1541 2217 five
1553 2188 1704 2219 addictum,
1726 2188 1858 2216 liberabat.
1892 2189 1943 2217 Alii
1957 2199 2014 2216 mn-

450 2228 529 2256 dicem
543 2228 593 2255 hoc
607 2228 666 2266 loco
681 2229 855 2265 expoiuerunt
862 2235 1060 2261 procuratorem:
1080 2226 1122 2255 alii
1127 2226 1314 2266 fidejuffirem,
1336 2227 1407 2263 quod
1422 2234 1513 2254 tamen
1527 2236 1581 2254 non
1596 2226 1721 2253 omnibus
1735 2226 1872 2262 probatur.

491 2266 626 2293 Proletario
639 2265 713 2300 civi]
736 2266 868 2293 Proletarit
880 2266 942 2293 cives
956 2265 969 2292 a
985 2274 1110 2297 munere,
1130 2265 1274 2303 officioque
1287 2265 1367 2303 prolis
1380 2265 1488 2293 edendae
1500 2263 1621 2301 appellati
1637 2263 1695 2292 sunt
1705 2285 1712 2295 ,
1733 2265 1803 2300 quod
1817 2274 1877 2292 cum
1893 2273 1922 2292 re
1937 2263 2016 2292 fami.'

448 2304 505 2332 liari
519 2312 599 2340 parva
612 2303 698 2329 minus
712 2303 813 2337 possent
831 2303 1026 2341 rempublicam
1039 2303 1133 2342 juvare
1144 2325 1153 2338 ,
1178 2303 1277 2334 sobolis
1291 2312 1381 2334 tamen
1401 2303 1541 2342 gignendae
1557 2303 1634 2341 copia
1652 2302 1790 2332 civitatem
1808 2301 2016 2340 frequentarent.

449 2341 544 2382 Jultus
556 2340 652 2368 Paulus
663 2340 731 2376 apud
745 2341 885 2376 Agelliunt.

2052 0 2075 105 l

2069 132 2075 159 ἱ
