2075 2734
247 101 298 129 DE
327 107 460 136 Quintis
487 106 614 128 οΛυεις
642 103 759 125 Aci-vm
786 103 843 123 sir
870 95 1049 123 COMITHS
1077 96 1288 130 Cuirtaris.v
1315 95 1396 131 Car.
1420 106 1444 133 3.
1607 108 1669 136 451,

93 154 172 184 dubie
193 152 328 189 aliquanto
351 159 479 178 numerus
504 151 593 186 major
615 148 667 176 hoc
686 145 831 174 mulierum
852 145 949 177 fuerit,
974 154 1070 179 aetate,
1093 156 1125 174 an
1145 146 1319 184 dignitatibus
1337 147 1387 176 suis
1400 168 1408 179 ,
1436 148 1610 181 virorumve,
1635 157 1668 180 aa

90 191 160 220 sorte
171 190 244 219 lectae
258 187 307 217 fint
320 210 328 221 ,
348 197 405 226 quae
417 188 530 216 nomina
541 185 615 214 curii‘
628 187 730 214 darent.
762 186 827 212 Haec
838 183 892 223 ille.
927 186 1004 210 Varro
1020 192 1112 212 tamen
1127 185 1255 212 Plutarch.
1272 188 1298 214 Sc
1312 184 1414 221 Dionys?
1429 188 1455 215 &
1471 186 1514 214 alii
1531 197 1577 216 eos
1591 197 1669 217 men„

84 229 151 258 dacii
169 234 298 266 arguunt,
319 229 346 256 &
364 227 528 255 contrarium
547 224 669 252 afferunt.
709 222 841 249 Plutarchi
861 220 941 249 verba
961 221 988 249 in
1008 223 1129 250 Romulo
1147 223 1308 253 adscribam:
1328 224 1444 261 Singula,
1465 225 1565 262 inquit,
1587 225 1668 254 tribus

81 265 164 294 decem
181 264 359 293 continuerunt
376 265 468 292 curias.
507 264 558 291 Eas
576 262 687 299 quidem
707 260 848 297 perhibent
866 258 880 287 a
900 259 1000 286 Sabinis
1020 261 1175 289 mulieribus
1193 272 1296 290 nomen
1316 262 1437 291 traxisse:
1456 262 1500 290 sed
1520 262 1573 291 hoc
1593 274 1670 293 men-

83 305 188 333 dacium
210 303 261 331 effe
280 302 485 340 deprehenditur
502 311 510 328 ε
535 310 600 328 nam
620 299 712 328 multis
731 308 822 327 earum
839 297 852 325 ὲ
867 298 932 326 locis
946 298 1058 327 nomina
1072 299 1195 337 impolita
1211 300 1278 330 sunt.
1318 301 1353 328 Et
1366 302 1466 340 Dmgffi
1477 301 1521 328 lib.
1536 312 1560 328 2.
1573 301 1619 330 ubi
1633 304 1667 330 de

84 342 229 370 honoribus
247 342 347 369 Sabinis
363 339 516 368 mulieribus
532 339 627 367 habitis
643 338 760 370 diffierir,
779 338 848 365 inter
865 337 914 364 alia
932 338 982 365 ait:
1003 339 1068 366 Sunt
1084 340 1128 374 qui
1144 338 1256 366 scribant
1273 348 1315 367 eas
1329 339 1407 366 donis
1423 339 1529 371 multis,
1551 340 1668 378 magnis-

83 388 135 417 que
154 388 334 408 remuneratas
353 377 367 405 ὲ
388 375 507 414 Regibus
521 397 529 408 ‚
556 379 583 405 &
602 376 730 413 triginta,
751 385 813 413 quas
833 375 950 402 diximus
963 395 970 405 ,
989 375 1071 415 curias
1091 377 1216 411 accepisse
1236 376 1339 405 illarum
1359 378 1471 405 nomina
1484 398 1491 408 ,
1512 379 1584 414 quod
1605 379 1669 407 toti-

83 419 146 446 dem
167 420 194 446 in
213 418 345 456 legatione
363 414 471 443 fuerint.
510 415 562 442 Sed
581 418 607 442 T
604 422 685 441 erem.
706 417 782 441 Varro
799 413 848 441 hac
863 422 938 449 parte
959 413 1075 440 distentit
1091 412 1104 439 a
1122 415 1228 450 reliquis
1242 435 1249 445 ,
1277 416 1387 443 afferens
1398 415 1455 451 jam
1469 417 1576 451 pridem
1591 415 1666 444 curiis

80 457 192 484 nomina
204 453 354 492 imposuisse
367 451 519 481 Romulum
533 462 596 480 cum
610 453 731 489 primum
744 451 909 480 distribueret
923 449 1127 478 multitudinem
1136 472 1143 483 ‚
1163 453 1262 488 partim
1277 453 1291 479 a
1304 453 1428 485 ducibus,
1449 455 1548 490 partim
1563 454 1577 482 ὲ
1593 462 1666 483 vete-

81 493 152 522 ribus
164 495 261 530 patriis,
502 528 506 531 ¹
1351 527 1355 530 ῃ

122 530 255 560 Caeteriim
274 530 308 557 de
327 529 436 567 triginta
453 538 582 557 curmrum
601 528 757 557 nominibus
775 534 871 564 praeter
891 528 970 559 osto,
989 525 1062 554 nulla
1082 525 1141 555 sunt
1159 526 1270 564 reliqua.
1296 528 1430 564 Fanensis,
1449 534 1534 564 Rapa
1546 552 1552 562 ,
1573 531 1667 558 Vellem

76 566 130 606 sis,
151 567 258 599 Velitiae,
279 568 407 595 meminit
427 566 513 603 festus
533 567 572 594 his
593 567 688 596 verbis.
729 570 800 595 Nova
818 565 889 593 curia
907 563 1032 602 proxime
1054 563 1208 601 comp'itum
1225 565 1337 592 Fabricii
1350 568 1483 595 aedificata:
1497 568 1571 602 sunt,
1591 568 1666 606 quod

80 616 175 643 parum
188 605 283 642 amplae
298 613 373 634 erant
386 613 488 633 veteres
501 605 514 632 a
528 606 650 633 Romulo
664 605 753 636 factae,
772 604 818 632 ubi
832 605 852 631 is
867 603 997 640 populum
1011 605 1038 632 δε
1053 602 1122 630 sscra
1136 604 1164 630 in
1176 610 1263 639 partes
1279 603 1388 640 triginta
1403 605 1581 638 distribuerat,
1600 616 1630 635 ut
1639 608 1665 635 in

80 645 111 672 iis
126 643 195 672 {acra
210 651 332 671 curarent
347 655 352 670 :
379 653 436 681 quae
451 643 557 680 quando
572 653 605 671 ex
622 643 756 672 veteribus
768 643 795 670 in
811 651 892 669 novas
907 649 1083 680 evocarentur
1096 661 1103 672 ,
1129 650 1239 678 quatuor
1253 639 1379 668 curiarum
1393 652 1440 679 per
1453 643 1591 680 religiones
1604 654 1667 672 evo-

81 683 134 710 cari
150 691 205 710 non
219 689 372 718 potuerunt.
413 682 505 718 Itaque
519 679 653 719 Forienfir,
673 686 771 715 Rapta,
794 677 921 717 Vellerfis,
941 680 1047 711 Velzna,
1067 688 1108 706 res
1122 680 1218 707 divinae
1231 679 1298 707 fiunt
1311 679 1338 706 in
1353 678 1485 708 veteribus
1500 683 1578 709 curiis
1588 703 1594 713 ‚
1615 685 1667 711 &c-

80 720 159 748 Idem
179 720 260 748 etiam
281 720 372 755 thutae
392 719 519 747 meminit
540 722 567 748 ὃ(
587 718 668 747 Titia.
709 718 812 754 Ttfhm,
838 718 864 744 in
886 718 940 748 uit,
966 718 1066 744 Ilrceta:
1092 718 1190 745 Romae
1210 726 1300 746 autem
1320 717 1408 754 Tifata
1426 717 1513 744 curia:
1534 720 1621 753 Tqslua
1640 730 1669 748 e.

80 758 146 787 tiam
166 758 240 787 locus
258 758 333 794 juxta
353 758 483 794 Capuam.
523 759 559 786 Et
576 758 634 794 post
654 765 750 794 pauca:
770 726 886 793 Titimsile
905 753 984 782 tribus
1005 755 1018 781 a
1038 755 1204 791 praenomine
1224 756 1296 783 Tatii
1317 756 1401 793 Regis
1413 755 1540 791 appellata
1554 758 1669 786 videtur.

79 794 151 823 Titia
165 804 273 833 quoque
288 796 360 823 curia
373 795 405 823 ab
421 796 517 823 eodem
532 797 608 832 Rege
622 796 657 822 est
671 794 756 826 dieta,
777 795 828 822 &cu
856 792 967 820 Calabra
978 792 1047 819 curia
1054 785 1075 824 ‚⁸
1083 803 1115 821 ex
1129 796 1253 821 Varrone
1265 793 1311 820 lib.
1322 803 1349 828 4.
1361 795 1395 821 de
1407 792 1472 830 ling.
1490 795 1597 827 Latina,
1618 805 1667 823 no-

78 841 106 862 ta
127 834 163 861 est
175 855 182 866 ‚
204 834 249 870 qui
270 834 307 861 ait
319 855 326 865 ‚
352 833 488 861 Calabram
501 832 599 860 curiam
616 833 716 860 dieiam
733 831 783 859 esse
797 853 805 864 ‚
830 831 876 859 ubi
891 829 995 865 tantum
1009 830 1143 859 sacrorum
1158 833 1228 858 ratio
1245 831 1275 860 fit
1288 832 1367 869 gesta.
1408 832 1450 858 De
1465 831 1559 858 Faucia
1572 853 1579 863 ,
1609 834 1667 864 vel,

79 879 110 899 ut
128 872 238 908 quidam
256 870 381 902 malunt,
401 870 505 900 Saucia,
526 871 645 907 loquitur
664 869 754 897 Livius
773 869 819 897 lib.
835 881 860 906 9.
892 869 1030 900 Dieiator,
1052 869 1153 905 inquit,
1175 870 1313 907 Papyrius,
1334 870 1367 896 C.
1387 870 1499 907 Junium
1520 870 1668 898 Bubulcum

79 910 237 946 magistrum
256 910 377 946 equitum
397 909 465 936 dixit
479 930 486 939 ‚
519 917 598 945 atque
617 910 641 936 ei
660 908 738 946 legem
757 908 883 935 curiatam
903 908 936 934 dc
958 907 1074 943 imperio
1095 906 1189 934 fcrenti
1204 928 1211 938 ‚
1237 908 1309 935 triste
1328 917 1411 934 omen
1425 928 1432 938 ,
1458 908 1531 934 diem
1552 907 1667 940 diffidit,

78 948 151 984 quod
173 947 267 974 Faucia
288 948 299 981 ζ
308 947 349 974 vel
367 945 478 982 Saucia)
502 947 581 974 curiae
600 946 649 974 fuit
661 946 842 983 principium,
862 945 962 973 duabus
976 945 1084 982 insignis
1102 944 1220 973 cladibus
1235 954 1317 982 caprae
1326 944 1424 976 Urbis,
1445 946 1473 973 &
1488 946 1608 972 Caudina
1620 955 1666 983 pa-

78 987 115 1013 cis
128 1005 136 1016 ‚
162 985 233 1021 quod
253 993 366 1021 utroque
387 993 457 1012 anno
473 984 595 1021 ejusdem
609 994 678 1011 curm
693 983 777 1012 fuerat
790 984 951 1021 principium
967 1003 974 1014 ‚
1001 986 1053 1011 &zc-
1093 985 1155 1011 Hoc
1170 992 1278 1020 quoque
1291 983 1388 1011 addere
1401 982 1487 1010 visum
1501 983 1554 1012 est,
1581 985 1665 1012 curias

81 1023 178 1050 Romae
197 1021 272 1050 fuisse
291 1021 384 1058 populi
397 1022 460 1049 tales
473 1022 598 1060 quasdam
613 1030 701 1059 partes
714 1022 804 1058 quales
816 1021 875 1050 sunt
889 1022 980 1050 nostro
994 1029 1119 1058 tempore
1135 1022 1162 1048 in
1177 1021 1286 1049 urbibus
1302 1021 1459 1059 quibusdam
1471 1020 1587 1055 paroeciae.
1627 1024 1665 1049 Ut

78 1061 151 1087 enim
171 1060 264 1087 nostrae
278 1059 388 1094 paroecia
401 1059 498 1088 habent
511 1061 649 1089 destinatas
663 1060 789 1097 quasdam
804 1060 872 1088 aedes
887 1062 914 1089 δε
927 1060 1025 1087 domos
1039 1080 1046 1091 ‚
1072 1061 1099 1087 in
1115 1066 1186 1086 certa
1199 1059 1314 1096 quadam
1328 1059 1400 1087 urbis
1413 1067 1488 1095 parte
1502 1059 1560 1086 sitas
1574 1080 1582 1091 ‚
1609 1068 1666 1097 qux

77 1098 233 1125 communia
250 1096 330 1130 sacra,
349 1097 431 1134 ipsam
451 1099 538 1127 aedem
557 1108 754 1130 communem,
774 1101 801 1128 ὃ(
819 1097 955 1126 sacrorum
975 1106 1155 1125 communem
1176 1098 1342 1128 ministrum,
1362 1099 1389 1125 id
1409 1098 1460 1129 est,
1476 1105 1602 1131 paroecum
1621 1098 1665 1124 ha-

76 1135 157 1164 bent:
175 1136 212 1163 ita
224 1135 295 1163 curia
309 1144 383 1163 erant
396 1136 547 1164 incolarum
561 1137 634 1165 urbis
646 1145 748 1174 partes,
769 1146 824 1164 non
838 1137 924 1164 modo
938 1135 1015 1167 loco,
1035 1136 1077 1163 ied
1092 1136 1175 1163 etiam
1190 1134 1269 1163 lactis
1283 1135 1330 1163 fibi
1340 1135 1514 1171 peculiaribus
1520 1135 1663 1166 distinetae.

76 1174 169 1210 quibus
189 1174 235 1210 qui
254 1182 383 1210 praeerant
395 1195 403 1206 ,
429 1174 538 1202 curiones
553 1175 723 1203 vocabantur.
765 1175 799 1202 Et
812 1175 876 1202 licet
891 1175 1011 1211 primum
1026 1173 1095 1200 curia
1112 1173 1231 1200 tribuum
1248 1182 1335 1209 partes
1347 1173 1447 1201 esscnt:
1472 1180 1565 1200 tamen
1578 1174 1664 1208 poste·

75 1210 187 1238 rioribus
207 1212 374 1247 temporibus
387 1233 394 1243 ,
416 1212 550 1240 crescente
567 1212 679 1240 tribuum
698 1221 832 1243 numero,
851 1214 945 1239 eadem
970 1212 1038 1238 ratio
1055 1210 1194 1238 observata
1214 1220 1269 1238 non
1291 1212 1336 1238 est.
1375 1211 1447 1238 Hinc
1465 1211 1548 1247 igitur
1569 1211 1664 1238 intelli-

76 1250 103 1285 gi
124 1249 210 1284 potest
222 1269 229 1279 ,
250 1258 371 1285 quaenam
389 1249 488 1277 curiam
507 1249 607 1278 comitia
625 1250 737 1278 fuerint:
758 1258 890 1287 quorum,
911 1249 986 1276 sicuti
1006 1249 1086 1275 etiam
1107 1257 1248 1280 cur-mrum,
1270 1248 1422 1276 Romulum
1441 1247 1581 1276 authorem
1603 1248 1664 1276 fuis—

76 1287 100 1313 ie
116 1294 221 1314 certum
238 1287 283 1314 est.

769 1341 794 1368 C
814 1350 831 1368 Α
851 1350 875 1368 1¹.
916 1340 977 1367 ΙΙΙ.
1094 1328 1331 1386 fihkeffiulsu.
1342 1320 1533 1381 Ζίιᾳγῇμίιὲῗ
1545 1309 1797 1394 ((Μῒωὲίέἐπ

490 1398 543 1430 De
556 1395 662 1444 quibus
680 1399 774 1442 causis
789 1399 891 1432 aflum
903 1398 944 1444 fit
960 1399 1092 1430 comitiis
1106 1369 1563 1456 {tirilciti‘ifffiffi‘hbaafffffl
1632 1383 1651 1393 κ
1668 1418 1673 1421 -
1704 1406 1743 1433 bh.
1771 1410 1778 1414 ·

75 1477 160 1540 De
187 1476 291 1515 origine
310 1474 465 1503 curiatorum
483 1474 638 1503 comitiorum
661 1475 764 1503 dietum
785 1476 839 1504 est:
864 1477 922 1512 jam
942 1477 1024 1504 etiam
1044 1475 1123 1503 causae
1137 1496 1144 1507 ‚
1171 1482 1283 1512 propter
1301 1484 1364 1511 quas
1383 1484 1413 1502 ea
1432 1474 1521 1503 habita
1543 1475 1655 1506 fimrint,

162 1516 308 1552 aperiendae
322 1513 389 1542 sunt.
408 1512 531 1541 Primum
545 1514 654 1550 quidem
668 1535 674 1545 ‚
695 1515 802 1550 quando
816 1515 938 1542 nondum
951 1513 1109 1545 centuriata,
1130 1524 1179 1541 nec
1195 1512 1291 1540 tributa
1304 1514 1427 1545 ruerunt,
1447 1514 1540 1540 omnia
1556 1521 1612 1549 quae
1627 1512 1660 1538 au*

79 1553 272 1591 rempublicam
292 1553 476 1589 pertinuerunt
490 1572 498 1583 ‚
531 1551 635 1579 curiatis
660 1551 766 1579 comitiis
787 1552 894 1588 peraffla
913 1552 980 1579 sunt.
1020 1553 1108 1588 Reges
1129 1555 1154 1581 ἃ
1174 1551 1218 1578 alii
1236 1552 1403 1588 magistratus
1422 1551 1453 1578 iis
1472 1551 1573 1582 creati,
1592 1550 1664 1587 leges

77 1600 174 1619 omnes
187 1612 194 1623 ,
221 1600 277 1627 quae
291 1591 323 1617 ad
337 1590 401 1617 illud
414 1589 496 1626 usque
512 1598 621 1625 tempus
636 1589 693 1617 Iatae
706 1589 764 1617 sunt
778 1610 786 1622 ‚
812 1592 838 1618 δι
852 1600 909 1627 qua:
925 1590 956 1618 ad
969 1590 1068 1625 judicia
1080 1589 1186 1626 peraeta
1198 1588 1297 1616 curiata
1310 1587 1417 1616 fuerunt
1429 1608 1437 1620 ,
1460 1589 1497 1617 ita
1511 1597 1540 1616 ut
1554 1589 1662 1619 omnia,

30 1635 33 1637 '
77 1638 136 1666 quae
149 1629 244 1665 populi
257 1628 386 1665 suffragiis
400 1628 508 1659 fierent,
528 1626 633 1655 nonnifi
645 1636 753 1654 commu
765 1627 870 1655 curiam
882 1629 984 1655 tierent.

115 1668 158 1694 De
178 1666 297 1704 Regibus
336 1666 424 1692 uidem
436 1685 444 1697 ,
471 1666 542 1701 quod
564 1666 594 1693 iis
612 1663 719 1691 camisiis
740 1675 845 1692 cuz-mm
866 1667 947 1694 creati
966 1666 1016 1693 sint
1029 1685 1036 1697 ‚
1058 1674 1100 1692 res
1121 1664 1158 1692 est
1176 1664 1324 1693 manifesta.
1363 1666 1389 1692 T
1391 1665 1505 1692 estantur
1524 1664 1551 1691 id
1568 1662 1660 1691 Livius

76 1704 120 1732 lib.
139 1714 161 1732 ῐ.
181 1706 209 1732 &
228 1675 356 1741 Diomstqus
375 1703 421 1730 lib.
436 1712 461 1729 2.
473 1704 500 1730 8<
514 1703 570 1731 aliis
584 1702 674 1730 multis
686 1703 760 1730 locis.
799 1704 841 1730 De
858 1705 951 1731 Numa
961 1702 1090 1742 Diouffius
1102 1702 1239 1740 perspicue
1253 1703 1367 1734 indicat,
1387 1712 1451 1730 eum
1464 1700 1569 1728 curiatis
1583 1700 1659 1729 comi-

75 1741 118 1770 riis
131 1743 238 1779 Regem
254 1739 415 1769 declaratum
430 1739 490 1768 effe.
512 1741 613 1768 Eadem
628 1741 661 1768 de
668 1741 753 1767 Servio
763 1742 843 1768 Tullio
855 1740 949 1773 refert,
963 1751 998 1769 ne
1011 1741 1100 1769 dicam
1107 1742 1141 1769 de
1147 1741 1216 1769 aliis:
1236 1750 1332 1769 omnes
1339 1741 1410 1768 enim
1422 1742 1524 1776 Reges,
1545 1746 1659 1777 excepto

77 1781 227 1817 Tarquinio
248 1779 368 1816 Superbo
387 1776 508 1816 legitimis
527 1777 631 1806 comitiis
646 1777 704 1806 sunt
717 1779 808 1806 creati.
845 1781 888 1807 De
901 1779 1000 1807 tribuno
1011 1779 1116 1806 celerum
1129 1779 1188 1807 elici
1202 1779 1289 1815 potest
1303 1789 1335 1807 ex
1350 1776 1460 1815 Dionyfir
1473 1777 1518 1804 lib.
1529 1788 1554 1805 2.
1569 1779 1595 1806 δι
1613 1778 1659 1805 Li-

77 1819 115 1846 vii
133 1817 179 1846 lib.
196 1828 218 1846 i.
236 1817 281 1845 ubi
299 1818 332 1845 de
353 1817 409 1853 ejus
427 1817 514 1852 prima
527 1817 662 1845 creatione
679 1816 804 1845 scribunt.
844 1818 924 1845 Addo
938 1818 1010 1856 quod
1023 1815 1151 1856 Dioufius
1163 1817 1210 1845 lib.
1222 1826 1250 1852 4.
1262 1816 1310 1844 ubi
1321 1817 1355 1844 de
1368 1814 1513 1843 centuriatis
1525 1813 1631 1842 comitiis
1643 1814 1660 1844 ὶ

80 1856 173 1883 Servio
191 1855 281 1883 Tullio
298 1855 436 1886 institutis,
457 1854 536 1882 verba
556 1854 630 1882 facit:
653 1853 746 1887 Clare,
765 1855 866 1892 inquit,
885 1856 943 1891 jam
963 1856 1030 1883 olim
1051 1865 1131 1892 penes
1146 1854 1277 1892 populum
1289 1854 1365 1881 fuiffe
1379 1855 1462 1882 triurn
1477 1853 1576 1881 horum
1590 1853 1660 1882 arbi.

81 1894 165 1921 trium
186 1894 292 1920 creandi
311 1894 494 1931 magistratus,
514 1901 570 1920 tam
594 1893 685 1924 domi,
707 1893 786 1929 quam
807 1893 924 1926 militiae,
943 1893 1172 1931 lejgexabragandi,'
1188 1893 1229 1920 vel
1239 1890 1418 1928 confirmandi:
1436 1890 1535 1918 bellurn
1549 1901 1658 1929 pacem-

77 1941 111 1959 ve
125 1930 280 1959 decernere:
300 1933 326 1960 ὃ(
339 1931 442 1968 quoties
456 1931 490 1958 de
503 1932 534 1958 iis
549 1930 625 1958 rebus
640 1930 816 1967 disceptatum
832 1931 861 1960 sit
870 1952 878 1963 ,
896 1941 1015 1966 curruum
1027 1930 1125 1957 collec'la
1140 1930 1271 1967 suffragia.
1296 1933 1337 1957 Ac
1347 1929 1381 1956 de
1396 1929 1517 1956 Romulo
1529 1929 1658 1968 Dtonyfius

75 1969 146 1997 libro
162 1978 186 1996 2.
207 1968 331 2006 loquens:
352 1968 436 2000 Plebi,
457 1969 559 2006 inquit,
579 1968 629 1996 tria
648 1967 704 1996 haec
724 1970 874 2000 commistr,
893 1968 1052 2007 magistratus
1069 1978 1162 2001 creare,
1183 1967 1247 2005 leges
1258 1966 1370 2002 fimare,
1390 1967 1421 1993 de
1440 1965 1513 1998 bello,
1533 1968 1656 2002 referente

77 2011 155 2044 Rege,
177 2006 318 2032 decernere:
338 2006 375 2034 ita
388 2015 496 2040 tamen,
516 2016 545 2035 ut
559 2007 660 2034 senatus
674 2015 781 2043 quoque
793 2008 819 2034 in
833 2008 863 2034 iis
877 2008 984 2035 accedat
995 2006 1148 2034 authoritas.
1173 2005 1342 2042 Perspicuum
1357 2014 1388 2031 ex
1402 2004 1442 2032 his
1457 2005 1508 2037 est,
1528 2015 1584 2033 non
1599 2014 1657 2035 tan-

77 2044 138 2074 tum
159 2044 338 2081 magistratus,
357 2052 387 2071 ut
405 2045 494 2081 Reges
514 2047 541 2074 δε
560 2045 680 2073 tribunos
699 2045 815 2072 celerum
836 2046 904 2081 (quo
923 2046 1006 2072 etiam
1020 2043 1114 2070 referri
1129 2042 1227 2070 debent
1241 2042 1391 2079 quaestores:
1411 2052 1474 2070 nam
1488 2045 1514 2071 &
1527 2043 1595 2081 ipsos
1607 2044 1654 2073 sub

78 2082 197 2120 Regibus
211 2081 285 2108 fuiffe
300 2082 370 2109 testis
382 2082 418 2108 est
431 2082 536 2110 Tacitus
550 2083 644 2111 Annal.
659 2081 703 2109 lib.
718 2083 770 2117 ιι.)
784 2091 890 2109 cui-mets
902 2081 1010 2109 comitiis
1024 2090 1125 2109 creatos
1140 2090 1145 2107 ;
1165 2079 1208 2107 sed
1222 2080 1294 2118 leges
1308 2082 1389 2109 etiam
1403 2080 1498 2108 iisdem
1512 2081 1575 2110 latas
1588 2083 1659 2112 esst-,s

78 2130 121 2148 eas
140 2120 252 2151 scilicet,
273 2128 335 2156 quas
358 2121 444 2156 Reges
463 2120 588 2149 tulerunt.
628 2121 784 2158 Qinetiam
806 2120 905 2155 judicia
924 2121 954 2147 iis
973 2118 1078 2146 comitiis
1094 2118 1140 2147 sub
1164 2119 1283 2154 Regibus
1304 2120 1447 2147 exercitata
1467 2119 1541 2147 fuisse
1555 2121 1653 2152 confir.

77 2168 136 2187 mat
158 2159 290 2195 judicium
317 2157 422 2185 Horatii
445 2157 491 2184 sub
517 2158 599 2186 Tullo
623 2159 746 2187 Hostilio.
770 2158 816 2187 ubi
834 2168 961 2187 cunarum
978 2155 1109 2196 ficffmgus
1127 2156 1170 2185 vel
1188 2156 1292 2185 calculis
1311 2156 1433 2185 Horatius
1451 2156 1582 2186 absolutus
1601 2160 1654 2192 est,

78 2196 185 2226 testibus
202 2193 312 2234 Dimgffio
332 2194 376 2222 lib.
390 2205 414 2232 3.
429 2197 455 2223 δι
468 2194 539 2222 Liwo
552 2197 595 2224 lib.
609 2207 630 2224 1.
672 2198 767 2224 Praeter
786 2197 840 2224 hoc
859 2206 950 2226 autem
970 2196 1102 2232 judicium
1122 2194 1227 2222 nullum
1245 2195 1315 2223 aliud
1326 2216 1334 2227 ‚
1358 2195 1430 2232 quod
1451 2195 1555 2224 comitiis
1570 2196 1652 2225 curia-

76 2235 111 2263 tis
130 2235 268 2272 peractum
288 2233 335 2266 iit,
357 2233 500 2270 reperitur,
522 2236 592 2270 quod
609 2236 692 2263 etiam
704 2236 807 2262 Carolus
820 2235 935 2273 Sigonius
950 2237 989 2262 vir
1000 2233 1164 2262 dodtiffimus
1179 2232 1224 2261 lib.
1240 2243 1263 2271 3.
1276 2234 1310 2262 de
1313 2233 1416 2268 judaciis
1430 2235 1548 2262 Roman.
1560 2244 1652 2272 cap.4.

79 2273 204 2300 affirmat.

118 2312 178 2338 Post
191 2310 292 2346 ejeetos
306 2311 397 2346 Roma
412 2310 501 2346 Reges
513 2330 520 2340 ‚
539 2308 602 2337 cum
614 2309 686 2347 plebs
700 2320 747 2348 per
760 2311 947 2339 successionem
964 2309 1129 2346 impetrasset
1140 2309 1154 2338 ὲ
1168 2309 1298 2347 patribus,
1319 2318 1349 2338 ut
1362 2309 1453 2339 liceret
1468 2311 1514 2340 sibi
1527 2310 1653 2343 tribunos,

79 2349 202 2389 adulqlqtce
222 2348 327 2384 plebejos
352 2357 457 2381 creare,
484 2347 566 2376 etiam
590 2347 628 2376 illi
653 2348 758 2379 curtatis
781 2349 884 2377 cominu
904 2349 984 2387 usque
1001 2348 1040 2415 aiil
1053 2348 1142 2387 legem
1161 2349 1303 2380 Voleronis
1320 2348 1402 2378 latam
1422 2351 1504 2379 creati
1521 2350 1654 2418 legumus).

986 2388 1009 2416 L
1062 2397 1077 2416 2
1603 2389 1627 2414 U
1649 2386 1657 2414 i

1800 1322 1867 1363 99]
1871 1322 1936 1349 'dra‘
1945 1318 2047 1346 cius'u‘t
2053 1326 2075 1344 ll
