<?xml version="1.0" encoding="UTF-8"?>
<!DOCTYPE html PUBLIC "-//W3C//DTD XHTML 1.0 Transitional//EN"
    "http://www.w3.org/TR/xhtml1/DTD/xhtml1-transitional.dtd">
<html xmlns="http://www.w3.org/1999/xhtml" xml:lang="en" lang="en">
 <head>
  <title>
</title>
<meta http-equiv="Content-Type" content="text/html;charset=utf-8" />
  <meta name='ocr-system' content='tesseract 3.04.00' />
  <meta name='ocr-capabilities' content='ocr_page ocr_carea ocr_par ocr_line ocrx_word'/>
</head>
<body>
  <div class='ocr_page' id='page_1' title='image "./johannisrosinian00rosi/johannisrosinian00rosi_0539.png"; bbox 0 0 2075 2734; ppageno 0'>
   <div class='ocr_carea' id='block_1_1' title="bbox 269 91 1626 139">
    <p class='ocr_par' dir='ltr' id='par_1_1' title="bbox 269 91 1626 139">
     <span class='ocr_line' id='line_1_1' title="bbox 269 91 1626 139; baseline 0.003 -17"><span class='ocrx_word' id='word_1_1' title='bbox 269 95 318 123; x_wconf 63' lang='lat' dir='ltr'>De</span> <span class='ocrx_word' id='word_1_2' title='bbox 337 94 542 124; x_wconf 56' lang='lat' dir='ltr'>Pitanem</span> <span class='ocrx_word' id='word_1_3' title='bbox 560 91 669 124; x_wconf 62' lang='lat' dir='ltr'>&#39;unsis</span> <span class='ocrx_word' id='word_1_4' title='bbox 689 99 852 121; x_wconf 68' lang='lat' dir='ltr'>Auseurt</span> <span class='ocrx_word' id='word_1_5' title='bbox 871 100 1079 122; x_wconf 72' lang='lat' dir='ltr'>ORDINARIO</span> <span class='ocrx_word' id='word_1_6' title='bbox 1101 95 1197 124; x_wconf 74' lang='lat' dir='ltr'><strong>MAG.&#39;</strong></span> <span class='ocrx_word' id='word_1_7' title='bbox 1235 93 1380 133; x_wconf 62' lang='lat' dir='ltr'>Cmv115:</span> <span class='ocrx_word' id='word_1_8' title='bbox 1569 111 1626 139; x_wconf 82' lang='lat'>505</span> 
     </span>
    </p>
   </div>
   <div class='ocr_carea' id='block_1_2' title="bbox 56 144 1634 413">
    <p class='ocr_par' dir='ltr' id='par_1_2' title="bbox 56 144 1634 413">
     <span class='ocr_line' id='line_1_2' title="bbox 56 144 1628 190; baseline 0.003 -13"><span class='ocrx_word' id='word_1_9' title='bbox 56 158 137 180; x_wconf 83' lang='lat' dir='ltr'>mum</span> <span class='ocrx_word' id='word_1_10' title='bbox 149 149 181 178; x_wconf 85' lang='lat' dir='ltr'>ab</span> <span class='ocrx_word' id='word_1_11' title='bbox 195 146 270 176; x_wconf 83' lang='lat' dir='ltr'>Urbe</span> <span class='ocrx_word' id='word_1_12' title='bbox 281 147 396 183; x_wconf 77' lang='lat' dir='ltr'>lapidem</span> <span class='ocrx_word' id='word_1_13' title='bbox 412 147 587 175; x_wconf 81' lang='lat' dir='ltr'>commissum</span> <span class='ocrx_word' id='word_1_14' title='bbox 599 145 677 177; x_wconf 79' lang='lat' dir='ltr'>ess‘et,</span> <span class='ocrx_word' id='word_1_15' title='bbox 697 144 937 172; x_wconf 84' lang='lat' dir='ltr'>animadverteret:</span> <span class='ocrx_word' id='word_1_16' title='bbox 957 145 992 174; x_wconf 85' lang='lat' dir='ltr'>fic</span> <span class='ocrx_word' id='word_1_17' title='bbox 1005 167 1012 177; x_wconf 97' lang='lat'>,</span> <span class='ocrx_word' id='word_1_18' title='bbox 1032 154 1062 175; x_wconf 86' lang='lat' dir='ltr'>ut</span> <span class='ocrx_word' id='word_1_19' title='bbox 1077 148 1104 175; x_wconf 64' lang='grc' dir='ltr'>ὃς</span> <span class='ocrx_word' id='word_1_20' title='bbox 1117 147 1191 175; x_wconf 82' lang='lat' dir='ltr'><strong>Urbe</strong></span> <span class='ocrx_word' id='word_1_21' title='bbox 1204 168 1212 178; x_wconf 88' lang='lat'>,</span> <span class='ocrx_word' id='word_1_22' title='bbox 1234 149 1261 175; x_wconf 62' lang='grc' dir='ltr'>ὃς</span> <span class='ocrx_word' id='word_1_23' title='bbox 1275 148 1348 177; x_wconf 86' lang='lat' dir='ltr'>Italia</span> <span class='ocrx_word' id='word_1_24' title='bbox 1362 150 1539 181; x_wconf 88' lang='lat' dir='ltr'>interdicendi</span> <span class='ocrx_word' id='word_1_25' title='bbox 1551 161 1628 190; x_wconf 86' lang='lat' dir='ltr'>pote-</span> 
     </span>
     <span class='ocr_line' id='line_1_3' title="bbox 57 181 1633 226; baseline 0.001 -8"><span class='ocrx_word' id='word_1_26' title='bbox 57 190 151 218; x_wconf 78' lang='lat' dir='ltr'>statem</span> <span class='ocrx_word' id='word_1_27' title='bbox 163 186 286 217; x_wconf 86' lang='lat' dir='ltr'>haberet,</span> <span class='ocrx_word' id='word_1_28' title='bbox 305 187 426 223; x_wconf 84' lang='lat' dir='ltr'>itemque</span> <span class='ocrx_word' id='word_1_29' title='bbox 438 186 465 213; x_wconf 90' lang='lat' dir='ltr'>in</span> <span class='ocrx_word' id='word_1_30' title='bbox 478 184 588 213; x_wconf 87' lang='lat' dir='ltr'>insulam</span> <span class='ocrx_word' id='word_1_31' title='bbox 602 183 768 222; x_wconf 82' lang='lat' dir='ltr'>deportandi.</span> <span class='ocrx_word' id='word_1_32' title='bbox 791 184 858 222; x_wconf 71' lang='lat' dir='ltr'>Ha’c</span> <span class='ocrx_word' id='word_1_33' title='bbox 872 181 990 218; x_wconf 86' lang='lat' dir='ltr'>pluribus</span> <span class='ocrx_word' id='word_1_34' title='bbox 1003 183 1123 218; x_wconf 78' lang='lat' dir='ltr'><em>Ulpianus</em></span> <span class='ocrx_word' id='word_1_35' title='bbox 1135 185 1256 221; x_wconf 84' lang='lat' dir='ltr'>explicat.</span> <span class='ocrx_word' id='word_1_36' title='bbox 1297 188 1401 216; x_wconf 82' lang='lat' dir='ltr'>Primus</span> <span class='ocrx_word' id='word_1_37' title='bbox 1416 190 1545 226; x_wconf 61' lang='lat' dir='ltr'>Profectus</span> <span class='ocrx_word' id='word_1_38' title='bbox 1558 191 1633 220; x_wconf 71' lang='lat' dir='ltr'>Urbis</span> 
     </span>
     <span class='ocr_line' id='line_1_4' title="bbox 57 220 1633 265; baseline 0.003 -13"><span class='ocrx_word' id='word_1_39' title='bbox 57 227 107 254; x_wconf 83' lang='lat' dir='ltr'>hac</span> <span class='ocrx_word' id='word_1_40' title='bbox 119 225 247 262; x_wconf 81' lang='lat' dir='ltr'>potestate</span> <span class='ocrx_word' id='word_1_41' title='bbox 259 224 292 251; x_wconf 87' lang='lat' dir='ltr'>ab</span> <span class='ocrx_word' id='word_1_42' title='bbox 307 224 422 251; x_wconf 65' lang='lat' dir='ltr'>oetavio</span> <span class='ocrx_word' id='word_1_43' title='bbox 435 223 551 260; x_wconf 86' lang='lat' dir='ltr'>Augusto</span> <span class='ocrx_word' id='word_1_44' title='bbox 563 229 664 261; x_wconf 75' lang='lat' dir='ltr'>creatus</span> <span class='ocrx_word' id='word_1_45' title='bbox 675 221 711 248; x_wconf 89' lang='lat' dir='ltr'>est</span> <span class='ocrx_word' id='word_1_46' title='bbox 725 220 826 247; x_wconf 68' lang='lat' dir='ltr'>camus</span> <span class='ocrx_word' id='word_1_47' title='bbox 842 225 969 261; x_wconf 60' lang='lat' dir='ltr'>Mecoemu⁸</span> <span class='ocrx_word' id='word_1_48' title='bbox 978 222 1102 258; x_wconf 86' lang='lat' dir='ltr'>equestris</span> <span class='ocrx_word' id='word_1_49' title='bbox 1115 223 1216 251; x_wconf 84' lang='lat' dir='ltr'>ordinis</span> <span class='ocrx_word' id='word_1_50' title='bbox 1226 244 1233 255; x_wconf 92' lang='lat'>‚</span> <span class='ocrx_word' id='word_1_51' title='bbox 1254 233 1317 252; x_wconf 91' lang='lat' dir='ltr'>eum</span> <span class='ocrx_word' id='word_1_52' title='bbox 1331 225 1433 253; x_wconf 84' lang='lat' dir='ltr'>secutus</span> <span class='ocrx_word' id='word_1_53' title='bbox 1446 226 1552 265; x_wconf 73' lang='lat' dir='ltr'>Meffizla</span> <span class='ocrx_word' id='word_1_54' title='bbox 1569 234 1633 257; x_wconf 89' lang='lat' dir='ltr'>Cor-</span> 
     </span>
     <span class='ocr_line' id='line_1_5' title="bbox 57 258 1634 295; baseline -0.004 -4"><span class='ocrx_word' id='word_1_55' title='bbox 57 264 146 295; x_wconf 75' lang='lat' dir='ltr'>vinus,</span> <span class='ocrx_word' id='word_1_56' title='bbox 166 270 224 291; x_wconf 83' lang='lat' dir='ltr'>tum</span> <span class='ocrx_word' id='word_1_57' title='bbox 242 266 342 289; x_wconf 74' lang='lat' dir='ltr'>Taurus</span> <span class='ocrx_word' id='word_1_58' title='bbox 355 260 473 288; x_wconf 76' lang='lat' dir='ltr'><em>Statilius</em></span> <span class='ocrx_word' id='word_1_59' title='bbox 487 282 494 292; x_wconf 94' lang='lat'>,</span> <span class='ocrx_word' id='word_1_60' title='bbox 513 260 575 287; x_wconf 91' lang='lat' dir='ltr'>dein</span> <span class='ocrx_word' id='word_1_61' title='bbox 588 263 619 286; x_wconf 92' lang='lat' dir='ltr'>L.</span> <span class='ocrx_word' id='word_1_62' title='bbox 635 260 688 293; x_wconf 74' lang='lat' dir='ltr'>Ptfh</span> <span class='ocrx_word' id='word_1_63' title='bbox 703 279 710 290; x_wconf 88' lang='lat'><strong><em>‚</em></strong></span> <span class='ocrx_word' id='word_1_64' title='bbox 730 266 760 286; x_wconf 91' lang='lat' dir='ltr'>ut</span> <span class='ocrx_word' id='word_1_65' title='bbox 773 258 810 285; x_wconf 89' lang='lat' dir='ltr'>est</span> <span class='ocrx_word' id='word_1_66' title='bbox 825 259 893 295; x_wconf 88' lang='lat' dir='ltr'>apud</span> <span class='ocrx_word' id='word_1_67' title='bbox 908 262 1026 286; x_wconf 78' lang='lat' dir='ltr'>Tamum</span> <span class='ocrx_word' id='word_1_68' title='bbox 1045 259 1090 287; x_wconf 89' lang='lat' dir='ltr'>lib.</span> <span class='ocrx_word' id='word_1_69' title='bbox 1105 264 1130 289; x_wconf 89' lang='lat'>6.</span> <span class='ocrx_word' id='word_1_70' title='bbox 1146 262 1300 291; x_wconf 85' lang='lat' dir='ltr'><strong>Annalium.</strong></span> <span class='ocrx_word' id='word_1_71' title='bbox 1340 265 1473 293; x_wconf 73' lang='lat' dir='ltr'>Caeterum</span> <span class='ocrx_word' id='word_1_72' title='bbox 1488 267 1634 295; x_wconf 78' lang='lat' dir='ltr'>constituto</span> 
     </span>
     <span class='ocr_line' id='line_1_6' title="bbox 57 295 1634 338; baseline 0.003 -9"><span class='ocrx_word' id='word_1_73' title='bbox 57 301 110 330; x_wconf 84' lang='lat' dir='ltr'>hoc</span> <span class='ocrx_word' id='word_1_74' title='bbox 123 310 196 328; x_wconf 86' lang='lat' dir='ltr'>novo</span> <span class='ocrx_word' id='word_1_75' title='bbox 214 302 239 328; x_wconf 60' lang='grc' dir='ltr'>ὃς</span> <span class='ocrx_word' id='word_1_76' title='bbox 254 300 390 327; x_wconf 78' lang='lat' dir='ltr'>ordinario</span> <span class='ocrx_word' id='word_1_77' title='bbox 404 299 554 335; x_wconf 85' lang='lat' dir='ltr'>magistratu</span> <span class='ocrx_word' id='word_1_78' title='bbox 567 318 576 329; x_wconf 88' lang='lat'>,</span> <span class='ocrx_word' id='word_1_79' title='bbox 597 306 652 324; x_wconf 86' lang='lat' dir='ltr'>non</span> <span class='ocrx_word' id='word_1_80' title='bbox 663 297 739 333; x_wconf 80' lang='lat' dir='ltr'>plane</span> <span class='ocrx_word' id='word_1_81' title='bbox 751 295 864 324; x_wconf 83' lang='lat' dir='ltr'>abolitus</span> <span class='ocrx_word' id='word_1_82' title='bbox 884 296 921 338; x_wconf 60' lang='lat' dir='ltr'>es}</span> <span class='ocrx_word' id='word_1_83' title='bbox 940 304 1016 325; x_wconf 89' lang='lat' dir='ltr'>vetus</span> <span class='ocrx_word' id='word_1_84' title='bbox 1030 297 1073 325; x_wconf 91' lang='lat' dir='ltr'>ille</span> <span class='ocrx_word' id='word_1_85' title='bbox 1086 319 1094 330; x_wconf 99' lang='lat'>,</span> <span class='ocrx_word' id='word_1_86' title='bbox 1115 300 1222 336; x_wconf 85' lang='lat' dir='ltr'>quando</span> <span class='ocrx_word' id='word_1_87' title='bbox 1239 300 1369 336; x_wconf 62' lang='lat' dir='ltr'>Profectus</span> <span class='ocrx_word' id='word_1_88' title='bbox 1384 303 1458 330; x_wconf 67' lang='lat' dir='ltr'>Urbis</span> <span class='ocrx_word' id='word_1_89' title='bbox 1477 305 1634 333; x_wconf 84' lang='lat' dir='ltr'>Latinarum</span> 
     </span>
     <span class='ocr_line' id='line_1_7' title="bbox 57 333 1634 376; baseline 0.003 -9"><span class='ocrx_word' id='word_1_90' title='bbox 57 338 132 367; x_wconf 85' lang='lat' dir='ltr'>causa</span> <span class='ocrx_word' id='word_1_91' title='bbox 146 338 281 366; x_wconf 79' lang='lat' dir='ltr'>creabatur</span> <span class='ocrx_word' id='word_1_92' title='bbox 294 348 301 365; x_wconf 75' lang='grc' dir='ltr'><strong><em>ι</em></strong></span> <span class='ocrx_word' id='word_1_93' title='bbox 320 337 363 364; x_wconf 86' lang='lat' dir='ltr'>sed</span> <span class='ocrx_word' id='word_1_94' title='bbox 377 344 493 366; x_wconf 85' lang='lat' dir='ltr'>retentus</span> <span class='ocrx_word' id='word_1_95' title='bbox 504 336 585 363; x_wconf 88' lang='lat' dir='ltr'>etiam</span> <span class='ocrx_word' id='word_1_96' title='bbox 601 333 727 372; x_wconf 72' lang='lat' dir='ltr'>Augusti,</span> <span class='ocrx_word' id='word_1_97' title='bbox 748 337 775 363; x_wconf 83' lang='lat'>&amp;</span> <span class='ocrx_word' id='word_1_98' title='bbox 789 334 892 370; x_wconf 86' lang='lat' dir='ltr'>aliquot</span> <span class='ocrx_word' id='word_1_99' title='bbox 904 336 1072 371; x_wconf 65' lang='lat' dir='ltr'>sequentium</span> <span class='ocrx_word' id='word_1_100' title='bbox 1088 337 1287 373; x_wconf 79' lang='lat' dir='ltr'>Imperatorum</span> <span class='ocrx_word' id='word_1_101' title='bbox 1303 341 1469 376; x_wconf 87' lang='lat' dir='ltr'>temporibus</span> <span class='ocrx_word' id='word_1_102' title='bbox 1483 343 1534 374; x_wconf 85' lang='lat' dir='ltr'>est,</span> <span class='ocrx_word' id='word_1_103' title='bbox 1555 344 1634 371; x_wconf 83' lang='lat' dir='ltr'>utiex</span> 
     </span>
     <span class='ocr_line' id='line_1_8' title="bbox 56 373 1632 413; baseline 0.004 -9"><span class='ocrx_word' id='word_1_104' title='bbox 56 377 146 405; x_wconf 73' lang='lat' dir='ltr'>Tacito</span> <span class='ocrx_word' id='word_1_105' title='bbox 158 377 260 406; x_wconf 84' lang='lat' dir='ltr'>ibidem</span> <span class='ocrx_word' id='word_1_106' title='bbox 274 375 380 404; x_wconf 84' lang='lat' dir='ltr'>constat.</span> <span class='ocrx_word' id='word_1_107' title='bbox 400 376 443 403; x_wconf 87' lang='lat' dir='ltr'>De</span> <span class='ocrx_word' id='word_1_108' title='bbox 455 383 488 402; x_wconf 90' lang='lat' dir='ltr'>eo</span> <span class='ocrx_word' id='word_1_109' title='bbox 503 374 584 411; x_wconf 86' lang='lat' dir='ltr'>igitur</span> <span class='ocrx_word' id='word_1_110' title='bbox 592 375 677 410; x_wconf 84' lang='lat' dir='ltr'>capite</span> <span class='ocrx_word' id='word_1_111' title='bbox 691 373 811 410; x_wconf 84' lang='lat' dir='ltr'>sequenti</span> <span class='ocrx_word' id='word_1_112' title='bbox 824 381 945 409; x_wconf 83' lang='lat' dir='ltr'>agemus.</span> <span class='ocrx_word' id='word_1_113' title='bbox 967 375 1118 410; x_wconf 81' lang='lat' dir='ltr'>Sequuntur</span> <span class='ocrx_word' id='word_1_114' title='bbox 1131 374 1291 413; x_wconf 67' lang='lat' dir='ltr'>magistratus</span> <span class='ocrx_word' id='word_1_115' title='bbox 1300 381 1404 413; x_wconf 77' lang='lat' dir='ltr'>majores</span> <span class='ocrx_word' id='word_1_116' title='bbox 1417 388 1494 408; x_wconf 83' lang='lat' dir='ltr'>extra</span> <span class='ocrx_word' id='word_1_117' title='bbox 1508 381 1632 409; x_wconf 68' lang='lat' dir='ltr'>ordinem.</span> 
     </span>
    </p>
   </div>
   <div class='ocr_carea' id='block_1_3' title="bbox 424 457 1248 574">
    <p class='ocr_par' dir='ltr' id='par_1_3' title="bbox 424 457 1248 574">
     <span class='ocr_line' id='line_1_9' title="bbox 705 457 991 485; baseline -0.01 0"><span class='ocrx_word' id='word_1_118' title='bbox 705 458 729 485; x_wconf 96' lang='lat' dir='ltr'>C</span> <span class='ocrx_word' id='word_1_119' title='bbox 750 468 767 484; x_wconf 77' lang='lat' dir='ltr'>A</span> <span class='ocrx_word' id='word_1_120' title='bbox 789 466 802 483; x_wconf 71' lang='grc' dir='ltr'>ι’</span> <span class='ocrx_word' id='word_1_121' title='bbox 823 466 841 484; x_wconf 83' lang='grc' dir='ltr'>υ</span> <span class='ocrx_word' id='word_1_122' title='bbox 862 467 879 484; x_wconf 85' lang='grc' dir='ltr'><strong>τ</strong></span> <span class='ocrx_word' id='word_1_123' title='bbox 918 457 991 485; x_wconf 90' lang='lat' dir='ltr'>XV.</span> 
     </span>
     <span class='ocr_line' id='line_1_10' title="bbox 424 522 1248 574; baseline 0.002 -14"><span class='ocrx_word' id='word_1_124' title='bbox 424 526 477 560; x_wconf 88' lang='lat' dir='ltr'>De</span> <span class='ocrx_word' id='word_1_125' title='bbox 494 524 630 571; x_wconf 62' lang='lat' dir='ltr'>Praefeffo</span> <span class='ocrx_word' id='word_1_126' title='bbox 647 522 738 558; x_wconf 81' lang='lat' dir='ltr'><em>Urbis</em></span> <span class='ocrx_word' id='word_1_127' title='bbox 753 523 868 570; x_wconf 51' lang='lat' dir='ltr'>absente</span> <span class='ocrx_word' id='word_1_128' title='bbox 888 524 1046 560; x_wconf 77' lang='lat' dir='ltr'>ordinario</span> <span class='ocrx_word' id='word_1_129' title='bbox 1062 525 1248 574; x_wconf 79' lang='lat' dir='ltr'>magistratu.</span> 
     </span>
    </p>
   </div>
   <div class='ocr_carea' id='block_1_4' title="bbox 52 603 1636 1405">
    <p class='ocr_par' dir='ltr' id='par_1_4' title="bbox 52 603 1636 1405">
     <span class='ocr_line' id='line_1_11' title="bbox 119 603 1635 650; baseline 0.002 -16"><span class='ocrx_word' id='word_1_130' title='bbox 119 607 146 634; x_wconf 88' lang='lat' dir='ltr'>ui</span> <span class='ocrx_word' id='word_1_131' title='bbox 159 604 354 634; x_wconf 69' lang='lat' dir='ltr'>extraordinarii</span> <span class='ocrx_word' id='word_1_132' title='bbox 366 604 527 643; x_wconf 75' lang='lat' dir='ltr'>magtstrams</span> <span class='ocrx_word' id='word_1_133' title='bbox 541 604 640 633; x_wconf 87' lang='lat' dir='ltr'>fuerint</span> <span class='ocrx_word' id='word_1_134' title='bbox 652 625 660 636; x_wconf 94' lang='lat'>,</span> <span class='ocrx_word' id='word_1_135' title='bbox 680 615 712 633; x_wconf 88' lang='lat' dir='ltr'>ex</span> <span class='ocrx_word' id='word_1_136' title='bbox 726 604 902 642; x_wconf 80' lang='lat' dir='ltr'>superioribus</span> <span class='ocrx_word' id='word_1_137' title='bbox 915 603 1030 643; x_wconf 84' lang='lat' dir='ltr'>intelligi</span> <span class='ocrx_word' id='word_1_138' title='bbox 1045 607 1132 644; x_wconf 84' lang='lat' dir='ltr'>potest</span> <span class='ocrx_word' id='word_1_139' title='bbox 1145 627 1151 638; x_wconf 89' lang='lat'>,</span> <span class='ocrx_word' id='word_1_140' title='bbox 1174 605 1299 635; x_wconf 87' lang='lat' dir='ltr'>videlicet</span> <span class='ocrx_word' id='word_1_141' title='bbox 1311 627 1319 639; x_wconf 90' lang='lat'>‚</span> <span class='ocrx_word' id='word_1_142' title='bbox 1341 610 1384 645; x_wconf 86' lang='lat' dir='ltr'>qui</span> <span class='ocrx_word' id='word_1_143' title='bbox 1400 619 1454 638; x_wconf 86' lang='lat' dir='ltr'>non</span> <span class='ocrx_word' id='word_1_144' title='bbox 1469 611 1573 650; x_wconf 79' lang='lat' dir='ltr'>singulis</span> <span class='ocrx_word' id='word_1_145' title='bbox 1586 614 1635 642; x_wconf 46' lang='lat' dir='ltr'>ane·</span> 
     </span>
     <span class='ocr_line' id='line_1_12' title="bbox 57 607 1634 690; baseline 0.002 -18"><span class='ocrx_word' id='word_1_146' title='bbox 57 607 178 688; x_wconf 70' lang='lat' dir='ltr'>Quis</span> <span class='ocrx_word' id='word_1_147' title='bbox 195 646 275 673; x_wconf 89' lang='lat' dir='ltr'>creati</span> <span class='ocrx_word' id='word_1_148' title='bbox 288 644 409 676; x_wconf 83' lang='lat' dir='ltr'>fuerunt,</span> <span class='ocrx_word' id='word_1_149' title='bbox 429 654 478 672; x_wconf 89' lang='lat' dir='ltr'>nec</span> <span class='ocrx_word' id='word_1_150' title='bbox 490 652 605 672; x_wconf 80' lang='lat' dir='ltr'>annuam</span> <span class='ocrx_word' id='word_1_151' title='bbox 620 643 767 671; x_wconf 85' lang='lat' dir='ltr'>habuerunt</span> <span class='ocrx_word' id='word_1_152' title='bbox 781 644 939 680; x_wconf 80' lang='lat' dir='ltr'>potestatem</span> <span class='ocrx_word' id='word_1_153' title='bbox 949 664 957 675; x_wconf 87' lang='lat'><em>‚</em></span> <span class='ocrx_word' id='word_1_154' title='bbox 977 643 1021 672; x_wconf 86' lang='lat' dir='ltr'>sed</span> <span class='ocrx_word' id='word_1_155' title='bbox 1036 646 1081 681; x_wconf 89' lang='lat' dir='ltr'>qui</span> <span class='ocrx_word' id='word_1_156' title='bbox 1094 652 1154 672; x_wconf 90' lang='lat' dir='ltr'>tum</span> <span class='ocrx_word' id='word_1_157' title='bbox 1168 645 1297 677; x_wconf 87' lang='lat' dir='ltr'>demum,</span> <span class='ocrx_word' id='word_1_158' title='bbox 1319 655 1382 674; x_wconf 90' lang='lat' dir='ltr'>cum</span> <span class='ocrx_word' id='word_1_159' title='bbox 1399 651 1552 678; x_wconf 75' lang='lat' dir='ltr'>necessarius</span> <span class='ocrx_word' id='word_1_160' title='bbox 1564 653 1634 690; x_wconf 74' lang='lat' dir='ltr'>ipst)-</span> 
     </span>
     <span class='ocr_line' id='line_1_13' title="bbox 135 681 1635 721; baseline 0.005 -10"><span class='ocrx_word' id='word_1_161' title='bbox 135 693 197 711; x_wconf 89' lang='lat' dir='ltr'>rum</span> <span class='ocrx_word' id='word_1_162' title='bbox 211 683 351 711; x_wconf 85' lang='lat' dir='ltr'>videbatur</span> <span class='ocrx_word' id='word_1_163' title='bbox 364 681 436 715; x_wconf 89' lang='lat' dir='ltr'>usus,</span> <span class='ocrx_word' id='word_1_164' title='bbox 456 682 469 710; x_wconf 72' lang='grc' dir='ltr'>ὲ</span> <span class='ocrx_word' id='word_1_165' title='bbox 483 682 584 719; x_wconf 88' lang='lat' dir='ltr'>populo</span> <span class='ocrx_word' id='word_1_166' title='bbox 597 681 673 709; x_wconf 64' lang='lat' dir='ltr'>elefti</span> <span class='ocrx_word' id='word_1_167' title='bbox 685 681 807 712; x_wconf 81' lang='lat' dir='ltr'>fuerunt,</span> <span class='ocrx_word' id='word_1_168' title='bbox 828 684 855 710; x_wconf 70' lang='grc' dir='ltr'>ὅ(</span> <span class='ocrx_word' id='word_1_169' title='bbox 870 683 976 718; x_wconf 79' lang='lat' dir='ltr'>quando</span> <span class='ocrx_word' id='word_1_170' title='bbox 989 683 1156 710; x_wconf 82' lang='lat' dir='ltr'>curationem</span> <span class='ocrx_word' id='word_1_171' title='bbox 1172 683 1244 711; x_wconf 86' lang='lat' dir='ltr'>illam</span> <span class='ocrx_word' id='word_1_172' title='bbox 1261 704 1269 715; x_wconf 90' lang='lat'>‚</span> <span class='ocrx_word' id='word_1_173' title='bbox 1291 685 1335 712; x_wconf 90' lang='lat' dir='ltr'>cui</span> <span class='ocrx_word' id='word_1_174' title='bbox 1348 687 1467 721; x_wconf 62' lang='lat' dir='ltr'>praesecti</span> <span class='ocrx_word' id='word_1_175' title='bbox 1480 698 1567 721; x_wconf 83' lang='lat' dir='ltr'>erant,</span> <span class='ocrx_word' id='word_1_176' title='bbox 1588 690 1635 717; x_wconf 81' lang='lat' dir='ltr'>ab·</span> 
     </span>
     <span class='ocr_line' id='line_1_14' title="bbox 52 719 1635 759; baseline 0.004 -10"><span class='ocrx_word' id='word_1_177' title='bbox 52 721 201 753; x_wconf 76' lang='lat' dir='ltr'>solvissent,</span> <span class='ocrx_word' id='word_1_178' title='bbox 220 719 371 759; x_wconf 73' lang='lat' dir='ltr'>magistratu</span> <span class='ocrx_word' id='word_1_179' title='bbox 383 721 512 749; x_wconf 88' lang='lat' dir='ltr'>abierunt.</span> <span class='ocrx_word' id='word_1_180' title='bbox 534 722 607 748; x_wconf 88' lang='lat' dir='ltr'>Inter</span> <span class='ocrx_word' id='word_1_181' title='bbox 621 729 666 747; x_wconf 85' lang='lat' dir='ltr'>eos</span> <span class='ocrx_word' id='word_1_182' title='bbox 675 721 778 756; x_wconf 86' lang='lat' dir='ltr'>primus</span> <span class='ocrx_word' id='word_1_183' title='bbox 791 721 817 747; x_wconf 86' lang='lat'>&amp;</span> <span class='ocrx_word' id='word_1_184' title='bbox 829 721 1023 759; x_wconf 71' lang='lat' dir='ltr'>antiquissimus</span> <span class='ocrx_word' id='word_1_185' title='bbox 1036 721 1072 747; x_wconf 88' lang='lat' dir='ltr'>est</span> <span class='ocrx_word' id='word_1_186' title='bbox 1087 721 1217 757; x_wconf 67' lang='lat' dir='ltr'>Profectus</span> <span class='ocrx_word' id='word_1_187' title='bbox 1232 721 1314 749; x_wconf 63' lang='lat' dir='ltr'>Urbis.</span> <span class='ocrx_word' id='word_1_188' title='bbox 1344 723 1416 752; x_wconf 87' lang='lat' dir='ltr'>Alius</span> <span class='ocrx_word' id='word_1_189' title='bbox 1432 734 1495 752; x_wconf 86' lang='lat' dir='ltr'>vero</span> <span class='ocrx_word' id='word_1_190' title='bbox 1510 727 1545 753; x_wconf 88' lang='lat' dir='ltr'>est</span> <span class='ocrx_word' id='word_1_191' title='bbox 1558 727 1600 756; x_wconf 86' lang='lat' dir='ltr'>hic</span> <span class='ocrx_word' id='word_1_192' title='bbox 1619 727 1635 755; x_wconf 73' lang='grc' dir='ltr'>τὶ</span> 
     </span>
     <span class='ocr_line' id='line_1_15' title="bbox 53 758 1633 800; baseline 0.003 -13"><span class='ocrx_word' id='word_1_193' title='bbox 53 760 201 798; x_wconf 85' lang='lat' dir='ltr'>superiore:</span> <span class='ocrx_word' id='word_1_194' title='bbox 221 760 295 795; x_wconf 86' lang='lat' dir='ltr'>cujus</span> <span class='ocrx_word' id='word_1_195' title='bbox 311 759 439 787; x_wconf 85' lang='lat' dir='ltr'>institutio</span> <span class='ocrx_word' id='word_1_196' title='bbox 451 761 539 796; x_wconf 74' lang='lat' dir='ltr'>prin-,a</span> <span class='ocrx_word' id='word_1_197' title='bbox 550 758 663 786; x_wconf 75' lang='lat' dir='ltr'>refertur</span> <span class='ocrx_word' id='word_1_198' title='bbox 676 758 709 785; x_wconf 87' lang='lat' dir='ltr'>ad</span> <span class='ocrx_word' id='word_1_199' title='bbox 721 761 770 784; x_wconf 89' lang='lat' dir='ltr'>Cn.</span> <span class='ocrx_word' id='word_1_200' title='bbox 778 760 915 785; x_wconf 68' lang='lat' dir='ltr'>Octavium</span> <span class='ocrx_word' id='word_1_201' title='bbox 923 758 1080 797; x_wconf 74' lang='lat' dir='ltr'>Augustum:</span> <span class='ocrx_word' id='word_1_202' title='bbox 1099 758 1142 787; x_wconf 91' lang='lat' dir='ltr'>hic</span> <span class='ocrx_word' id='word_1_203' title='bbox 1152 761 1225 787; x_wconf 90' lang='lat' dir='ltr'>enim</span> <span class='ocrx_word' id='word_1_204' title='bbox 1240 759 1402 798; x_wconf 67' lang='lat' dir='ltr'>magistratus</span> <span class='ocrx_word' id='word_1_205' title='bbox 1414 771 1475 791; x_wconf 86' lang='lat' dir='ltr'>ante</span> <span class='ocrx_word' id='word_1_206' title='bbox 1484 765 1633 800; x_wconf 84' lang='lat' dir='ltr'>Augustum</span> 
     </span>
     <span class='ocr_line' id='line_1_16' title="bbox 54 794 1634 836; baseline 0.003 -11"><span class='ocrx_word' id='word_1_207' title='bbox 54 799 83 825; x_wconf 91' lang='lat' dir='ltr'>in</span> <span class='ocrx_word' id='word_1_208' title='bbox 97 797 230 835; x_wconf 83' lang='lat' dir='ltr'>republica</span> <span class='ocrx_word' id='word_1_209' title='bbox 244 797 308 827; x_wconf 89' lang='lat' dir='ltr'>fuit,</span> <span class='ocrx_word' id='word_1_210' title='bbox 327 799 355 826; x_wconf 73' lang='grc' dir='ltr'>δε</span> <span class='ocrx_word' id='word_1_211' title='bbox 370 796 588 824; x_wconf 73' lang='lat' dir='ltr'>extraordinarius</span> <span class='ocrx_word' id='word_1_212' title='bbox 601 796 710 832; x_wconf 88' lang='lat' dir='ltr'>quidem</span> <span class='ocrx_word' id='word_1_213' title='bbox 720 817 727 827; x_wconf 92' lang='lat'><strong><em>‚</em></strong></span> <span class='ocrx_word' id='word_1_214' title='bbox 748 795 813 822; x_wconf 82' lang='lat' dir='ltr'>ficut</span> <span class='ocrx_word' id='word_1_215' title='bbox 825 794 867 822; x_wconf 89' lang='lat' dir='ltr'>ille</span> <span class='ocrx_word' id='word_1_216' title='bbox 880 795 1033 824; x_wconf 77' lang='lat' dir='ltr'>ordinarius.</span> <span class='ocrx_word' id='word_1_217' title='bbox 1071 798 1160 825; x_wconf 82' lang='lat' dir='ltr'>Prima</span> <span class='ocrx_word' id='word_1_218' title='bbox 1174 799 1279 826; x_wconf 86' lang='lat' dir='ltr'>mentio</span> <span class='ocrx_word' id='word_1_219' title='bbox 1296 798 1373 835; x_wconf 85' lang='lat' dir='ltr'>hujus</span> <span class='ocrx_word' id='word_1_220' title='bbox 1391 800 1501 836; x_wconf 67' lang='lat' dir='ltr'>Praeftcti</span> <span class='ocrx_word' id='word_1_221' title='bbox 1514 802 1586 829; x_wconf 69' lang='lat' dir='ltr'>Urbis</span> <span class='ocrx_word' id='word_1_222' title='bbox 1603 803 1634 831; x_wconf 87' lang='lat' dir='ltr'>fit</span> 
     </span>
     <span class='ocr_line' id='line_1_17' title="bbox 52 833 1631 875; baseline 0.003 -12"><span class='ocrx_word' id='word_1_223' title='bbox 52 837 122 872; x_wconf 81' lang='lat' dir='ltr'>apud</span> <span class='ocrx_word' id='word_1_224' title='bbox 134 835 253 866; x_wconf 59' lang='lat' dir='ltr'>Livium,</span> <span class='ocrx_word' id='word_1_225' title='bbox 273 844 337 863; x_wconf 89' lang='lat' dir='ltr'>cum</span> <span class='ocrx_word' id='word_1_226' title='bbox 350 836 401 867; x_wconf 88' lang='lat' dir='ltr'>ait,</span> <span class='ocrx_word' id='word_1_227' title='bbox 422 834 566 862; x_wconf 78' lang='lat' dir='ltr'>Lucretium</span> <span class='ocrx_word' id='word_1_228' title='bbox 577 835 591 862; x_wconf 78' lang='grc' dir='ltr'>Ξι</span> <span class='ocrx_word' id='word_1_229' title='bbox 606 835 691 861; x_wconf 84' lang='lat' dir='ltr'>Lucio</span> <span class='ocrx_word' id='word_1_230' title='bbox 702 833 852 870; x_wconf 84' lang='lat' dir='ltr'>Tarquinio</span> <span class='ocrx_word' id='word_1_231' title='bbox 865 834 985 870; x_wconf 84' lang='lat' dir='ltr'>Superbo</span> <span class='ocrx_word' id='word_1_232' title='bbox 994 837 1069 873; x_wconf 83' lang='lat' dir='ltr'>Rege</span> <span class='ocrx_word' id='word_1_233' title='bbox 1083 843 1177 864; x_wconf 84' lang='lat' dir='ltr'>contra</span> <span class='ocrx_word' id='word_1_234' title='bbox 1185 837 1312 864; x_wconf 84' lang='lat' dir='ltr'>Ardeates</span> <span class='ocrx_word' id='word_1_235' title='bbox 1326 836 1464 873; x_wconf 68' lang='lat' dir='ltr'>profe&amp;o‚</span> <span class='ocrx_word' id='word_1_236' title='bbox 1486 840 1631 875; x_wconf 59' lang='lat' dir='ltr'>Profectum</span> 
     </span>
     <span class='ocr_line' id='line_1_18' title="bbox 53 871 1631 914; baseline 0.005 -17"><span class='ocrx_word' id='word_1_237' title='bbox 53 873 129 901; x_wconf 55' lang='lat' dir='ltr'>Urbis</span> <span class='ocrx_word' id='word_1_238' title='bbox 143 874 291 901; x_wconf 78' lang='lat' dir='ltr'>institutum</span> <span class='ocrx_word' id='word_1_239' title='bbox 303 873 392 903; x_wconf 69' lang='lat' dir='ltr'>fuisse,</span> <span class='ocrx_word' id='word_1_240' title='bbox 411 882 440 899; x_wconf 87' lang='lat' dir='ltr'>ac</span> <span class='ocrx_word' id='word_1_241' title='bbox 454 872 599 908; x_wconf 78' lang='lat' dir='ltr'>impcn&#39;um</span> <span class='ocrx_word' id='word_1_242' title='bbox 613 873 640 900; x_wconf 91' lang='lat' dir='ltr'>in</span> <span class='ocrx_word' id='word_1_243' title='bbox 656 871 741 903; x_wconf 89' lang='lat' dir='ltr'>Urbe,</span> <span class='ocrx_word' id='word_1_244' title='bbox 766 874 842 908; x_wconf 85' lang='lat' dir='ltr'>Rege</span> <span class='ocrx_word' id='word_1_245' title='bbox 855 871 976 901; x_wconf 81' lang='lat' dir='ltr'>absente,</span> <span class='ocrx_word' id='word_1_246' title='bbox 997 872 1121 900; x_wconf 78' lang='lat' dir='ltr'>habuisse.</span> <span class='ocrx_word' id='word_1_247' title='bbox 1142 873 1244 902; x_wconf 71' lang='lat' dir='ltr'>Tacitus</span> <span class='ocrx_word' id='word_1_248' title='bbox 1257 874 1302 902; x_wconf 92' lang='lat' dir='ltr'>lib.</span> <span class='ocrx_word' id='word_1_249' title='bbox 1313 878 1339 902; x_wconf 92' lang='lat'>6.</span> <span class='ocrx_word' id='word_1_250' title='bbox 1355 877 1497 904; x_wconf 82' lang='lat' dir='ltr'>Annalium</span> <span class='ocrx_word' id='word_1_251' title='bbox 1512 879 1631 914; x_wconf 87' lang='lat' dir='ltr'>primam</span> 
     </span>
     <span class='ocr_line' id='line_1_19' title="bbox 52 908 1632 950; baseline 0.001 -10"><span class='ocrx_word' id='word_1_252' title='bbox 52 921 148 940; x_wconf 88' lang='lat' dir='ltr'>eorum</span> <span class='ocrx_word' id='word_1_253' title='bbox 163 912 296 948; x_wconf 83' lang='lat' dir='ltr'>originem</span> <span class='ocrx_word' id='word_1_254' title='bbox 309 911 341 939; x_wconf 87' lang='lat' dir='ltr'>ad</span> <span class='ocrx_word' id='word_1_255' title='bbox 356 910 490 938; x_wconf 81' lang='lat' dir='ltr'>Romulum</span> <span class='ocrx_word' id='word_1_256' title='bbox 503 908 584 938; x_wconf 89' lang='lat' dir='ltr'>refert</span> <span class='ocrx_word' id='word_1_257' title='bbox 597 930 604 941; x_wconf 98' lang='lat'>‚</span> <span class='ocrx_word' id='word_1_258' title='bbox 625 912 651 938; x_wconf 61' lang='grc' dir='ltr'>ἃ</span> <span class='ocrx_word' id='word_1_259' title='bbox 667 910 831 938; x_wconf 83' lang='lat' dir='ltr'>demonstrat</span> <span class='ocrx_word' id='word_1_260' title='bbox 844 909 890 938; x_wconf 91' lang='lat' dir='ltr'>sub</span> <span class='ocrx_word' id='word_1_261' title='bbox 904 911 1022 949; x_wconf 87' lang='lat' dir='ltr'>Regibus</span> <span class='ocrx_word' id='word_1_262' title='bbox 1041 911 1148 947; x_wconf 88' lang='lat' dir='ltr'>semper</span> <span class='ocrx_word' id='word_1_263' title='bbox 1160 912 1285 941; x_wconf 81' lang='lat' dir='ltr'>ulitatum</span> <span class='ocrx_word' id='word_1_264' title='bbox 1306 913 1381 941; x_wconf 78' lang='lat' dir='ltr'>fuisse</span> <span class='ocrx_word' id='word_1_265' title='bbox 1393 935 1401 946; x_wconf 92' lang='lat'><em>‚</em></span> <span class='ocrx_word' id='word_1_266' title='bbox 1422 914 1548 950; x_wconf 72' lang='lat' dir='ltr'>I’raefectos</span> <span class='ocrx_word' id='word_1_267' title='bbox 1559 915 1632 943; x_wconf 61' lang='lat' dir='ltr'>Urbis</span> 
     </span>
     <span class='ocr_line' id='line_1_20' title="bbox 53 947 1633 986; baseline 0.003 -9"><span class='ocrx_word' id='word_1_268' title='bbox 53 951 153 978; x_wconf 84' lang='lat' dir='ltr'>creari:</span> <span class='ocrx_word' id='word_1_269' title='bbox 173 950 246 985; x_wconf 87' lang='lat' dir='ltr'>cujus</span> <span class='ocrx_word' id='word_1_270' title='bbox 261 951 340 978; x_wconf 87' lang='lat' dir='ltr'>verba</span> <span class='ocrx_word' id='word_1_271' title='bbox 353 949 413 986; x_wconf 89' lang='lat' dir='ltr'>quia</span> <span class='ocrx_word' id='word_1_272' title='bbox 425 958 520 977; x_wconf 83' lang='lat' dir='ltr'>notatu</span> <span class='ocrx_word' id='word_1_273' title='bbox 534 949 614 986; x_wconf 87' lang='lat' dir='ltr'>digna</span> <span class='ocrx_word' id='word_1_274' title='bbox 627 947 686 977; x_wconf 90' lang='lat' dir='ltr'>sunt</span> <span class='ocrx_word' id='word_1_275' title='bbox 695 969 701 977; x_wconf 85' lang='lat'>‚</span> <span class='ocrx_word' id='word_1_276' title='bbox 724 950 751 976; x_wconf 80' lang='lat'>&amp;</span> <span class='ocrx_word' id='word_1_277' title='bbox 764 957 794 976; x_wconf 81' lang='lat' dir='ltr'>ea</span> <span class='ocrx_word' id='word_1_278' title='bbox 807 949 915 976; x_wconf 87' lang='lat' dir='ltr'>tradunt</span> <span class='ocrx_word' id='word_1_279' title='bbox 929 969 936 980; x_wconf 95' lang='lat'>,</span> <span class='ocrx_word' id='word_1_280' title='bbox 958 958 1015 986; x_wconf 81' lang='lat' dir='ltr'>quae</span> <span class='ocrx_word' id='word_1_281' title='bbox 1028 949 1061 977; x_wconf 88' lang='lat' dir='ltr'>ab</span> <span class='ocrx_word' id='word_1_282' title='bbox 1072 949 1128 977; x_wconf 88' lang='lat' dir='ltr'>aliis</span> <span class='ocrx_word' id='word_1_283' title='bbox 1143 949 1315 986; x_wconf 84' lang='lat' dir='ltr'>scriptoribus</span> <span class='ocrx_word' id='word_1_284' title='bbox 1328 951 1387 979; x_wconf 89' lang='lat' dir='ltr'>sunt</span> <span class='ocrx_word' id='word_1_285' title='bbox 1401 952 1496 980; x_wconf 77' lang='lat' dir='ltr'>omissa</span> <span class='ocrx_word' id='word_1_286' title='bbox 1509 975 1516 985; x_wconf 86' lang='lat'>,</span> <span class='ocrx_word' id='word_1_287' title='bbox 1536 953 1633 982; x_wconf 85' lang='lat' dir='ltr'>adscri-</span> 
     </span>
     <span class='ocr_line' id='line_1_21' title="bbox 53 984 1631 1028; baseline 0.003 -13"><span class='ocrx_word' id='word_1_288' title='bbox 53 987 131 1016; x_wconf 84' lang='lat' dir='ltr'>bam:</span> <span class='ocrx_word' id='word_1_289' title='bbox 153 989 238 1016; x_wconf 82' lang='lat' dir='ltr'>Antea</span> <span class='ocrx_word' id='word_1_290' title='bbox 253 1008 259 1018; x_wconf 85' lang='lat'>‚</span> <span class='ocrx_word' id='word_1_291' title='bbox 280 989 365 1026; x_wconf 85' lang='lat' dir='ltr'>inquit</span> <span class='ocrx_word' id='word_1_292' title='bbox 377 1007 384 1018; x_wconf 89' lang='lat'>,</span> <span class='ocrx_word' id='word_1_293' title='bbox 404 987 530 1024; x_wconf 73' lang='lat' dir='ltr'>profeffis</span> <span class='ocrx_word' id='word_1_294' title='bbox 544 988 631 1015; x_wconf 89' lang='lat' dir='ltr'>domo</span> <span class='ocrx_word' id='word_1_295' title='bbox 644 985 750 1023; x_wconf 81' lang='lat' dir='ltr'>Regibus</span> <span class='ocrx_word' id='word_1_296' title='bbox 762 1007 770 1018; x_wconf 88' lang='lat'>‚</span> <span class='ocrx_word' id='word_1_297' title='bbox 790 995 821 1014; x_wconf 88' lang='lat' dir='ltr'>ac</span> <span class='ocrx_word' id='word_1_298' title='bbox 836 996 902 1014; x_wconf 89' lang='lat' dir='ltr'>mox</span> <span class='ocrx_word' id='word_1_299' title='bbox 922 984 1109 1025; x_wconf 74' lang='lat' dir='ltr'>magistratibus</span> <span class='ocrx_word' id='word_1_300' title='bbox 1121 1008 1128 1019; x_wconf 91' lang='lat'>‚</span> <span class='ocrx_word' id='word_1_301' title='bbox 1149 997 1183 1015; x_wconf 90' lang='lat' dir='ltr'>ne</span> <span class='ocrx_word' id='word_1_302' title='bbox 1199 987 1270 1016; x_wconf 82' lang='lat' dir='ltr'>Urbs</span> <span class='ocrx_word' id='word_1_303' title='bbox 1288 989 1341 1017; x_wconf 84' lang='lat' dir='ltr'>sine</span> <span class='ocrx_word' id='word_1_304' title='bbox 1354 991 1470 1028; x_wconf 87' lang='lat' dir='ltr'>imperio</span> <span class='ocrx_word' id='word_1_305' title='bbox 1491 991 1561 1020; x_wconf 89' lang='lat' dir='ltr'>foret</span> <span class='ocrx_word' id='word_1_306' title='bbox 1575 1013 1582 1023; x_wconf 95' lang='lat'>,</span> <span class='ocrx_word' id='word_1_307' title='bbox 1603 993 1631 1020; x_wconf 89' lang='lat' dir='ltr'>in</span> 
     </span>
     <span class='ocr_line' id='line_1_22' title="bbox 52 1023 1634 1063; baseline 0.002 -9"><span class='ocrx_word' id='word_1_308' title='bbox 52 1034 160 1063; x_wconf 88' lang='lat' dir='ltr'>tempus</span> <span class='ocrx_word' id='word_1_309' title='bbox 173 1025 339 1062; x_wconf 84' lang='lat' dir='ltr'>deligebatur</span> <span class='ocrx_word' id='word_1_310' title='bbox 352 1046 359 1057; x_wconf 86' lang='lat'>,</span> <span class='ocrx_word' id='word_1_311' title='bbox 380 1025 426 1061; x_wconf 91' lang='lat' dir='ltr'>qui</span> <span class='ocrx_word' id='word_1_312' title='bbox 438 1025 481 1060; x_wconf 88' lang='lat' dir='ltr'>jus</span> <span class='ocrx_word' id='word_1_313' title='bbox 495 1026 618 1053; x_wconf 87' lang='lat' dir='ltr'>redderet</span> <span class='ocrx_word' id='word_1_314' title='bbox 631 1046 638 1056; x_wconf 91' lang='lat'>,</span> <span class='ocrx_word' id='word_1_315' title='bbox 659 1034 690 1052; x_wconf 92' lang='lat' dir='ltr'>ac</span> <span class='ocrx_word' id='word_1_316' title='bbox 700 1023 810 1052; x_wconf 87' lang='lat' dir='ltr'>subditis</span> <span class='ocrx_word' id='word_1_317' title='bbox 830 1026 1016 1053; x_wconf 83' lang='lat' dir='ltr'>moderaretur</span> <span class='ocrx_word' id='word_1_318' title='bbox 1028 1047 1037 1058; x_wconf 95' lang='lat'>,</span> <span class='ocrx_word' id='word_1_319' title='bbox 1058 1025 1200 1063; x_wconf 82' lang='lat' dir='ltr'>feruntque</span> <span class='ocrx_word' id='word_1_320' title='bbox 1215 1025 1247 1053; x_wconf 87' lang='lat' dir='ltr'>ab</span> <span class='ocrx_word' id='word_1_321' title='bbox 1261 1028 1385 1056; x_wconf 86' lang='lat' dir='ltr'>Romulo</span> <span class='ocrx_word' id='word_1_322' title='bbox 1398 1033 1523 1057; x_wconf 80' lang='lat' dir='ltr'>Dentrem</span> <span class='ocrx_word' id='word_1_323' title='bbox 1537 1033 1634 1057; x_wconf 77' lang='lat' dir='ltr'>Romu-</span> 
     </span>
     <span class='ocr_line' id='line_1_23' title="bbox 52 1062 1634 1104; baseline 0.003 -14"><span class='ocrx_word' id='word_1_324' title='bbox 52 1063 132 1094; x_wconf 78' lang='lat' dir='ltr'>lium‚</span> <span class='ocrx_word' id='word_1_325' title='bbox 153 1065 210 1100; x_wconf 85' lang='lat' dir='ltr'>post</span> <span class='ocrx_word' id='word_1_326' title='bbox 222 1062 255 1090; x_wconf 89' lang='lat' dir='ltr'>ab</span> <span class='ocrx_word' id='word_1_327' title='bbox 269 1064 350 1092; x_wconf 85' lang='lat' dir='ltr'>Tullo</span> <span class='ocrx_word' id='word_1_328' title='bbox 365 1063 480 1092; x_wconf 81' lang='lat' dir='ltr'>Hostilio</span> <span class='ocrx_word' id='word_1_329' title='bbox 493 1067 610 1092; x_wconf 76' lang='lat' dir='ltr'>Numam</span> <span class='ocrx_word' id='word_1_330' title='bbox 624 1062 750 1090; x_wconf 79' lang='lat' dir='ltr'>Marcium</span> <span class='ocrx_word' id='word_1_331' title='bbox 763 1083 770 1094; x_wconf 91' lang='lat'>,</span> <span class='ocrx_word' id='word_1_332' title='bbox 790 1064 817 1091; x_wconf 73' lang='grc' dir='ltr'>ὃ(</span> <span class='ocrx_word' id='word_1_333' title='bbox 831 1062 863 1090; x_wconf 88' lang='lat' dir='ltr'>ab</span> <span class='ocrx_word' id='word_1_334' title='bbox 878 1064 1028 1100; x_wconf 85' lang='lat' dir='ltr'>Tarquinio</span> <span class='ocrx_word' id='word_1_335' title='bbox 1043 1062 1163 1100; x_wconf 87' lang='lat' dir='ltr'>Superbo</span> <span class='ocrx_word' id='word_1_336' title='bbox 1175 1064 1294 1098; x_wconf 84' lang='lat' dir='ltr'>Spurium</span> <span class='ocrx_word' id='word_1_337' title='bbox 1307 1066 1455 1094; x_wconf 76' lang='lat' dir='ltr'>Lucretium</span> <span class='ocrx_word' id='word_1_338' title='bbox 1477 1068 1615 1104; x_wconf 86' lang='lat' dir='ltr'>impofitos</span> <span class='ocrx_word' id='word_1_339' title='bbox 1624 1079 1634 1095; x_wconf 73' lang='grc' dir='ltr'><strong><em>ι</em></strong></span> 
     </span>
     <span class='ocr_line' id='line_1_24' title="bbox 53 1100 1633 1142; baseline -0.002 -12"><span class='ocrx_word' id='word_1_340' title='bbox 53 1103 115 1131; x_wconf 91' lang='lat' dir='ltr'>dein</span> <span class='ocrx_word' id='word_1_341' title='bbox 129 1101 242 1137; x_wconf 81' lang='lat' dir='ltr'>Consules</span> <span class='ocrx_word' id='word_1_342' title='bbox 255 1101 437 1134; x_wconf 84' lang='lat' dir='ltr'>mandabant,</span> <span class='ocrx_word' id='word_1_343' title='bbox 458 1102 588 1138; x_wconf 84' lang='lat' dir='ltr'>duratque</span> <span class='ocrx_word' id='word_1_344' title='bbox 602 1100 804 1131; x_wconf 67' lang='lat' dir='ltr'>fimulaehrum,</span> <span class='ocrx_word' id='word_1_345' title='bbox 813 1102 917 1138; x_wconf 87' lang='lat' dir='ltr'>quoties</span> <span class='ocrx_word' id='word_1_346' title='bbox 930 1101 965 1129; x_wconf 88' lang='lat' dir='ltr'>ob</span> <span class='ocrx_word' id='word_1_347' title='bbox 983 1100 1060 1129; x_wconf 81' lang='lat' dir='ltr'>ferias</span> <span class='ocrx_word' id='word_1_348' title='bbox 1075 1102 1179 1129; x_wconf 87' lang='lat' dir='ltr'>Latinas</span> <span class='ocrx_word' id='word_1_349' title='bbox 1193 1103 1348 1138; x_wconf 78' lang='lat' dir='ltr'>praeficitur,</span> <span class='ocrx_word' id='word_1_350' title='bbox 1372 1107 1416 1142; x_wconf 90' lang='lat' dir='ltr'>qui</span> <span class='ocrx_word' id='word_1_351' title='bbox 1430 1107 1563 1141; x_wconf 69' lang='lat' dir='ltr'>Conficlare</span> <span class='ocrx_word' id='word_1_352' title='bbox 1577 1117 1633 1133; x_wconf 65' lang='lat' dir='ltr'>mu-</span> 
     </span>
     <span class='ocr_line' id='line_1_25' title="bbox 53 1138 1633 1181; baseline 0.003 -13"><span class='ocrx_word' id='word_1_353' title='bbox 53 1151 101 1168; x_wconf 81' lang='lat' dir='ltr'>nus</span> <span class='ocrx_word' id='word_1_354' title='bbox 114 1140 233 1177; x_wconf 88' lang='lat' dir='ltr'>usurpet:</span> <span class='ocrx_word' id='word_1_355' title='bbox 254 1143 319 1169; x_wconf 84' lang='lat' dir='ltr'>Haec</span> <span class='ocrx_word' id='word_1_356' title='bbox 333 1140 443 1169; x_wconf 70' lang='lat' dir='ltr'>Tacitus.</span> <span class='ocrx_word' id='word_1_357' title='bbox 483 1140 594 1167; x_wconf 87' lang='lat' dir='ltr'>Constat</span> <span class='ocrx_word' id='word_1_358' title='bbox 607 1140 688 1176; x_wconf 86' lang='lat' dir='ltr'>igitur</span> <span class='ocrx_word' id='word_1_359' title='bbox 704 1138 826 1174; x_wconf 67' lang='lat' dir='ltr'>Praefectos</span> <span class='ocrx_word' id='word_1_360' title='bbox 839 1138 912 1166; x_wconf 63' lang='lat' dir='ltr'>Urbis</span> <span class='ocrx_word' id='word_1_361' title='bbox 926 1138 971 1166; x_wconf 85' lang='lat' dir='ltr'>sub</span> <span class='ocrx_word' id='word_1_362' title='bbox 983 1139 1103 1177; x_wconf 83' lang='lat' dir='ltr'>Regibus</span> <span class='ocrx_word' id='word_1_363' title='bbox 1118 1142 1223 1177; x_wconf 83' lang='lat' dir='ltr'>quoties</span> <span class='ocrx_word' id='word_1_364' title='bbox 1237 1141 1275 1169; x_wconf 85' lang='lat' dir='ltr'>illi</span> <span class='ocrx_word' id='word_1_365' title='bbox 1289 1143 1322 1170; x_wconf 81' lang='lat' dir='ltr'>ad</span> <span class='ocrx_word' id='word_1_366' title='bbox 1334 1142 1436 1171; x_wconf 86' lang='lat' dir='ltr'>bellum</span> <span class='ocrx_word' id='word_1_367' title='bbox 1451 1144 1579 1181; x_wconf 70' lang='lat' dir='ltr'>profeffi,</span> <span class='ocrx_word' id='word_1_368' title='bbox 1601 1144 1633 1172; x_wconf 76' lang='lat' dir='ltr'>ab</span> 
     </span>
     <span class='ocr_line' id='line_1_26' title="bbox 54 1175 1635 1218; baseline -0.001 -12"><span class='ocrx_word' id='word_1_369' title='bbox 54 1177 130 1206; x_wconf 86' lang='lat' dir='ltr'>Urbe</span> <span class='ocrx_word' id='word_1_370' title='bbox 143 1177 274 1209; x_wconf 67' lang='lat' dir='ltr'>ahess‘ent‚</span> <span class='ocrx_word' id='word_1_371' title='bbox 295 1179 377 1206; x_wconf 86' lang='lat' dir='ltr'>creari</span> <span class='ocrx_word' id='word_1_372' title='bbox 388 1177 492 1209; x_wconf 80' lang='lat' dir='ltr'>solitos,</span> <span class='ocrx_word' id='word_1_373' title='bbox 513 1178 587 1214; x_wconf 90' lang='lat' dir='ltr'>quod</span> <span class='ocrx_word' id='word_1_374' title='bbox 601 1179 627 1206; x_wconf 73' lang='grc' dir='ltr'>δε</span> <span class='ocrx_word' id='word_1_375' title='bbox 641 1175 770 1215; x_wconf 62' lang='lat' dir='ltr'>Dioqfflus</span> <span class='ocrx_word' id='word_1_376' title='bbox 780 1175 850 1204; x_wconf 85' lang='lat' dir='ltr'>libro</span> <span class='ocrx_word' id='word_1_377' title='bbox 862 1176 979 1206; x_wconf 83' lang='lat' dir='ltr'>secundo</span> <span class='ocrx_word' id='word_1_378' title='bbox 994 1179 1093 1206; x_wconf 89' lang='lat' dir='ltr'>indicat</span> <span class='ocrx_word' id='word_1_379' title='bbox 1107 1199 1114 1209; x_wconf 95' lang='lat'>,</span> <span class='ocrx_word' id='word_1_380' title='bbox 1133 1179 1241 1215; x_wconf 84' lang='lat' dir='ltr'>quando</span> <span class='ocrx_word' id='word_1_381' title='bbox 1253 1180 1286 1208; x_wconf 91' lang='lat' dir='ltr'>de</span> <span class='ocrx_word' id='word_1_382' title='bbox 1301 1181 1405 1208; x_wconf 80' lang='lat' dir='ltr'>Romulo</span> <span class='ocrx_word' id='word_1_383' title='bbox 1423 1184 1449 1210; x_wconf 62' lang='grc' dir='ltr'>ὃς</span> <span class='ocrx_word' id='word_1_384' title='bbox 1464 1184 1552 1218; x_wconf 87' lang='lat' dir='ltr'>prima</span> <span class='ocrx_word' id='word_1_385' title='bbox 1558 1184 1635 1217; x_wconf 69' lang='lat' dir='ltr'>sona-</span> 
     </span>
     <span class='ocr_line' id='line_1_27' title="bbox 53 1215 1633 1258; baseline 0.003 -13"><span class='ocrx_word' id='word_1_386' title='bbox 53 1225 96 1245; x_wconf 86' lang='lat' dir='ltr'>tus</span> <span class='ocrx_word' id='word_1_387' title='bbox 106 1217 207 1244; x_wconf 72' lang='lat' dir='ltr'>lectione</span> <span class='ocrx_word' id='word_1_388' title='bbox 219 1216 273 1244; x_wconf 75' lang='lat' dir='ltr'>haec</span> <span class='ocrx_word' id='word_1_389' title='bbox 287 1215 388 1243; x_wconf 84' lang='lat' dir='ltr'>scribit:</span> <span class='ocrx_word' id='word_1_390' title='bbox 409 1217 448 1243; x_wconf 81' lang='lat' dir='ltr'>Ex</span> <span class='ocrx_word' id='word_1_391' title='bbox 462 1215 589 1243; x_wconf 83' lang='lat' dir='ltr'>omnibus</span> <span class='ocrx_word' id='word_1_392' title='bbox 603 1235 610 1246; x_wconf 88' lang='lat'>‚</span> <span class='ocrx_word' id='word_1_393' title='bbox 629 1224 714 1241; x_wconf 87' lang='lat' dir='ltr'>unum</span> <span class='ocrx_word' id='word_1_394' title='bbox 731 1216 894 1251; x_wconf 70' lang='lat' dir='ltr'>praecipuum</span> <span class='ocrx_word' id='word_1_395' title='bbox 910 1216 964 1251; x_wconf 84' lang='lat' dir='ltr'>ipse</span> <span class='ocrx_word' id='word_1_396' title='bbox 978 1216 1121 1244; x_wconf 82' lang='lat' dir='ltr'>declaravit</span> <span class='ocrx_word' id='word_1_397' title='bbox 1132 1237 1139 1248; x_wconf 92' lang='lat'>‚</span> <span class='ocrx_word' id='word_1_398' title='bbox 1160 1218 1202 1244; x_wconf 90' lang='lat' dir='ltr'>cui</span> <span class='ocrx_word' id='word_1_399' title='bbox 1222 1227 1312 1245; x_wconf 86' lang='lat' dir='ltr'>rerum</span> <span class='ocrx_word' id='word_1_400' title='bbox 1328 1217 1490 1248; x_wconf 81' lang='lat' dir='ltr'>urbanarum</span> <span class='ocrx_word' id='word_1_401' title='bbox 1509 1222 1633 1258; x_wconf 80' lang='lat' dir='ltr'>regimen</span> 
     </span>
     <span class='ocr_line' id='line_1_28' title="bbox 53 1252 1636 1291; baseline 0.001 -8"><span class='ocrx_word' id='word_1_402' title='bbox 53 1256 255 1285; x_wconf 86' lang='lat' dir='ltr'>committeret,</span> <span class='ocrx_word' id='word_1_403' title='bbox 275 1254 379 1291; x_wconf 89' lang='lat' dir='ltr'>quoties</span> <span class='ocrx_word' id='word_1_404' title='bbox 391 1252 444 1288; x_wconf 89' lang='lat' dir='ltr'>ipse</span> <span class='ocrx_word' id='word_1_405' title='bbox 459 1253 529 1281; x_wconf 85' lang='lat' dir='ltr'>foras</span> <span class='ocrx_word' id='word_1_406' title='bbox 543 1254 651 1280; x_wconf 85' lang='lat' dir='ltr'>duceret</span> <span class='ocrx_word' id='word_1_407' title='bbox 663 1253 827 1284; x_wconf 84' lang='lat' dir='ltr'>exercitum,</span> <span class='ocrx_word' id='word_1_408' title='bbox 849 1255 900 1281; x_wconf 62' lang='grc' dir='ltr'>δὶς.</span> <span class='ocrx_word' id='word_1_409' title='bbox 920 1254 1019 1289; x_wconf 66' lang='lat' dir='ltr'>Ejeetis</span> <span class='ocrx_word' id='word_1_410' title='bbox 1032 1262 1123 1282; x_wconf 83' lang='lat' dir='ltr'>autem</span> <span class='ocrx_word' id='word_1_411' title='bbox 1138 1254 1244 1291; x_wconf 70' lang='lat' dir='ltr'>Regibus</span> <span class='ocrx_word' id='word_1_412' title='bbox 1258 1257 1340 1284; x_wconf 84' lang='lat' dir='ltr'>etiam</span> <span class='ocrx_word' id='word_1_413' title='bbox 1355 1256 1369 1284; x_wconf 67' lang='lat' dir='ltr'>a</span> <span class='ocrx_word' id='word_1_414' title='bbox 1385 1257 1529 1291; x_wconf 74' lang='lat' dir='ltr'>Constclibus</span> <span class='ocrx_word' id='word_1_415' title='bbox 1544 1280 1552 1291; x_wconf 87' lang='lat'>‚</span> <span class='ocrx_word' id='word_1_416' title='bbox 1572 1267 1636 1287; x_wconf 82' lang='lat' dir='ltr'>ante</span> 
     </span>
     <span class='ocr_line' id='line_1_29' title="bbox 53 1289 1635 1329; baseline 0.002 -9"><span class='ocrx_word' id='word_1_417' title='bbox 53 1293 201 1320; x_wconf 86' lang='lat' dir='ltr'>institutam</span> <span class='ocrx_word' id='word_1_418' title='bbox 209 1300 360 1326; x_wconf 61' lang='lat' dir='ltr'>praeut-am,</span> <span class='ocrx_word' id='word_1_419' title='bbox 380 1290 589 1329; x_wconf 85' lang='lat' dir='ltr'>quotiescunque</span> <span class='ocrx_word' id='word_1_420' title='bbox 602 1289 660 1326; x_wconf 77' lang='lat' dir='ltr'>ipfis</span> <span class='ocrx_word' id='word_1_421' title='bbox 673 1292 705 1317; x_wconf 81' lang='lat' dir='ltr'>ad</span> <span class='ocrx_word' id='word_1_422' title='bbox 714 1289 820 1329; x_wconf 75' lang='lat' dir='ltr'>¹bellum</span> <span class='ocrx_word' id='word_1_423' title='bbox 833 1291 1054 1326; x_wconf 74' lang='lat' dir='ltr'>proficicendum</span> <span class='ocrx_word' id='word_1_424' title='bbox 1070 1300 1140 1324; x_wconf 86' lang='lat' dir='ltr'>erat,</span> <span class='ocrx_word' id='word_1_425' title='bbox 1163 1293 1271 1329; x_wconf 77' lang='lat' dir='ltr'>Praefecti</span> <span class='ocrx_word' id='word_1_426' title='bbox 1284 1293 1358 1322; x_wconf 62' lang='lat' dir='ltr'>Urbis</span> <span class='ocrx_word' id='word_1_427' title='bbox 1372 1295 1584 1328; x_wconf 77' lang='lat' dir='ltr'>declarabantur,</span> <span class='ocrx_word' id='word_1_428' title='bbox 1606 1299 1635 1325; x_wconf 73' lang='grc' dir='ltr'>δε</span> 
     </span>
     <span class='ocr_line' id='line_1_30' title="bbox 55 1327 1635 1368; baseline 0.003 -9"><span class='ocrx_word' id='word_1_429' title='bbox 55 1332 134 1359; x_wconf 89' lang='lat' dir='ltr'>domi</span> <span class='ocrx_word' id='word_1_430' title='bbox 147 1328 378 1367; x_wconf 84' lang='lat' dir='ltr'>relinquebantur,</span> <span class='ocrx_word' id='word_1_431' title='bbox 397 1330 444 1366; x_wconf 85' lang='lat' dir='ltr'>qui</span> <span class='ocrx_word' id='word_1_432' title='bbox 456 1328 605 1357; x_wconf 86' lang='lat' dir='ltr'>absentibus</span> <span class='ocrx_word' id='word_1_433' title='bbox 618 1327 776 1362; x_wconf 68' lang='lat' dir='ltr'>Consulibus,</span> <span class='ocrx_word' id='word_1_434' title='bbox 796 1338 892 1356; x_wconf 80' lang='lat' dir='ltr'>munus</span> <span class='ocrx_word' id='word_1_435' title='bbox 907 1330 1051 1358; x_wconf 82' lang='lat' dir='ltr'>Consulare</span> <span class='ocrx_word' id='word_1_436' title='bbox 1064 1333 1091 1358; x_wconf 83' lang='lat' dir='ltr'>in</span> <span class='ocrx_word' id='word_1_437' title='bbox 1104 1331 1180 1358; x_wconf 63' lang='lat' dir='ltr'>Urbe</span> <span class='ocrx_word' id='word_1_438' title='bbox 1193 1330 1313 1365; x_wconf 80' lang='lat' dir='ltr'>obirent,</span> <span class='ocrx_word' id='word_1_439' title='bbox 1334 1335 1360 1361; x_wconf 69' lang='grc' dir='ltr'>δί</span> <span class='ocrx_word' id='word_1_440' title='bbox 1375 1334 1416 1368; x_wconf 82' lang='lat' dir='ltr'>jus</span> <span class='ocrx_word' id='word_1_441' title='bbox 1431 1334 1559 1363; x_wconf 86' lang='lat' dir='ltr'>dicerent.</span> <span class='ocrx_word' id='word_1_442' title='bbox 1597 1335 1635 1363; x_wconf 81' lang='lat' dir='ltr'>Hi</span> 
     </span>
     <span class='ocr_line' id='line_1_31' title="bbox 54 1366 1634 1405; baseline -0.001 -8"><span class='ocrx_word' id='word_1_443' title='bbox 54 1379 121 1398; x_wconf 88' lang='lat' dir='ltr'>vero</span> <span class='ocrx_word' id='word_1_444' title='bbox 134 1378 190 1396; x_wconf 89' lang='lat' dir='ltr'>non</span> <span class='ocrx_word' id='word_1_445' title='bbox 203 1376 233 1396; x_wconf 87' lang='lat' dir='ltr'>ut</span> <span class='ocrx_word' id='word_1_446' title='bbox 246 1369 339 1405; x_wconf 89' lang='lat' dir='ltr'>reliqui</span> <span class='ocrx_word' id='word_1_447' title='bbox 354 1367 521 1404; x_wconf 79' lang='lat' dir='ltr'>magistratus</span> <span class='ocrx_word' id='word_1_448' title='bbox 533 1366 638 1394; x_wconf 71' lang='lat' dir='ltr'>comitiis</span> <span class='ocrx_word' id='word_1_449' title='bbox 647 1386 656 1398; x_wconf 87' lang='lat'>,</span> <span class='ocrx_word' id='word_1_450' title='bbox 674 1366 727 1393; x_wconf 88' lang='lat' dir='ltr'>five</span> <span class='ocrx_word' id='word_1_451' title='bbox 739 1366 857 1398; x_wconf 68' lang='lat' dir='ltr'>curiatis,</span> <span class='ocrx_word' id='word_1_452' title='bbox 877 1367 930 1395; x_wconf 83' lang='lat' dir='ltr'>five</span> <span class='ocrx_word' id='word_1_453' title='bbox 942 1367 1105 1400; x_wconf 74' lang='lat' dir='ltr'>centuriatis,</span> <span class='ocrx_word' id='word_1_454' title='bbox 1125 1369 1177 1396; x_wconf 88' lang='lat' dir='ltr'>five</span> <span class='ocrx_word' id='word_1_455' title='bbox 1191 1368 1293 1397; x_wconf 67' lang='lat' dir='ltr'>tributis</span> <span class='ocrx_word' id='word_1_456' title='bbox 1307 1370 1478 1405; x_wconf 81' lang='lat' dir='ltr'>creabantur,</span> <span class='ocrx_word' id='word_1_457' title='bbox 1497 1372 1541 1400; x_wconf 87' lang='lat' dir='ltr'>sed</span> <span class='ocrx_word' id='word_1_458' title='bbox 1557 1373 1570 1400; x_wconf 64' lang='grc' dir='ltr'>ὲ</span> <span class='ocrx_word' id='word_1_459' title='bbox 1584 1377 1634 1399; x_wconf 72' lang='lat' dir='ltr'>Re-</span> 
     </span>
    </p>
   </div>
   <div class='ocr_carea' id='block_1_5' title="bbox 48 1403 1634 1450">
    <p class='ocr_par' dir='ltr' id='par_1_5' title="bbox 48 1403 1634 1450">
     <span class='ocr_line' id='line_1_32' title="bbox 48 1403 1634 1450; baseline 0.004 -18"><span class='ocrx_word' id='word_1_460' title='bbox 48 1406 125 1445; x_wconf 64' lang='lat' dir='ltr'>gibus</span> <span class='ocrx_word' id='word_1_461' title='bbox 140 1409 166 1435; x_wconf 61' lang='grc' dir='ltr'>ὃς</span> <span class='ocrx_word' id='word_1_462' title='bbox 183 1405 326 1441; x_wconf 70' lang='lat' dir='ltr'>Confichbus</span> <span class='ocrx_word' id='word_1_463' title='bbox 340 1404 518 1443; x_wconf 86' lang='lat' dir='ltr'>eligebantur,</span> <span class='ocrx_word' id='word_1_464' title='bbox 539 1406 611 1442; x_wconf 88' lang='lat' dir='ltr'>quod</span> <span class='ocrx_word' id='word_1_465' title='bbox 625 1414 657 1432; x_wconf 86' lang='lat' dir='ltr'>ex</span> <span class='ocrx_word' id='word_1_466' title='bbox 671 1403 754 1432; x_wconf 77' lang='lat' dir='ltr'>Taciti</span> <span class='ocrx_word' id='word_1_467' title='bbox 768 1406 795 1432; x_wconf 65' lang='grc' dir='ltr'>δί</span> <span class='ocrx_word' id='word_1_468' title='bbox 812 1404 921 1443; x_wconf 63' lang='grc' dir='ltr'>Βισηψέ</span> <span class='ocrx_word' id='word_1_469' title='bbox 938 1406 995 1441; x_wconf 82' lang='lat' dir='ltr'>jam</span> <span class='ocrx_word' id='word_1_470' title='bbox 1011 1407 1097 1434; x_wconf 83' lang='lat' dir='ltr'>citatis</span> <span class='ocrx_word' id='word_1_471' title='bbox 1110 1406 1176 1434; x_wconf 90' lang='lat' dir='ltr'>locis</span> <span class='ocrx_word' id='word_1_472' title='bbox 1189 1407 1357 1448; x_wconf 69' lang='lat' dir='ltr'>perspicuum</span> <span class='ocrx_word' id='word_1_473' title='bbox 1373 1410 1427 1450; x_wconf 52' lang='lat' dir='ltr'>estf</span> <span class='ocrx_word' id='word_1_474' title='bbox 1447 1409 1634 1448; x_wconf 86' lang='lat' dir='ltr'>habebantque</span> 
     </span>
    </p>
   </div>
   <div class='ocr_carea' id='block_1_6' title="bbox 53 1441 1636 1975">
    <p class='ocr_par' dir='ltr' id='par_1_6' title="bbox 53 1441 1636 1784">
     <span class='ocr_line' id='line_1_33' title="bbox 54 1441 1630 1486; baseline 0.002 -13"><span class='ocrx_word' id='word_1_475' title='bbox 54 1443 205 1473; x_wconf 84' lang='lat' dir='ltr'>absentibus</span> <span class='ocrx_word' id='word_1_476' title='bbox 217 1443 360 1479; x_wconf 76' lang='lat' dir='ltr'>Conflcltbus</span> <span class='ocrx_word' id='word_1_477' title='bbox 374 1464 381 1475; x_wconf 94' lang='lat'><em>‚</em></span> <span class='ocrx_word' id='word_1_478' title='bbox 409 1444 451 1470; x_wconf 87' lang='lat' dir='ltr'>vel</span> <span class='ocrx_word' id='word_1_479' title='bbox 469 1441 573 1480; x_wconf 86' lang='lat' dir='ltr'>legibus</span> <span class='ocrx_word' id='word_1_480' title='bbox 593 1441 707 1470; x_wconf 84' lang='lat' dir='ltr'>ferendis</span> <span class='ocrx_word' id='word_1_481' title='bbox 721 1464 728 1474; x_wconf 91' lang='lat'><strong><em>‚</em></strong></span> <span class='ocrx_word' id='word_1_482' title='bbox 748 1442 790 1470; x_wconf 84' lang='lat' dir='ltr'>vel</span> <span class='ocrx_word' id='word_1_483' title='bbox 811 1443 912 1478; x_wconf 86' lang='lat' dir='ltr'>judicio</span> <span class='ocrx_word' id='word_1_484' title='bbox 929 1445 1079 1472; x_wconf 77' lang='lat' dir='ltr'>exercendo</span> <span class='ocrx_word' id='word_1_485' title='bbox 1090 1445 1132 1479; x_wconf 84' lang='lat' dir='ltr'>jus</span> <span class='ocrx_word' id='word_1_486' title='bbox 1150 1446 1299 1473; x_wconf 64' lang='lat' dir='ltr'>centanam</span> <span class='ocrx_word' id='word_1_487' title='bbox 1317 1447 1426 1474; x_wconf 68' lang='lat' dir='ltr'>comitiis</span> <span class='ocrx_word' id='word_1_488' title='bbox 1445 1458 1507 1476; x_wconf 87' lang='lat' dir='ltr'>cum</span> <span class='ocrx_word' id='word_1_489' title='bbox 1529 1451 1630 1486; x_wconf 88' lang='lat' dir='ltr'>populo</span> 
     </span>
     <span class='ocr_line' id='line_1_34' title="bbox 54 1480 1634 1521; baseline 0.002 -10"><span class='ocrx_word' id='word_1_490' title='bbox 54 1484 158 1521; x_wconf 86' lang='lat' dir='ltr'>agendi.</span> <span class='ocrx_word' id='word_1_491' title='bbox 179 1485 216 1510; x_wconf 88' lang='lat' dir='ltr'>At</span> <span class='ocrx_word' id='word_1_492' title='bbox 226 1483 284 1518; x_wconf 90' lang='lat' dir='ltr'>post</span> <span class='ocrx_word' id='word_1_493' title='bbox 296 1481 480 1509; x_wconf 70' lang='lat' dir='ltr'>introductum</span> <span class='ocrx_word' id='word_1_494' title='bbox 491 1488 611 1517; x_wconf 81' lang='lat' dir='ltr'>praeturae</span> <span class='ocrx_word' id='word_1_495' title='bbox 628 1480 826 1516; x_wconf 85' lang='lat' dir='ltr'>magistratum,</span> <span class='ocrx_word' id='word_1_496' title='bbox 846 1481 921 1508; x_wconf 79' lang='lat' dir='ltr'>desiit</span> <span class='ocrx_word' id='word_1_497' title='bbox 934 1482 1061 1518; x_wconf 65' lang='lat' dir='ltr'>Profectus</span> <span class='ocrx_word' id='word_1_498' title='bbox 1072 1482 1145 1510; x_wconf 69' lang='lat' dir='ltr'>Urbis</span> <span class='ocrx_word' id='word_1_499' title='bbox 1160 1483 1230 1514; x_wconf 86' lang='lat' dir='ltr'>fieri,</span> <span class='ocrx_word' id='word_1_500' title='bbox 1250 1484 1296 1511; x_wconf 82' lang='lat' dir='ltr'>nisi</span> <span class='ocrx_word' id='word_1_501' title='bbox 1305 1486 1376 1521; x_wconf 89' lang='lat' dir='ltr'>quod</span> <span class='ocrx_word' id='word_1_502' title='bbox 1389 1486 1544 1513; x_wconf 82' lang='lat' dir='ltr'>Latinarum</span> <span class='ocrx_word' id='word_1_503' title='bbox 1559 1486 1634 1514; x_wconf 86' lang='lat' dir='ltr'>causa</span> 
     </span>
     <span class='ocr_line' id='line_1_35' title="bbox 53 1518 1636 1560; baseline 0.002 -12"><span class='ocrx_word' id='word_1_504' title='bbox 53 1521 183 1557; x_wconf 69' lang='lat' dir='ltr'>profetffis</span> <span class='ocrx_word' id='word_1_505' title='bbox 193 1519 269 1548; x_wconf 87' lang='lat' dir='ltr'>Urbe</span> <span class='ocrx_word' id='word_1_506' title='bbox 283 1518 441 1555; x_wconf 74' lang='lat' dir='ltr'>Conficl&#39;tbus,</span> <span class='ocrx_word' id='word_1_507' title='bbox 461 1519 648 1556; x_wconf 89' lang='lat' dir='ltr'>relinquendus</span> <span class='ocrx_word' id='word_1_508' title='bbox 661 1519 738 1546; x_wconf 88' lang='lat' dir='ltr'>domi</span> <span class='ocrx_word' id='word_1_509' title='bbox 752 1527 806 1546; x_wconf 90' lang='lat' dir='ltr'>erat</span> <span class='ocrx_word' id='word_1_510' title='bbox 823 1519 951 1554; x_wconf 64' lang='lat' dir='ltr'>Praefectus</span> <span class='ocrx_word' id='word_1_511' title='bbox 963 1539 971 1550; x_wconf 90' lang='lat'>‚</span> <span class='ocrx_word' id='word_1_512' title='bbox 998 1521 1079 1557; x_wconf 79' lang='lat' dir='ltr'>idque</span> <span class='ocrx_word' id='word_1_513' title='bbox 1093 1521 1227 1557; x_wconf 83' lang='lat' dir='ltr'>religionis</span> <span class='ocrx_word' id='word_1_514' title='bbox 1241 1521 1316 1549; x_wconf 79' lang='lat' dir='ltr'>causa</span> <span class='ocrx_word' id='word_1_515' title='bbox 1328 1523 1418 1558; x_wconf 87' lang='lat' dir='ltr'>potius</span> <span class='ocrx_word' id='word_1_516' title='bbox 1432 1543 1438 1551; x_wconf 89' lang='lat'>‚</span> <span class='ocrx_word' id='word_1_517' title='bbox 1464 1532 1545 1559; x_wconf 80' lang='lat' dir='ltr'>quam</span> <span class='ocrx_word' id='word_1_518' title='bbox 1561 1524 1636 1560; x_wconf 86' lang='lat' dir='ltr'>quod</span> 
     </span>
     <span class='ocr_line' id='line_1_36' title="bbox 57 1556 1633 1598; baseline 0.002 -12"><span class='ocrx_word' id='word_1_519' title='bbox 57 1569 90 1586; x_wconf 92' lang='lat' dir='ltr'>eo</span> <span class='ocrx_word' id='word_1_520' title='bbox 103 1557 252 1594; x_wconf 70' lang='lat' dir='ltr'>magistrata</span> <span class='ocrx_word' id='word_1_521' title='bbox 265 1567 429 1595; x_wconf 82' lang='lat' dir='ltr'>magnopere</span> <span class='ocrx_word' id='word_1_522' title='bbox 443 1567 509 1594; x_wconf 91' lang='lat' dir='ltr'>opus</span> <span class='ocrx_word' id='word_1_523' title='bbox 524 1557 594 1585; x_wconf 73' lang='lat' dir='ltr'>esset.</span> <span class='ocrx_word' id='word_1_524' title='bbox 614 1558 649 1584; x_wconf 86' lang='lat' dir='ltr'>Et</span> <span class='ocrx_word' id='word_1_525' title='bbox 662 1557 789 1594; x_wconf 86' lang='lat' dir='ltr'>quoniam</span> <span class='ocrx_word' id='word_1_526' title='bbox 808 1556 935 1594; x_wconf 82' lang='lat' dir='ltr'>feriis.agi</span> <span class='ocrx_word' id='word_1_527' title='bbox 950 1567 1012 1585; x_wconf 90' lang='lat' dir='ltr'>cum</span> <span class='ocrx_word' id='word_1_528' title='bbox 1026 1558 1127 1595; x_wconf 89' lang='lat' dir='ltr'>populo</span> <span class='ocrx_word' id='word_1_529' title='bbox 1141 1568 1195 1586; x_wconf 91' lang='lat' dir='ltr'>non</span> <span class='ocrx_word' id='word_1_530' title='bbox 1208 1557 1318 1591; x_wconf 82' lang='lat' dir='ltr'>licebat,</span> <span class='ocrx_word' id='word_1_531' title='bbox 1339 1560 1440 1588; x_wconf 90' lang='lat' dir='ltr'>idcirco</span> <span class='ocrx_word' id='word_1_532' title='bbox 1456 1561 1564 1598; x_wconf 78' lang='lat' dir='ltr'>planum</span> <span class='ocrx_word' id='word_1_533' title='bbox 1581 1562 1633 1592; x_wconf 87' lang='lat' dir='ltr'>est,</span> 
     </span>
     <span class='ocr_line' id='line_1_37' title="bbox 57 1595 1633 1635; baseline 0.001 -11"><span class='ocrx_word' id='word_1_534' title='bbox 57 1596 119 1624; x_wconf 84' lang='lat' dir='ltr'>huic</span> <span class='ocrx_word' id='word_1_535' title='bbox 132 1595 243 1631; x_wconf 54' lang='lat' dir='ltr'>Profecto</span> <span class='ocrx_word' id='word_1_536' title='bbox 253 1595 326 1622; x_wconf 67' lang='lat' dir='ltr'>Urbis</span> <span class='ocrx_word' id='word_1_537' title='bbox 340 1616 347 1627; x_wconf 91' lang='lat'>‚</span> <span class='ocrx_word' id='word_1_538' title='bbox 367 1597 409 1623; x_wconf 90' lang='lat' dir='ltr'>cui</span> <span class='ocrx_word' id='word_1_539' title='bbox 421 1595 526 1624; x_wconf 81' lang='lat' dir='ltr'>nonnifi</span> <span class='ocrx_word' id='word_1_540' title='bbox 539 1603 663 1631; x_wconf 87' lang='lat' dir='ltr'>tempore</span> <span class='ocrx_word' id='word_1_541' title='bbox 676 1596 831 1624; x_wconf 78' lang='lat' dir='ltr'>Latinarum</span> <span class='ocrx_word' id='word_1_542' title='bbox 853 1596 907 1630; x_wconf 87' lang='lat' dir='ltr'>(de</span> <span class='ocrx_word' id='word_1_543' title='bbox 920 1595 1015 1632; x_wconf 88' lang='lat' dir='ltr'>quibus</span> <span class='ocrx_word' id='word_1_544' title='bbox 1033 1597 1084 1623; x_wconf 89' lang='lat' dir='ltr'>alio</span> <span class='ocrx_word' id='word_1_545' title='bbox 1098 1595 1166 1624; x_wconf 88' lang='lat' dir='ltr'>libro</span> <span class='ocrx_word' id='word_1_546' title='bbox 1179 1597 1296 1625; x_wconf 81' lang='lat' dir='ltr'>diximus</span> <span class='ocrx_word' id='word_1_547' title='bbox 1307 1601 1317 1635; x_wconf 92' lang='lat'><em>)</em></span> <span class='ocrx_word' id='word_1_548' title='bbox 1339 1598 1485 1634; x_wconf 83' lang='lat' dir='ltr'>imperium</span> <span class='ocrx_word' id='word_1_549' title='bbox 1500 1607 1569 1630; x_wconf 84' lang='lat' dir='ltr'>erat,</span> <span class='ocrx_word' id='word_1_550' title='bbox 1589 1600 1633 1634; x_wconf 87' lang='lat' dir='ltr'>jus</span> 
     </span>
     <span class='ocr_line' id='line_1_38' title="bbox 57 1632 1634 1672; baseline 0.003 -12"><span class='ocrx_word' id='word_1_551' title='bbox 57 1644 113 1662; x_wconf 91' lang='lat' dir='ltr'>non</span> <span class='ocrx_word' id='word_1_552' title='bbox 127 1633 201 1660; x_wconf 68' lang='lat' dir='ltr'>fuiil&#39;e</span> <span class='ocrx_word' id='word_1_553' title='bbox 214 1633 310 1670; x_wconf 86' lang='lat' dir='ltr'>agendi</span> <span class='ocrx_word' id='word_1_554' title='bbox 323 1642 384 1660; x_wconf 89' lang='lat' dir='ltr'>cum</span> <span class='ocrx_word' id='word_1_555' title='bbox 397 1634 497 1671; x_wconf 78' lang='lat' dir='ltr'>populo</span> <span class='ocrx_word' id='word_1_556' title='bbox 510 1653 517 1664; x_wconf 93' lang='lat'>,</span> <span class='ocrx_word' id='word_1_557' title='bbox 546 1632 650 1660; x_wconf 72' lang='lat' dir='ltr'>tametfi</span> <span class='ocrx_word' id='word_1_558' title='bbox 664 1634 778 1660; x_wconf 81' lang='lat' dir='ltr'>vocandi</span> <span class='ocrx_word' id='word_1_559' title='bbox 797 1633 899 1661; x_wconf 75' lang='lat' dir='ltr'>fienatus</span> <span class='ocrx_word' id='word_1_560' title='bbox 919 1633 954 1672; x_wconf 76' lang='lat' dir='ltr'>(si</span> <span class='ocrx_word' id='word_1_561' title='bbox 968 1635 1030 1671; x_wconf 84' lang='lat' dir='ltr'>quid</span> <span class='ocrx_word' id='word_1_562' title='bbox 1050 1636 1160 1662; x_wconf 82' lang='lat' dir='ltr'>interim</span> <span class='ocrx_word' id='word_1_563' title='bbox 1173 1634 1306 1663; x_wconf 81' lang='lat' dir='ltr'>accidisset</span> <span class='ocrx_word' id='word_1_564' title='bbox 1321 1656 1329 1667; x_wconf 89' lang='lat'>‚</span> <span class='ocrx_word' id='word_1_565' title='bbox 1356 1645 1403 1663; x_wconf 91' lang='lat' dir='ltr'>cur</span> <span class='ocrx_word' id='word_1_566' title='bbox 1418 1645 1492 1665; x_wconf 86' lang='lat' dir='ltr'>extra</span> <span class='ocrx_word' id='word_1_567' title='bbox 1506 1637 1634 1665; x_wconf 85' lang='lat' dir='ltr'>ordinem</span> 
     </span>
     <span class='ocr_line' id='line_1_39' title="bbox 57 1669 1632 1712; baseline 0.001 -12"><span class='ocrx_word' id='word_1_568' title='bbox 57 1672 190 1700; x_wconf 83' lang='lat' dir='ltr'>vocandus</span> <span class='ocrx_word' id='word_1_569' title='bbox 203 1672 348 1699; x_wconf 81' lang='lat' dir='ltr'>videretur:</span> <span class='ocrx_word' id='word_1_570' title='bbox 361 1672 372 1705; x_wconf 91' lang='lat'><em>)</em></span> <span class='ocrx_word' id='word_1_571' title='bbox 391 1672 434 1707; x_wconf 86' lang='lat' dir='ltr'>jus</span> <span class='ocrx_word' id='word_1_572' title='bbox 447 1669 575 1702; x_wconf 83' lang='lat' dir='ltr'>habebat,</span> <span class='ocrx_word' id='word_1_573' title='bbox 596 1678 626 1697; x_wconf 87' lang='lat' dir='ltr'>ut</span> <span class='ocrx_word' id='word_1_574' title='bbox 637 1680 669 1698; x_wconf 84' lang='lat' dir='ltr'>ex</span> <span class='ocrx_word' id='word_1_575' title='bbox 682 1671 777 1707; x_wconf 71' lang='lat' dir='ltr'>Agellro</span> <span class='ocrx_word' id='word_1_576' title='bbox 790 1669 859 1698; x_wconf 84' lang='lat' dir='ltr'>libro</span> <span class='ocrx_word' id='word_1_577' title='bbox 873 1672 982 1699; x_wconf 87' lang='lat' dir='ltr'>decimo</span> <span class='ocrx_word' id='word_1_578' title='bbox 996 1681 1091 1708; x_wconf 89' lang='lat' dir='ltr'>quarto</span> <span class='ocrx_word' id='word_1_579' title='bbox 1105 1694 1112 1705; x_wconf 91' lang='lat'><em>‚</em></span> <span class='ocrx_word' id='word_1_580' title='bbox 1132 1674 1217 1709; x_wconf 84' lang='lat' dir='ltr'>capite</span> <span class='ocrx_word' id='word_1_581' title='bbox 1231 1673 1329 1701; x_wconf 89' lang='lat' dir='ltr'>ultimo</span> <span class='ocrx_word' id='word_1_582' title='bbox 1343 1673 1477 1701; x_wconf 85' lang='lat' dir='ltr'>discimus.</span> <span class='ocrx_word' id='word_1_583' title='bbox 1514 1675 1632 1712; x_wconf 88' lang='lat' dir='ltr'>Reliquo</span> 
     </span>
     <span class='ocr_line' id='line_1_40' title="bbox 55 1707 1631 1748; baseline 0.002 -10"><span class='ocrx_word' id='word_1_584' title='bbox 55 1719 122 1738; x_wconf 88' lang='lat' dir='ltr'>vero</span> <span class='ocrx_word' id='word_1_585' title='bbox 135 1709 196 1736; x_wconf 81' lang='lat' dir='ltr'>anni</span> <span class='ocrx_word' id='word_1_586' title='bbox 209 1717 347 1746; x_wconf 84' lang='lat' dir='ltr'>tempore,</span> <span class='ocrx_word' id='word_1_587' title='bbox 368 1718 520 1746; x_wconf 84' lang='lat' dir='ltr'>quanquam</span> <span class='ocrx_word' id='word_1_588' title='bbox 533 1707 649 1736; x_wconf 79' lang='lat' dir='ltr'>abessent</span> <span class='ocrx_word' id='word_1_589' title='bbox 664 1709 794 1742; x_wconf 60' lang='lat' dir='ltr'>Confiales,</span> <span class='ocrx_word' id='word_1_590' title='bbox 814 1708 898 1736; x_wconf 87' lang='lat' dir='ltr'>nullus</span> <span class='ocrx_word' id='word_1_591' title='bbox 910 1710 984 1738; x_wconf 78' lang='lat' dir='ltr'>locus</span> <span class='ocrx_word' id='word_1_592' title='bbox 997 1710 1114 1748; x_wconf 88' lang='lat' dir='ltr'>reliquus</span> <span class='ocrx_word' id='word_1_593' title='bbox 1126 1718 1181 1738; x_wconf 83' lang='lat' dir='ltr'>erat</span> <span class='ocrx_word' id='word_1_594' title='bbox 1194 1710 1255 1739; x_wconf 89' lang='lat' dir='ltr'>huic</span> <span class='ocrx_word' id='word_1_595' title='bbox 1270 1712 1448 1748; x_wconf 82' lang='lat' dir='ltr'>magistratui,</span> <span class='ocrx_word' id='word_1_596' title='bbox 1467 1711 1510 1740; x_wconf 78' lang='lat' dir='ltr'>std</span> <span class='ocrx_word' id='word_1_597' title='bbox 1524 1711 1631 1741; x_wconf 88' lang='lat' dir='ltr'>summa</span> 
     </span>
     <span class='ocr_line' id='line_1_41' title="bbox 55 1745 1383 1784; baseline 0.001 -9"><span class='ocrx_word' id='word_1_598' title='bbox 55 1748 169 1784; x_wconf 83' lang='lat' dir='ltr'>potestas</span> <span class='ocrx_word' id='word_1_599' title='bbox 184 1755 239 1775; x_wconf 87' lang='lat' dir='ltr'>erat</span> <span class='ocrx_word' id='word_1_600' title='bbox 250 1756 331 1783; x_wconf 86' lang='lat' dir='ltr'>penes</span> <span class='ocrx_word' id='word_1_601' title='bbox 338 1754 467 1780; x_wconf 66' lang='lat' dir='ltr'>praetorem</span> <span class='ocrx_word' id='word_1_602' title='bbox 480 1745 618 1778; x_wconf 77' lang='lat' dir='ltr'>urbanum,</span> <span class='ocrx_word' id='word_1_603' title='bbox 638 1753 668 1774; x_wconf 88' lang='lat' dir='ltr'>ut</span> <span class='ocrx_word' id='word_1_604' title='bbox 683 1755 715 1774; x_wconf 89' lang='lat' dir='ltr'>ex</span> <span class='ocrx_word' id='word_1_605' title='bbox 729 1746 844 1774; x_wconf 78' lang='lat' dir='ltr'>Cicerone</span> <span class='ocrx_word' id='word_1_606' title='bbox 857 1746 902 1774; x_wconf 88' lang='lat' dir='ltr'>lib.</span> <span class='ocrx_word' id='word_1_607' title='bbox 913 1758 953 1775; x_wconf 75' lang='grc' dir='ltr'>ιο.</span> <span class='ocrx_word' id='word_1_608' title='bbox 969 1748 1043 1784; x_wconf 86' lang='lat' dir='ltr'>epist.</span> <span class='ocrx_word' id='word_1_609' title='bbox 1060 1750 1094 1777; x_wconf 88' lang='lat' dir='ltr'>ad</span> <span class='ocrx_word' id='word_1_610' title='bbox 1108 1748 1249 1777; x_wconf 88' lang='lat' dir='ltr'>familiares</span> <span class='ocrx_word' id='word_1_611' title='bbox 1267 1749 1383 1777; x_wconf 87' lang='lat' dir='ltr'>discitur.</span> 
     </span>
    </p>

    <p class='ocr_par' dir='ltr' id='par_1_7' title="bbox 54 1783 1632 1975">
     <span class='ocr_line' id='line_1_42' title="bbox 94 1783 1630 1825; baseline 0.005 -15"><span class='ocrx_word' id='word_1_612' title='bbox 94 1789 252 1813; x_wconf 72' lang='lat' dir='ltr'>Hotomanus</span> <span class='ocrx_word' id='word_1_613' title='bbox 265 1783 318 1811; x_wconf 79' lang='lat' dir='ltr'>tria</span> <span class='ocrx_word' id='word_1_614' title='bbox 329 1784 501 1820; x_wconf 69' lang='lat' dir='ltr'>Praefectorum</span> <span class='ocrx_word' id='word_1_615' title='bbox 514 1783 587 1811; x_wconf 61' lang='lat' dir='ltr'>Urbis</span> <span class='ocrx_word' id='word_1_616' title='bbox 593 1793 689 1821; x_wconf 74' lang='lat' dir='ltr'>genera</span> <span class='ocrx_word' id='word_1_617' title='bbox 703 1784 766 1812; x_wconf 84' lang='lat' dir='ltr'>facit</span> <span class='ocrx_word' id='word_1_618' title='bbox 779 1805 787 1817; x_wconf 86' lang='lat'>,</span> <span class='ocrx_word' id='word_1_619' title='bbox 805 1796 885 1812; x_wconf 83' lang='lat' dir='ltr'>unum</span> <span class='ocrx_word' id='word_1_620' title='bbox 899 1795 994 1813; x_wconf 85' lang='lat' dir='ltr'>eorum</span> <span class='ocrx_word' id='word_1_621' title='bbox 1007 1807 1016 1818; x_wconf 89' lang='lat'>,</span> <span class='ocrx_word' id='word_1_622' title='bbox 1037 1788 1082 1824; x_wconf 90' lang='lat' dir='ltr'>qui</span> <span class='ocrx_word' id='word_1_623' title='bbox 1095 1786 1142 1815; x_wconf 89' lang='lat' dir='ltr'>sub</span> <span class='ocrx_word' id='word_1_624' title='bbox 1157 1786 1276 1825; x_wconf 84' lang='lat' dir='ltr'>Regibus</span> <span class='ocrx_word' id='word_1_625' title='bbox 1289 1808 1297 1819; x_wconf 85' lang='lat'>,</span> <span class='ocrx_word' id='word_1_626' title='bbox 1319 1789 1346 1816; x_wconf 85' lang='lat'>&amp;</span> <span class='ocrx_word' id='word_1_627' title='bbox 1365 1787 1459 1824; x_wconf 84' lang='lat' dir='ltr'>primis</span> <span class='ocrx_word' id='word_1_628' title='bbox 1480 1787 1630 1819; x_wconf 89' lang='lat' dir='ltr'>Consulum</span> 
     </span>
     <span class='ocr_line' id='line_1_43' title="bbox 55 1821 1631 1861; baseline 0.003 -10"><span class='ocrx_word' id='word_1_629' title='bbox 55 1822 225 1860; x_wconf 84' lang='lat' dir='ltr'>temporibus</span> <span class='ocrx_word' id='word_1_630' title='bbox 237 1823 438 1851; x_wconf 83' lang='lat' dir='ltr'>extraordinarii</span> <span class='ocrx_word' id='word_1_631' title='bbox 451 1822 616 1859; x_wconf 82' lang='lat' dir='ltr'>magistratus</span> <span class='ocrx_word' id='word_1_632' title='bbox 630 1821 754 1850; x_wconf 85' lang='lat' dir='ltr'>fuerunt:</span> <span class='ocrx_word' id='word_1_633' title='bbox 774 1823 848 1850; x_wconf 71' lang='lat' dir='ltr'>ahud</span> <span class='ocrx_word' id='word_1_634' title='bbox 859 1833 969 1855; x_wconf 89' lang='lat' dir='ltr'>eorum,</span> <span class='ocrx_word' id='word_1_635' title='bbox 989 1826 1034 1861; x_wconf 92' lang='lat' dir='ltr'>qui</span> <span class='ocrx_word' id='word_1_636' title='bbox 1041 1823 1229 1861; x_wconf 83' lang='lat' dir='ltr'>posterioribus</span> <span class='ocrx_word' id='word_1_637' title='bbox 1242 1824 1423 1861; x_wconf 84' lang='lat' dir='ltr'>temporibus,</span> <span class='ocrx_word' id='word_1_638' title='bbox 1444 1824 1524 1853; x_wconf 81' lang='lat' dir='ltr'>libera</span> <span class='ocrx_word' id='word_1_639' title='bbox 1537 1834 1631 1857; x_wconf 85' lang='lat' dir='ltr'>tamen</span> 
     </span>
     <span class='ocr_line' id='line_1_44' title="bbox 55 1859 1630 1899; baseline 0.004 -11"><span class='ocrx_word' id='word_1_640' title='bbox 55 1861 142 1890; x_wconf 83' lang='lat' dir='ltr'>adhuc</span> <span class='ocrx_word' id='word_1_641' title='bbox 154 1861 276 1892; x_wconf 88' lang='lat' dir='ltr'>civitate,</span> <span class='ocrx_word' id='word_1_642' title='bbox 293 1860 351 1896; x_wconf 78' lang='lat' dir='ltr'>ejus</span> <span class='ocrx_word' id='word_1_643' title='bbox 367 1860 533 1898; x_wconf 85' lang='lat' dir='ltr'>magistratus</span> <span class='ocrx_word' id='word_1_644' title='bbox 547 1861 766 1896; x_wconf 84' lang='lat' dir='ltr'>procurationem</span> <span class='ocrx_word' id='word_1_645' title='bbox 779 1859 943 1893; x_wconf 86' lang='lat' dir='ltr'>habuerunt,</span> <span class='ocrx_word' id='word_1_646' title='bbox 965 1864 992 1891; x_wconf 83' lang='lat'>&amp;</span> <span class='ocrx_word' id='word_1_647' title='bbox 1004 1863 1116 1899; x_wconf 51' lang='lat' dir='ltr'>Profecti</span> <span class='ocrx_word' id='word_1_648' title='bbox 1131 1862 1204 1890; x_wconf 67' lang='lat' dir='ltr'>Urbis</span> <span class='ocrx_word' id='word_1_649' title='bbox 1219 1863 1377 1891; x_wconf 82' lang='lat' dir='ltr'>Latinarum</span> <span class='ocrx_word' id='word_1_650' title='bbox 1390 1863 1464 1890; x_wconf 72' lang='lat' dir='ltr'>causa</span> <span class='ocrx_word' id='word_1_651' title='bbox 1477 1864 1542 1892; x_wconf 68' lang='lat' dir='ltr'>dieti</span> <span class='ocrx_word' id='word_1_652' title='bbox 1556 1865 1630 1895; x_wconf 85' lang='lat' dir='ltr'>sunt:</span> 
     </span>
     <span class='ocr_line' id='line_1_45' title="bbox 54 1898 1632 1941; baseline 0.004 -15"><span class='ocrx_word' id='word_1_653' title='bbox 54 1898 161 1928; x_wconf 75' lang='lat' dir='ltr'>tertium</span> <span class='ocrx_word' id='word_1_654' title='bbox 173 1907 255 1935; x_wconf 87' lang='lat' dir='ltr'>genus</span> <span class='ocrx_word' id='word_1_655' title='bbox 270 1908 379 1932; x_wconf 87' lang='lat' dir='ltr'>eorum,</span> <span class='ocrx_word' id='word_1_656' title='bbox 399 1899 446 1937; x_wconf 87' lang='lat' dir='ltr'>qui</span> <span class='ocrx_word' id='word_1_657' title='bbox 458 1899 658 1935; x_wconf 88' lang='lat' dir='ltr'>Imperatorum</span> <span class='ocrx_word' id='word_1_658' title='bbox 670 1899 839 1938; x_wconf 83' lang='lat' dir='ltr'>temporibus</span> <span class='ocrx_word' id='word_1_659' title='bbox 849 1899 972 1928; x_wconf 73' lang='lat' dir='ltr'>ordinarii</span> <span class='ocrx_word' id='word_1_660' title='bbox 983 1900 1144 1939; x_wconf 69' lang='lat' dir='ltr'>mctgrstratus</span> <span class='ocrx_word' id='word_1_661' title='bbox 1155 1900 1272 1929; x_wconf 83' lang='lat' dir='ltr'>fuerunt.</span> <span class='ocrx_word' id='word_1_662' title='bbox 1291 1902 1351 1929; x_wconf 85' lang='lat' dir='ltr'>Nos</span> <span class='ocrx_word' id='word_1_663' title='bbox 1365 1902 1454 1938; x_wconf 85' lang='lat' dir='ltr'>priora</span> <span class='ocrx_word' id='word_1_664' title='bbox 1465 1902 1520 1930; x_wconf 91' lang='lat' dir='ltr'>duo</span> <span class='ocrx_word' id='word_1_665' title='bbox 1532 1911 1632 1941; x_wconf 73' lang='lat' dir='ltr'>genera</span> 
     </span>
     <span class='ocr_line' id='line_1_46' title="bbox 56 1937 313 1975; baseline -0.012 -8"><span class='ocrx_word' id='word_1_666' title='bbox 56 1938 102 1975; x_wconf 74' lang='lat' dir='ltr'>hic</span> <span class='ocrx_word' id='word_1_667' title='bbox 116 1937 313 1973; x_wconf 79' lang='lat' dir='ltr'>conjunximus.</span> 
     </span>
    </p>
   </div>
   <div class='ocr_carea' id='block_1_7' title="bbox 628 2015 1042 2133">
    <p class='ocr_par' dir='ltr' id='par_1_8' title="bbox 628 2015 1042 2133">
     <span class='ocr_line' id='line_1_47' title="bbox 628 2015 1042 2045; baseline 0 -1"><span class='ocrx_word' id='word_1_668' title='bbox 628 2015 653 2044; x_wconf 93' lang='lat' dir='ltr'>C</span> <span class='ocrx_word' id='word_1_669' title='bbox 694 2026 711 2044; x_wconf 78' lang='lat' dir='ltr'>A</span> <span class='ocrx_word' id='word_1_670' title='bbox 751 2027 766 2044; x_wconf 69' lang='grc' dir='ltr'>ι»</span> <span class='ocrx_word' id='word_1_671' title='bbox 806 2026 824 2044; x_wconf 90' lang='grc' dir='ltr'>υ</span> <span class='ocrx_word' id='word_1_672' title='bbox 864 2025 883 2044; x_wconf 85' lang='grc' dir='ltr'><strong>τ</strong></span> <span class='ocrx_word' id='word_1_673' title='bbox 941 2016 1042 2045; x_wconf 86' lang='lat' dir='ltr'>XVI.</span> 
     </span>
     <span class='ocr_line' id='line_1_48' title="bbox 725 2082 967 2133; baseline 0 -18"><span class='ocrx_word' id='word_1_674' title='bbox 725 2082 778 2115; x_wconf 84' lang='lat' dir='ltr'>De</span> <span class='ocrx_word' id='word_1_675' title='bbox 802 2082 967 2133; x_wconf 61' lang='lat' dir='ltr'>Interrege.</span> 
     </span>
    </p>
   </div>
   <div class='ocr_carea' id='block_1_8' title="bbox 55 2159 1633 2420">
    <p class='ocr_par' dir='ltr' id='par_1_9' title="bbox 55 2159 1633 2420">
     <span class='ocr_line' id='line_1_49' title="bbox 55 2159 1629 2224; baseline 0.003 -34"><span class='ocrx_word' id='word_1_676' title='bbox 55 2161 263 2224; x_wconf 60' lang='lat' dir='ltr'>Immeguum,</span> <span class='ocrx_word' id='word_1_677' title='bbox 284 2161 320 2189; x_wconf 88' lang='lat' dir='ltr'>ait</span> <span class='ocrx_word' id='word_1_678' title='bbox 327 2159 423 2196; x_wconf 64' lang='lat' dir='ltr'>Festus,</span> <span class='ocrx_word' id='word_1_679' title='bbox 442 2160 586 2198; x_wconf 86' lang='lat' dir='ltr'>appellatur</span> <span class='ocrx_word' id='word_1_680' title='bbox 598 2160 711 2198; x_wconf 85' lang='lat' dir='ltr'>spatium</span> <span class='ocrx_word' id='word_1_681' title='bbox 726 2161 872 2198; x_wconf 83' lang='lat' dir='ltr'>temporis,</span> <span class='ocrx_word' id='word_1_682' title='bbox 896 2159 1033 2198; x_wconf 88' lang='lat' dir='ltr'>quousque</span> <span class='ocrx_word' id='word_1_683' title='bbox 1047 2160 1074 2188; x_wconf 92' lang='lat' dir='ltr'>in</span> <span class='ocrx_word' id='word_1_684' title='bbox 1087 2159 1148 2188; x_wconf 90' lang='lat' dir='ltr'>loco</span> <span class='ocrx_word' id='word_1_685' title='bbox 1161 2159 1235 2197; x_wconf 64' lang='lat' dir='ltr'>Regis</span> <span class='ocrx_word' id='word_1_686' title='bbox 1247 2159 1342 2189; x_wconf 82' lang='lat' dir='ltr'>mortui</span> <span class='ocrx_word' id='word_1_687' title='bbox 1353 2160 1417 2191; x_wconf 89' lang='lat' dir='ltr'>alius</span> <span class='ocrx_word' id='word_1_688' title='bbox 1429 2162 1575 2194; x_wconf 88' lang='lat' dir='ltr'>ordinetur.</span> <span class='ocrx_word' id='word_1_689' title='bbox 1602 2165 1629 2194; x_wconf 84' lang='lat' dir='ltr'>Is</span> 
     </span>
     <span class='ocr_line' id='line_1_50' title="bbox 110 2197 1629 2240; baseline 0.002 -12"><span class='ocrx_word' id='word_1_690' title='bbox 110 2208 201 2229; x_wconf 87' lang='lat' dir='ltr'>antem</span> <span class='ocrx_word' id='word_1_691' title='bbox 215 2201 260 2237; x_wconf 92' lang='lat' dir='ltr'>qui</span> <span class='ocrx_word' id='word_1_692' title='bbox 270 2208 378 2235; x_wconf 71' lang='lat' dir='ltr'>praeerat</span> <span class='ocrx_word' id='word_1_693' title='bbox 391 2208 454 2226; x_wconf 84' lang='lat' dir='ltr'>eum</span> <span class='ocrx_word' id='word_1_694' title='bbox 469 2201 553 2237; x_wconf 84' lang='lat' dir='ltr'>Regia</span> <span class='ocrx_word' id='word_1_695' title='bbox 566 2201 694 2236; x_wconf 88' lang='lat' dir='ltr'>potestate</span> <span class='ocrx_word' id='word_1_696' title='bbox 709 2203 735 2230; x_wconf 60' lang='grc' dir='ltr'>ἃ</span> <span class='ocrx_word' id='word_1_697' title='bbox 749 2198 908 2237; x_wconf 75' lang='lat' dir='ltr'>infignibu5‚</span> <span class='ocrx_word' id='word_1_698' title='bbox 928 2202 1043 2226; x_wconf 75' lang='lat' dir='ltr'>Inter-rex</span> <span class='ocrx_word' id='word_1_699' title='bbox 1055 2197 1200 2227; x_wconf 88' lang='lat' dir='ltr'>dicebatur.</span> <span class='ocrx_word' id='word_1_700' title='bbox 1220 2200 1307 2237; x_wconf 80' lang='lat' dir='ltr'>Origo</span> <span class='ocrx_word' id='word_1_701' title='bbox 1319 2202 1473 2239; x_wconf 72' lang='lat' dir='ltr'>Interregum</span> <span class='ocrx_word' id='word_1_702' title='bbox 1485 2204 1629 2240; x_wconf 79' lang='lat' dir='ltr'>antiquissi-</span> 
     </span>
     <span class='ocr_line' id='line_1_51' title="bbox 57 2236 1629 2274; baseline 0.001 -7"><span class='ocrx_word' id='word_1_703' title='bbox 57 2248 104 2267; x_wconf 89' lang='lat' dir='ltr'>ma</span> <span class='ocrx_word' id='word_1_704' title='bbox 114 2240 158 2267; x_wconf 89' lang='lat' dir='ltr'>est.</span> <span class='ocrx_word' id='word_1_705' title='bbox 174 2236 256 2266; x_wconf 77' lang='lat' dir='ltr'>&#39;Nam</span> <span class='ocrx_word' id='word_1_706' title='bbox 265 2237 369 2265; x_wconf 84' lang='lat' dir='ltr'>Romulo</span> <span class='ocrx_word' id='word_1_707' title='bbox 393 2236 446 2270; x_wconf 83' lang='lat' dir='ltr'>(de</span> <span class='ocrx_word' id='word_1_708' title='bbox 453 2237 527 2273; x_wconf 83' lang='lat' dir='ltr'>cujus</span> <span class='ocrx_word' id='word_1_709' title='bbox 541 2236 616 2266; x_wconf 89' lang='lat' dir='ltr'>obitu</span> <span class='ocrx_word' id='word_1_710' title='bbox 626 2241 701 2267; x_wconf 83' lang='lat' dir='ltr'>variae</span> <span class='ocrx_word' id='word_1_711' title='bbox 709 2238 875 2267; x_wconf 78' lang='lat' dir='ltr'>diverlbrum</span> <span class='ocrx_word' id='word_1_712' title='bbox 887 2237 946 2265; x_wconf 90' lang='lat' dir='ltr'>sunt</span> <span class='ocrx_word' id='word_1_713' title='bbox 958 2237 1107 2270; x_wconf 66' lang='lat' dir='ltr'>sententiae,</span> <span class='ocrx_word' id='word_1_714' title='bbox 1128 2246 1191 2274; x_wconf 85' lang='lat' dir='ltr'>quas</span> <span class='ocrx_word' id='word_1_715' title='bbox 1204 2237 1257 2266; x_wconf 91' lang='lat' dir='ltr'>hoc</span> <span class='ocrx_word' id='word_1_716' title='bbox 1269 2238 1469 2268; x_wconf 86' lang='lat' dir='ltr'>locorecensere</span> <span class='ocrx_word' id='word_1_717' title='bbox 1475 2251 1530 2268; x_wconf 88' lang='lat' dir='ltr'>non</span> <span class='ocrx_word' id='word_1_718' title='bbox 1538 2242 1573 2268; x_wconf 81' lang='lat' dir='ltr'>est</span> <span class='ocrx_word' id='word_1_719' title='bbox 1584 2251 1629 2268; x_wconf 86' lang='lat' dir='ltr'>ne-</span> 
     </span>
     <span class='ocr_line' id='line_1_52' title="bbox 57 2274 1633 2316; baseline 0.001 -11"><span class='ocrx_word' id='word_1_720' title='bbox 57 2278 136 2313; x_wconf 75' lang='lat' dir='ltr'>cesse)</span> <span class='ocrx_word' id='word_1_721' title='bbox 151 2276 294 2307; x_wconf 62' lang='lat' dir='ltr'>defuneto,</span> <span class='ocrx_word' id='word_1_722' title='bbox 309 2284 339 2304; x_wconf 85' lang='lat' dir='ltr'>ut</span> <span class='ocrx_word' id='word_1_723' title='bbox 352 2275 432 2303; x_wconf 83' lang='lat' dir='ltr'>tradit</span> <span class='ocrx_word' id='word_1_724' title='bbox 439 2274 537 2311; x_wconf 65' lang='lat' dir='ltr'>Dionffi</span> <span class='ocrx_word' id='word_1_725' title='bbox 543 2274 587 2303; x_wconf 87' lang='lat' dir='ltr'>lib.</span> <span class='ocrx_word' id='word_1_726' title='bbox 598 2287 621 2304; x_wconf 84' lang='lat'>2.</span> <span class='ocrx_word' id='word_1_727' title='bbox 636 2285 778 2315; x_wconf 88' lang='lat' dir='ltr'>antequam</span> <span class='ocrx_word' id='word_1_728' title='bbox 788 2286 873 2304; x_wconf 81' lang='lat' dir='ltr'>novus</span> <span class='ocrx_word' id='word_1_729' title='bbox 887 2283 1022 2304; x_wconf 85' lang='lat' dir='ltr'>crearetur</span> <span class='ocrx_word' id='word_1_730' title='bbox 1029 2276 1105 2307; x_wconf 88' lang='lat' dir='ltr'>Rex,</span> <span class='ocrx_word' id='word_1_731' title='bbox 1128 2276 1264 2313; x_wconf 87' lang='lat' dir='ltr'>integrum</span> <span class='ocrx_word' id='word_1_732' title='bbox 1271 2285 1371 2304; x_wconf 86' lang='lat' dir='ltr'>annum</span> <span class='ocrx_word' id='word_1_733' title='bbox 1385 2281 1557 2316; x_wconf 77' lang='lat' dir='ltr'>Interregnum</span> <span class='ocrx_word' id='word_1_734' title='bbox 1573 2277 1633 2307; x_wconf 83' lang='lat' dir='ltr'>fuit.</span> 
     </span>
     <span class='ocr_line' id='line_1_53' title="bbox 57 2313 1633 2354; baseline -0.001 -10"><span class='ocrx_word' id='word_1_735' title='bbox 57 2316 198 2353; x_wconf 85' lang='lat' dir='ltr'>Sequenti,</span> <span class='ocrx_word' id='word_1_736' title='bbox 219 2314 320 2351; x_wconf 85' lang='lat' dir='ltr'>inquit,</span> <span class='ocrx_word' id='word_1_737' title='bbox 340 2323 411 2340; x_wconf 85' lang='lat' dir='ltr'>anno</span> <span class='ocrx_word' id='word_1_738' title='bbox 417 2313 475 2349; x_wconf 87' lang='lat' dir='ltr'>post</span> <span class='ocrx_word' id='word_1_739' title='bbox 483 2313 593 2341; x_wconf 85' lang='lat' dir='ltr'>Romuli</span> <span class='ocrx_word' id='word_1_740' title='bbox 600 2314 698 2343; x_wconf 88' lang='lat' dir='ltr'>scilicet</span> <span class='ocrx_word' id='word_1_741' title='bbox 705 2315 810 2343; x_wconf 87' lang='lat' dir='ltr'>obitum</span> <span class='ocrx_word' id='word_1_742' title='bbox 820 2323 902 2341; x_wconf 90' lang='lat' dir='ltr'>nemo</span> <span class='ocrx_word' id='word_1_743' title='bbox 911 2315 1008 2342; x_wconf 83' lang='lat' dir='ltr'>Romae</span> <span class='ocrx_word' id='word_1_744' title='bbox 1020 2314 1155 2351; x_wconf 85' lang='lat' dir='ltr'>regnavit,</span> <span class='ocrx_word' id='word_1_745' title='bbox 1174 2314 1207 2342; x_wconf 90' lang='lat' dir='ltr'>ad</span> <span class='ocrx_word' id='word_1_746' title='bbox 1221 2324 1323 2342; x_wconf 88' lang='lat' dir='ltr'>novum</span> <span class='ocrx_word' id='word_1_747' title='bbox 1336 2318 1491 2354; x_wconf 78' lang='lat' dir='ltr'>Interregum</span> <span class='ocrx_word' id='word_1_748' title='bbox 1502 2314 1633 2353; x_wconf 75' lang='lat' dir='ltr'>magistra-</span> 
     </span>
     <span class='ocr_line' id='line_1_54' title="bbox 57 2349 1633 2420; baseline -0.001 -36"><span class='ocrx_word' id='word_1_749' title='bbox 57 2361 115 2386; x_wconf 66' lang='lat' dir='ltr'>tum</span> <span class='ocrx_word' id='word_1_750' title='bbox 122 2354 207 2383; x_wconf 75' lang='lat' dir='ltr'>delata</span> <span class='ocrx_word' id='word_1_751' title='bbox 217 2352 444 2382; x_wconf 75' lang='lat' dir='ltr'>administratione</span> <span class='ocrx_word' id='word_1_752' title='bbox 450 2349 618 2394; x_wconf 43' lang='lat' dir='ltr'>reipublicae,</span> <span class='ocrx_word' id='word_1_753' title='bbox 634 2353 661 2383; x_wconf 85' lang='lat' dir='ltr'>in</span> <span class='ocrx_word' id='word_1_754' title='bbox 670 2354 786 2384; x_wconf 83' lang='lat' dir='ltr'>modum</span> <span class='ocrx_word' id='word_1_755' title='bbox 794 2352 879 2393; x_wconf 64' lang='lat' dir='ltr'>huncq</span> <span class='ocrx_word' id='word_1_756' title='bbox 898 2353 1108 2420; x_wconf 52' lang='lat' dir='ltr'>Ducengiqatres</span> <span class='ocrx_word' id='word_1_757' title='bbox 1120 2351 1277 2393; x_wconf 69' lang='lat' dir='ltr'>cqnscripti‚</span> <span class='ocrx_word' id='word_1_758' title='bbox 1298 2363 1330 2382; x_wconf 83' lang='lat' dir='ltr'>ex</span> <span class='ocrx_word' id='word_1_759' title='bbox 1338 2353 1633 2419; x_wconf 68' lang='lat' dir='ltr'>quibusfinntusRRege</span> 
     </span>
    </p>

    <p class='ocr_par' dir='ltr' id='par_1_10' title="bbox 1015 2394 1633 2419">
     <span class='ocr_line' id='line_1_55' title="bbox 1015 2394 1633 2419; baseline 0 -1"><span class='ocrx_word' id='word_1_760' title='bbox 1015 2394 1025 2418; x_wconf 81' lang='lat'><em>1</em></span> <span class='ocrx_word' id='word_1_761' title='bbox 1563 2402 1633 2419; x_wconf 78' lang='lat' dir='ltr'>omu-</span> 
     </span>
    </p>
   </div>
  </div>
 </body>
</html>
