2075 2734
399 106 452 136 662
713 98 1153 129 AuriQuirAruM
1193 92 1529 122 ROMANARUM
1569 94 1720 124 Limlx.

437 156 479 181 Dc
493 152 550 187 jure
566 150 640 177 dicto
651 148 665 177 ὲ
679 149 814 186 Regibus,
835 145 966 187 Dionysius
978 146 1023 175 lib.
1034 157 1057 174 2.
1071 148 1097 176 &
1113 155 1139 181 4.
1152 146 1181 173 in
1195 145 1317 175 Romulo
1331 148 1358 176 δε
1372 144 1463 174 Tullio
1476 152 1568 182 aperte
1580 145 1696 183 scripsit,
1716 148 1743 176 δε
1755 145 1814 178 Liv.
1826 146 1872 177 lib.
1884 159 1906 178 1.
1919 149 1982 179 sul„

401 190 555 227 fignitimvit
569 189 596 216 in
609 187 711 219 Prisco,
731 196 794 214 curn
809 185 866 223 ipso
882 187 1019 214 vulnerato
1034 183 1204 223 Tanaquilem
1219 185 1354 222 Reginam
1367 184 1402 212 fic
1414 184 1479 213 fecit
1492 184 1667 221 loquentem:
1687 186 1797 214 interim
1810 189 1904 217 Servio
1917 188 1987 223 Tul«,

398 229 436 256 lio
450 229 540 265 jubere
553 225 682 263 populum
700 226 852 253 audientem
868 224 933 256 effe,
953 233 1015 252 eum
1028 224 1088 260 jura
1100 222 1268 251 redditurum
1275 221 1495 260 ’obiturumque
1508 222 1557 250 alia
1572 224 1656 260 Regis
1669 224 1770 252 munia.

437 269 480 295 De
494 264 637 300 Conficlzbus
649 271 745 299 praeter
758 260 904 301 Dionfft'um
920 261 1008 290 Livius
1022 262 1068 290 lib.
1085 272 1112 289 2.
1135 261 1209 288 idem
1222 261 1314 289 docuit
1326 283 1334 293 ,
1353 262 1387 289 de
1402 263 1491 298 Appio
1509 260 1640 289 scribens:
1673 263 1770 296 Appius
1783 264 1878 299 Consul
1888 265 1921 294 de
1932 273 1980 303 pe„

400 306 483 337 cuniis
496 303 602 332 creditis
614 303 656 338 jus
672 311 754 338 quam
770 300 914 338 asperrime
927 302 1023 329 dicere.
1044 301 1078 328 Et
1092 299 1165 327 alibi:
1189 300 1272 337 Qod
1286 300 1319 327 de
1331 299 1430 328 credita
1442 301 1554 336 pecunia
1567 299 1610 336 jus
1623 309 1679 328 non
1691 300 1805 329 dixiss‘et.

439 346 481 372 De
493 339 641 368 decemviris
655 339 841 368 Consularibus
858 337 988 378 Dionysius
1003 339 1049 367 lib.
1065 349 1106 366 10.
1128 340 1155 367 ὅ(
1174 348 1215 366 11.
1240 347 1302 366 cum
1316 336 1389 365 Livio
1401 337 1447 366 lib.
1464 348 1488 376 3.
1507 339 1625 366 Decimo
1644 338 1689 366 die
1707 338 1750 374 jus
1769 338 1873 376 populo
1885 340 1980 379 singuli

403 381 557 411 reddebant.
582 380 653 406 Item
663 377 763 412 Appius
773 378 856 410 dixit,
876 377 901 405 se
912 388 945 406 eo
960 378 1003 406 die
1015 386 1102 414 neque
1115 376 1156 413 jus
1169 376 1306 405 diEturum
1315 397 1321 408 ,
1342 385 1429 414 neque
1442 377 1579 405 decretum
1595 377 1822 412 interpofiturum.
1861 379 1921 407 Post
1934 389 1981 407 au-

400 428 470 450 tem,
491 416 615 445 utscribit
629 415 776 451 pomponius
791 415 874 446 1'C.ff.
883 417 925 444 tit.
935 427 959 444 2.
972 417 1005 444 de
1017 416 1084 453 orig.
1093 415 1173 452 juris,
1194 424 1256 443 cum
1267 414 1385 450 confides
1395 423 1569 443 avocarentur
1578 414 1594 443 a
1603 414 1676 442 bellis
1690 415 1825 448 finitimis,
1845 425 1933 453 neque
1941 417 1980 446 es-
2016 430 2019 437 ·

399 457 450 489 set,
470 455 514 493 qui
529 456 556 482 iu
571 455 680 482 civitate
691 455 734 490 jus
748 455 859 482 reddere
877 454 976 492 posset,
996 454 1096 482 faCtum
1115 454 1150 481 est
1164 474 1171 485 ‚
1190 460 1220 481 ut
1228 461 1318 487 prator
1331 461 1438 490 quoque
1451 460 1583 481 crearetur
1595 473 1604 485 ,
1625 454 1670 490 qui
1681 453 1723 488 jus
1737 454 1765 481 in
1780 454 1854 482 Urbe
1868 455 1978 485 diceret.

400 497 510 524 Creatus
522 494 618 521 deinde
626 495 651 521 &
659 492 723 520 alius
731 501 833 528 prator,
854 494 912 530 qui,
935 494 1007 531 quod
1020 493 1062 529 jus
1077 493 1145 521 inter
1152 492 1306 529 peregrinos
1317 492 1430 522 diceret,
1443 490 1591 529 peregrinus
1599 500 1690 525 prator
1701 491 1844 528 appellatus
1857 493 1902 521 est.

438 530 560 559 AEdilium
567 530 749 566 jurisdic‘honbs
764 531 849 559 adhuc
864 533 997 559 memoria
1011 530 1147 558 obscurior
1160 530 1195 557 est
1206 539 1214 555 ι
1234 529 1261 557 hi
1275 538 1368 557 tamen
1382 529 1416 556 de
1430 531 1519 564 paucis
1532 528 1609 556 rebus
1621 529 1662 566 jus
1676 530 1808 558 dixerunt.
1838 532 1869 559 In
1882 531 1978 568 primis

400 579 491 599 autern
505 571 535 596 de
549 568 692 597 venditione
703 568 896 604 mancipiorum,
919 570 951 597 de
965 568 1093 596 mensuris
1106 589 1113 599 ,
1135 570 1162 596 St
1178 567 1239 595 foro
1251 569 1395 596 venalium.
1435 569 1532 604 Neque
1545 567 1627 594 etiam
1639 566 1708 595 solus
1719 576 1810 602 prator
1824 568 1868 597 sua
1881 570 1980 606 judicia

400 609 518 637 exercuit
527 608 584 639 ,sed
594 607 677 635 ibcios
688 607 783 636 laboris
793 608 870 644 hujus
882 606 1031 635 decemviros
1045 607 1133 635 litibus
1148 606 1297 642 judicandis
1311 607 1414 639 habuit,
1431 606 1563 642 dequibus
1575 605 1700 632 omnibus
1714 607 1740 633 in
1749 616 1782 634 eo
1789 606 1874 640 libro,
1887 608 1933 645 qui
1945 609 1978 636 de

400 645 584 686 magistratibus
596 651 765 675 Romanorum
773 647 810 674 est
819 667 824 677 ‚
832 646 948 683 plurima
957 645 1024 674 scitu
1032 645 1182 683 dignissima
1191 645 1287 673 tradita
1294 644 1353 674 sunt
1360 665 1367 677 ,
1381 653 1436 682 quo
1443 643 1588 672 studiosum
1595 642 1725 671 lectorem
1731 645 1853 674 remitto.

1073 723 1096 751 C
1123 732 1139 750 A
1166 732 1192 751 P.
1238 721 1317 750 VII.

684 791 737 825 De
753 789 837 834 Ioco,
863 787 913 824 ubi
924 789 1050 838 judicia
1064 788 1278 824 exercebantur
1294 812 1306 832 ,
1330 787 1478 836 deforis,
1504 799 1541 821 ac
1555 785 1697 827 bafilicis.

402 869 527 931 Locus,
547 870 573 897 in
590 879 643 907 quo
658 869 700 907 jus
712 870 815 898 dietum
832 871 882 901 est,
903 869 953 898 fuit
967 870 1076 906 duplex:
1096 877 1141 898 aut
1146 868 1275 905 fhperior,
1299 875 1344 897 aut
1350 868 1453 903 planus.
1485 865 1604 902 Superior
1618 865 1668 894 fuit
1680 864 1799 894 tribunal
1804 867 1834 896 in
1848 867 1962 897 comitio
1968 869 1979 900 ‚'

477 917 555 945 atque
569 909 596 935 in
610 908 734 936 tribunali
741 908 804 942 sella
817 906 918 935 curulis.
953 908 1049 934 Planus
1065 909 1216 945 quicunque
1230 908 1302 935 locus
1313 915 1408 944 prater
1420 906 1548 937 tribunal,
1569 906 1653 941 polita
1668 903 1726 932 *ella
1739 905 1834 937 curuli,
1856 905 1929 943 isque
1940 905 1981 933 lo.

402 955 447 972 cus
462 955 519 974 turn
535 946 669 974 dicebatur
673 948 727 981 jus.
749 947 791 974 Sic
805 947 877 973 enim
892 944 1034 980 Ulpianus:
1054 947 1102 983 Jus
1118 966 1124 976 ‚
1144 946 1242 982 inquit,
1265 946 1354 972 nonis
1370 944 1456 972 solum
1471 945 1545 972 locus
1559 944 1609 974 est,
1631 942 1674 970 ubi
1686 944 1753 978 Juris
1766 942 1888 975 dicundi,
1909 944 1980 980 judi-

402 985 513 1012 candit-e
526 986 608 1020 gratia
623 985 787 1021 magistratus
802 983 893 1020 populi
909 984 1027 1011 Romani
1039 984 1167 1015 consistit,
1187 983 1230 1010 sed
1240 985 1323 1010 etiam
1333 1004 1339 1014 ,
1359 982 1377 1009 fi
1391 984 1482 1013 domi,
1502 982 1544 1010 vel
1554 983 1582 1009 in
1596 982 1691 1009 itinere
1705 980 1757 1009 hoc
1771 990 1840 1019 agat.
1860 982 1896 1009 Et
1908 986 1980 1009 Pau-

401 1021 438 1047 lus
454 1024 498 1049 1C.
524 1024 564 1057 lus
578 1021 700 1050 estlocus
712 1022 862 1058 ubicunque
877 1029 965 1055 prator
977 1021 1044 1049 ialva
1058 1022 1194 1057 majestate
1213 1022 1319 1058 imperii
1335 1020 1372 1047 sui
1386 1041 1394 1052 ‚
1414 1020 1538 1057 salvoque
1553 1028 1630 1046 more
1647 1019 1784 1055 majorum
1799 1041 1806 1051 ‚
1833 1019 1876 1055 jus
1889 1019 1979 1047 dicere
2025 1049 2029 1055 ¹

403 1057 545 1088 constituit.
568 1060 705 1087 Comitium
720 1069 778 1096 pars
792 1059 843 1088 fuit
858 1058 911 1086 fori
922 1060 1055 1092 Romani,
1076 1070 1102 1086 in
1116 1069 1163 1097 quo
1175 1057 1252 1096 rostra
1265 1066 1352 1087 erant.»
1368 1059 1447 1086 Unde
1461 1060 1506 1095 qui
1520 1056 1535 1085 ὲ
1548 1057 1637 1084 rostris
1651 1057 1778 1093 agebant,
1798 1057 1827 1085 in
1833 1057 1936 1093 forum,
1949 1060 1978 1087 ὃς

400 1095 428 1122 in
441 1097 570 1125 camimum
586 1097 673 1126 versus
687 1107 764 1134 agere
778 1104 911 1134 poterant.
948 1096 1152 1125 Centumviralm
1167 1105 1258 1124 autern
1272 1097 1370 1133 judicia
1385 1097 1410 1123 in
1424 1097 1533 1125 basilicis
1545 1094 1744 1123 exercebantur.
1782 1098 1854 1123 Cum
1866 1105 1930 1124 vero
1944 1096 1980 1124 de

403 1137 518 1163 comitio
536 1140 609 1172 lupra
623 1136 742 1173 quaedam
759 1137 786 1163 in
800 1136 922 1163 medium
937 1134 1121 1167 attulerimus,
1141 1135 1184 1163 hic
1199 1135 1232 1163 de
1243 1135 1305 1162 foro
1315 1157 1321 1166 ‚
1342 1135 1406 1171 quid
1421 1137 1447 1163 δί
1461 1143 1527 1173 quot
1539 1142 1655 1161 numero
1669 1134 1766 1161 Romae
1779 1133 1894 1166 fuerint,
1909 1133 1978 1172 quis-

401 1182 453 1209 que
465 1184 559 1212 cqrum
574 1182 681 1202 ornatus
695 1174 775 1202 fuerit
787 1194 795 1206 ‚
815 1182 874 1202 tum
889 1175 971 1201 etiarn
986 1174 1018 1200 de·
1027 1172 1130 1212 bifilicis
1144 1194 1151 1205 ,
1169 1171 1290 1201 zribunali
1304 1193 1313 1205 ‚
1332 1172 1502 1209 &ficbfi’lliis
1512 1193 1520 1203 ‚
1538 1180 1621 1209 pauca
1634 1171 1755 1209 quaedam
1767 1172 1902 1205 dicemus,
1921 1181 1982 1211 quie
2017 1187 2020 1189 ’

402 1212 509 1247 quidem
525 1212 671 1248 legentibus
683 1221 738 1239 non
753 1218 820 1247 puto
836 1213 939 1250 ingrata
954 1213 980 1239 ὃς
994 1212 1138 1248 injucunda
1151 1211 1203 1239 esse
1217 1211 1311 1239 futura.

441 1254 533 1276 Forum
547 1260 560 1276 a
567 1250 672 1285 serendo
684 1250 789 1277 dicium
804 1250 855 1278 esse
867 1270 876 1284 ,
896 1250 969 1288 quod
984 1259 1017 1278 eo
1032 1250 1223 1278 controversias
1238 1249 1292 1277 suas
1307 1270 1315 1282 ‚
1337 1252 1363 1279 ἃ
1377 1259 1435 1287 quae
1449 1249 1566 1277 vendere
1580 1247 1677 1276 vellent
1686 1267 1693 1278 ‚
1714 1246 1885 1280 conferrent,
1903 1250 1981 1274 Vizrro

403 1287 490 1315 docet.
510 1287 561 1315 Alii
575 1286 589 1315 ἐι
596 1286 668 1323 ffiras
681 1288 817 1321 derivant,
838 1290 911 1325 quod
924 1288 1021 1316 scilicet
1028 1288 1113 1324 foras,
1134 1289 1161 1316 id
1176 1289 1226 1320 est,
1247 1287 1293 1315 ssrb
1308 1288 1353 1316 dio
1365 1289 1405 1316 fit.
1425 1287 1529 1324 Isidorus
1544 1286 1634 1315 forum
1650 1286 1663 1314 zi
1670 1284 1753 1321 fando
1766 1306 1775 1318 ‚
1795 1285 1837 1314 vel
1852 1285 1980 1313 Phoroneo

402 1327 478 1361 Rege
495 1325 658 1353 Achivorum
674 1335 776 1354 nomen
789 1327 916 1364 accepisse
930 1326 986 1355 vult
1001 1337 1007 1354 ι
1035 1327 1107 1363 quod
1121 1334 1212 1354 tamen
1225 1327 1311 1354 doctis
1326 1336 1380 1354 non
1394 1327 1536 1363 probatur,
1558 1325 1597 1352 uti
1607 1325 1676 1361 apud
1691 1323 1841 1356 Alcimum,
1859 1325 1887 1353 ὃς
1898 1327 1981 1351 Fran-

400 1362 485 1397 crstum
502 1363 627 1391 Polletum
640 1365 731 1392 videre
743 1365 788 1392 est.
830 1365 911 1401 Qod
926 1365 959 1392 ad
973 1365 1175 1402 lignificationcs
1189 1365 1310 1392 vocabuli
1326 1367 1422 1393 attinet
1434 1386 1441 1397 ‚
1462 1367 1499 1393 ita
1511 1363 1600 1392 scribit
1618 1361 1702 1399 Festus
1715 1373 1723 1387 :
1741 1366 1835 1389 Forum
1839 1362 1888 1397 fix
1899 1360 1980 1389 modis

402 1401 566 1437 intelligitur.
587 1400 688 1434 Primo,
709 1403 898 1439 negotiationis
911 1403 997 1435 locus,
1017 1404 1140 1439 utfhrum
1153 1402 1324 1434 Flaminium,
1346 1403 1437 1431 forum
1451 1402 1569 1441 julium,
1590 1400 1622 1428 ab
1636 1409 1731 1428 eorum
1746 1400 1914 1440 nominibus,
1933 1400 1980 1437 qui

403 1448 431 1465 ea
446 1439 503 1466 sora
517 1439 698 1467 constituenda
711 1448 851 1471 curarunt,
871 1441 944 1477 quod
954 1442 1036 1468 etiarn
1051 1442 1078 1468 in
1087 1441 1151 1469 locis
1165 1441 1287 1477 privam,
1308 1443 1333 1469 δε
1348 1442 1375 1468 in
1389 1442 1438 1469 viis
1448 1462 1455 1472 ,
1474 1442 1501 1468 &
1515 1441 1543 1467 in
1557 1440 1626 1475 agris
1640 1439 1697 1466 fieri
1710 1438 1786 1465 solet.
1804 1438 1877 1469 Alto,
1887 1447 1915 1464 m
1928 1446 1978 1475 quo

395 1476 495 1510 judicia
510 1478 581 1510 ficri,
602 1487 663 1504 curn
677 1478 777 1513 populo
791 1479 849 1515 agi,
869 1480 1011 1506 conciones
1025 1478 1115 1505 haberi
1128 1478 1220 1506 solent.
1239 1478 1337 1510 Tertio,
1358 1489 1421 1506 cum
1435 1480 1456 1506 is
1470 1478 1514 1514 qui
1526 1477 1670 1514 provinciae
1684 1476 1773 1512 praeest
1786 1495 1794 1507 ,
1806 1474 1894 1511 sorum
1905 1483 1980 1511 agere

402 1515 513 1545 dicitur,
534 1524 596 1541 cum
611 1515 731 1542 civitates
748 1524 839 1547 vocat,
862 1518 887 1544 δε
902 1517 936 1543 dc
949 1516 1133 1543 controversiis
1146 1525 1187 1543 eoa
1195 1525 1241 1542 um
1255 1515 1401 1553 cognoscit.
1428 1519 1544 1554 Quum
1564 1524 1626 1542 cum
1641 1514 1668 1542 id
1675 1514 1764 1549 sorum
1775 1513 1877 1549 antiqui
1890 1511 1980 1548 appel-

401 1551 505 1584 labant,
526 1553 596 1588 quod
612 1561 683 1579 nunc
697 1553 853 1580 vestibulum
867 1553 996 1589 sepulchri
1009 1554 1060 1581 dici
1075 1554 1148 1580 solet.
1181 1553 1293 1591 Qinto,
1315 1553 1379 1581 locus
1391 1552 1417 1581 in
1432 1552 1509 1584 navi,
1529 1553 1574 1580 sed
1587 1561 1646 1580 tum
1661 1552 1799 1579 masculini
1810 1551 1916 1587 generis
1928 1551 1982 1583 est,

403 1592 430 1618 ἃ
443 1590 549 1626 plurale.
586 1593 662 1617 Sexto
675 1609 684 1619 .
700 1590 753 1626 fari
766 1591 912 1628 significant
925 1590 1036 1629 circe-ista
1042 1592 1182 1626 speHaculix
1193 1613 1201 1623 ,
1223 1601 1253 1618 cx
1267 1592 1361 1627 quibus
1374 1595 1456 1620 etiam
1469 1590 1575 1617 minores
1580 1589 1675 1626 forulos
1687 1590 1812 1617 dicimus.
1850 1590 1916 1616 Haec
1927 1587 1981 1617 ille.

407 1629 480 1659 Nos,
500 1628 602 1655 omisi'is
616 1628 724 1665 reliquis
744 1630 777 1657 de
791 1630 821 1656 iis
835 1637 938 1657 tantum
954 1633 1019 1664 jons
1032 1649 1040 1658 ‚
1064 1639 1118 1666 quo
1132 1639 1173 1656 res
1191 1628 1376 1657 conferrentur
1390 1651 1397 1662 ,
1423 1630 1544 1657 dicemus
1558 1639 1564 1655 2
1585 1637 1701 1664 quorum
1714 1627 1825 1664 quidem
1837 1626 1894 1654 duo
1909 1626 1979 1662 apud

405 1667 543 1694 Romanos
558 1667 664 1693 fuerunt
677 1675 787 1703 genera:
808 1666 856 1694 alia
868 1668 942 1694 ‘enim
956 1668 987 1694 ad
1003 1667 1082 1695 Urbis
1093 1666 1261 1704 splendorem
1277 1667 1345 1694 facta
1359 1675 1449 1699 erant,
1468 1667 1497 1694 in
1506 1666 1600 1704 quibus
1613 1665 1758 1693 hominum
1771 1672 1920 1694 conventus
1934 1664 1980 1692 fie-

403 1703 480 1736 bant,
501 1703 542 1731 vel
557 1705 729 1741 negotiorum
742 1704 861 1732 civilium
877 1726 884 1737 ‚
905 1705 946 1732 vel
958 1705 1143 1733 delectationis
1157 1704 1231 1733 causa
1247 1715 1253 1731 :
1274 1706 1322 1733 alia
1338 1708 1369 1733 ad
1386 1714 1547 1734 communes
1560 1703 1652 1741 populi
1665 1704 1724 1732 usus
1738 1712 1828 1740 parata
1840 1703 1980 1740 negotian-

402 1741 472 1769 tibus
485 1742 618 1777 patebant.
658 1743 724 1780 Qae
740 1753 804 1770 vero
818 1742 876 1770 fora
894 1744 1009 1780 negotiis
1028 1743 1149 1771 civilibus
1170 1743 1313 1771 tractandis
1334 1743 1441 1772 fuerunt
1461 1750 1616 1778 comparata
1629 1763 1635 1773 ‚
1654 1742 1710 1770 haec
1722 1741 1796 1773 sunt,
1816 1746 1979 1773 Romanum,

402 1780 515 1814 castris,
536 1782 561 1808 ἃ
575 1779 694 1817 Augusti.
733 1784 876 1808 Romanum
881 1782 982 1817 forum,
1003 1782 1074 1819 quod
1090 1783 1116 1809 ἃ
1129 1781 1341 1817 antiquiffimum
1354 1781 1419 1812 fuit,
1442 1783 1468 1810 ὅ(
1481 1788 1622 1817 propterca
1633 1788 1707 1807 vetus
1717 1778 1878 1816 appellatum
1888 1799 1896 1810 ‚
1914 1779 1981 1808 inci-
2024 1775 2026 1794 ’-
2058 1765 2063 1787 ³¹

403 1817 491 1853 piebat
507 1818 520 1844 :i
536 1818 663 1855 Capitolii,
676 1819 805 1846 radicibus
819 1839 826 1849 .
848 1819 892 1846 ubi
906 1828 976 1847 nunc
987 1819 1102 1854 Septimii
1121 1829 1196 1847 arcus
1209 1818 1245 1845 est
1258 1830 1263 1845 .-
1294 1821 1320 1847 ὃῑ
1334 1819 1481 1847 secundum
1495 1818 1694 1855 longitudinem
1713 1818 1747 1844 ad
1766 1821 1794 1844 S.
1810 1816 1926 1844 Mariam
1937 1826 1982 1844 na-

404 1866 477 1885 vam,
498 1856 542 1883 ubi
559 1857 614 1883 Titi
628 1865 701 1884 arcus
715 1857 936 1893 protendebatur,
960 1857 1105 1884 secundum
1119 1856 1286 1885 latitudinem
1302 1856 1314 1884 ὲ
1330 1856 1446 1884 Palatini
1457 1856 1600 1888 radicibus,
1623 1856 1655 1884 ad
1669 1857 1741 1883 viam
1755 1854 1870 1888 sacram,
1893 1857 1919 1883 ἃ
1934 1857 1982 1882 Sa-
2022 1875 2024 1878 -
2058 1851 2073 1884 ἐτ’

404 1893 476 1920 imni
488 1895 571 1921 adem.
601 1895 687 1922 Variis
701 1895 855 1922 nominibus
869 1894 1030 1931 appellatum
1046 1895 1097 1922 hoc
1111 1894 1202 1922 forum
1217 1894 1276 1921 fuit.
1303 1896 1506 1933 Nonnunquam
1520 1894 1594 1922 enim
1607 1893 1856 1930 fimplicitersorum
1873 1892 1980 1921 distum

405 1932 455 1963 est,
477 1933 638 1969 frequentius
652 1937 810 1965 Romanum,
831 1933 844 1960 a
858 1934 986 1970 dignitate
1002 1932 1100 1961 scilicet
1115 1933 1210 1964 Urbis,
1229 1933 1302 1968 quod
1317 1942 1369 1969 prae
1384 1934 1483 1961 caeteris
1494 1932 1557 1960 esset
1564 1932 1778 1963 ornatissimum,
1797 1939 1908 1968 proPter
1920 1931 1982 1959 aedi-

404 1969 476 2001 ficu,
498 1973 522 1999 ἒς
535 1970 792 2006 frequentissimum,
812 1979 925 2007 propter
939 1971 1046 2007 judicia.
1079 1974 1202 1997 Latmum
1216 1971 1297 1997 etiam
1307 1990 1313 2000 ,
1335 1971 1387 1999 sive
1400 1970 1507 1999 Latium
1519 1990 1527 2002 ‚
1546 1971 1613 1998 item
1626 1969 1772 1997 Palladium
1785 1971 1818 1997 ab
1831 1970 1887 1997 aede
1900 1969 1983 1998 Palla-

406 2007 459 2039 dis,
479 2017 535 2043 qua:
549 2009 575 2035 in
591 2018 623 2035 co
639 2008 702 2040 fuit,
723 2010 759 2036 est
774 2009 943 2045 appellatum.
982 2012 1044 2037 Hoc
1058 2008 1150 2036 forum
1165 2009 1301 2046 eleganter
1314 2009 1437 2038 describit
1453 2007 1590 2036 Plautinus
1603 2006 1683 2036 Miles
1696 2029 1704 2041 ,
1724 2007 1770 2037 ubi
1786 2008 1901 2039 indicat,
1923 2017 1984 2047 quae

404 2046 533 2079 prztcipua
547 2047 573 2072 in
589 2055 620 2073 co
636 2046 707 2078 loca,
729 2049 755 2075 ἃ
771 2056 828 2083 qux
841 2048 868 2074 in
883 2046 989 2083 singulis
1001 2047 1145 2074 hominum
1162 2047 1243 2074 studia
1258 2046 1372 2075 fuerint:

404 2085 460 2118 Qu
469 2085 597 2115 pmjurum
615 2085 738 2123 (iuquit)
759 2084 887 2112 contenire
895 2084 953 2112 vult
962 2084 1101 2118 hominem,
1115 2083 1178 2113 mit·
1209 2084 1379 2123 Co7gfi'dentes‚
1391 2083 1555 2123 garrulique,
1576 2084 1617 2118 (ς’
1630 2082 1748 2112 malevoli
1755 2084 1831 2120 fiaepra
1843 2083 1937 2113 lacum.

456 2155 459 2159 .
481 2128 505 2145 to
519 2131 545 2146 m
558 2130 695 2149 commum.
1209 2125 1265 2160 Qt'
1277 2122 1352 2150 alieri
1362 2123 1393 2149 de
1405 2121 1481 2150 nihilo
1493 2124 1616 2150 audffler
1630 2123 1718 2150 dicunt
1729 2121 1924 2155 contumeliam,

404 2160 460 2194 ᾖε]
472 2158 613 2183 ηιεηιίαςενη
630 2159 670 2191 <5⁹
679 2159 812 2197 glorioficm
821 2182 828 2193 ‚
844 2161 913 2196 apud
921 2158 1160 2197 Cluacinaefizcrum,
1210 2164 1244 2187 Et
1260 2159 1307 2198 qui
1321 2159 1412 2199 r'pst'fizt
1424 2159 1515 2188 habent
1523 2181 1529 2193 ‚
1549 2162 1619 2201 quod
1629 2160 1656 2189 in
1662 2161 1691 2195 se
1696 2161 1770 2196 possit
1782 2171 1840 2188 vere
1852 2159 1941 2188 dicier.

406 2195 479 2222 Ditis
492 2195 617 2228 damulis
630 2206 732 2224 maritos
738 2198 786 2232 stab
800 2198 896 2237 (mstltca
910 2198 1021 2238 querito.
1210 2197 1261 2225 Sub
1269 2198 1408 2230 veteribus,
1420 2198 1590 2239 ibifimt‚qui
1601 2199 1679 2230 dant.
1697 2198 1743 2239 qui
1753 2197 1984 2234 accipiuntsoenore.

405 2232 498 2259 Ibidem
511 2234 670 2265 eruin—(iorni
683 2236 779 2262 exoleta
793 2257 800 2269 ,
822 2247 916 2276 (Imque
923 2235 1140 2274 stipularifhlent.
1211 2240 1279 2264 Pone
1290 2237 1365 2264 adem
1378 2235 1484 2273 Castoris
1496 2236 1531 2265 ibi
1538 2239 1601 2273 fient
1610 2235 1695 2272 fiaebito
1707 2236 1795 2275 quibus
1808 2236 1893 2264 credas
1906 2235 1983 2266 male.

404 2270 572 2309 «SJme-olinum
586 2270 709 2311 collusores
725 2274 792 2306 apua!
802 2275 888 2309 forum
896 2274 1040 2310 piscarium.
1211 2277 1241 2302 In
1250 2274 1339 2309 Thusco
1352 2273 1404 2302 vico
1416 2274 1518 2310 tbifimt
1530 2274 1655 2308 homines,
1667 2277 1713 2314 qui
1725 2274 1825 2314 ipsifisc
1838 2274 1982 2303 venditant.

405 2312 434 2333 ,ιι
442 2310 497 2343 soro
510 2307 595 2346 infimo
607 2307 664 2335 bom
677 2309 801 2343 hommes,
821 2320 900 2348 atque
914 2314 980 2340 dites
993 2312 1136 2344 ambulant.
1213 2315 1242 2339 17²
1252 2312 1364 2343 Velabro,
1386 2313 1426 2340 vel
1434 2312 1550 2351 pstorem
1559 2335 1567 2346 ,
1586 2313 1628 2341 vel
1644 2312 1756 2346 lanium,
1777 2311 1982 2346 vellaus-aspicem,

404 2350 432 2371 Aa
447 2346 631 2380 21‚<.40p2-2psc›-
643 2346 756 2374 niualem
766 2367 772 2374 .
795 2347 828 2374 ibt
840 2349 997 2386 ostentatores
1014 2351 1089 2382 meri.
1212 2349 1257 2380 Vel
1267 2349 1313 2390 qui
1324 2349 1369 2388 ipsi
1378 2352 1545 2388 vertant,vel
1554 2351 1601 2392 qui
1607 2350 1665 2381 aliis
1677 2359 1707 2381 ut
1713 2348 1982 2386 verssmunpraebeant.

1917 2390 1984 2417 Haec
