2075 2734
436 78 487 106 ΒΕ
507 78 740 108 Duumvutrs,
767 76 1021 108 Dtcriivnus,
1041 77 1092 105 &e.
1120 77 1200 104 Cn.
1223 75 1267 112 24:
1586 88 1642 118 ²²3

60 144 141 176 quam
149 132 270 172 Sibyllina
282 131 381 161 oracula
392 133 551 161 custodiunt.
569 134 689 160 Utuntur
701 137 792 157 auten.
805 130 842 157 eis
850 139 882 157 ex
892 132 916 158 ἒ,
925 132 957 157 C.
965 131 983 158 fi
991 131 1097 168 quando
1103 129 1277 158 seditionibus
1289 128 1410 158 turbatur
1417 129 1496 158 status
1503 132 1643 169 Reipubli-

61 185 98 205 σε
104 175 183 202 autin
190 172 260 201 bello
269 172 375 207 infignis
382 170 467 209 aliqua
475 170 560 199 clades
567 178 674 206 accepta
680 169 716 196 est
725 190 731 199 ,
752 176 796 196 aut
804 169 924 205 prodigia
932 170 1062 205 quaepiam
1072 168 1150 197 dubia
1159 189 1165 200 ‚
1181 177 1365 205 magnumque
1372 168 1471 206 aliquid
1478 172 1642 206 portenden.

60 215 97 243 tia
105 213 227 240 nuntiata
244 219 308 242 unt,
317 202 355 238 *ut
363 209 521 246 plerumque
528 209 565 236 fit.
592 209 628 236 Hi
636 206 1012 234 librimanseruntincolumes
1020 207 1101 245 usque
1107 207 1140 234 ad
1148 206 1247 234 bellum
1254 205 1404 245 inusserant,
1424 208 1451 234 in
1458 208 1554 245 templi
1561 205 1641 247 Capi'.

58 250 138 281 tolini
152 250 218 278 cella
230 249 409 280 subterranea,
429 246 520 275 inclusi
534 255 599 273 arcae
614 245 721 282 lapideae
735 245 855 273 afferi-ati
867 244 880 271 {1
895 244 1065 272 Decemviris:
1086 246 1143 282 post
1157 245 1276 274 exatstam
1292 254 1356 272 vero
1375 255 1384 273 1
1393 255 1402 272 1
1411 255 1433 272 1.
1445 245 1521 281 supra
1534 257 1558 275 c.
1574 250 1600 276 δε
1615 258 1641 276 L·

59 288 174 325 Olymp.
188 297 309 316 cremato
324 284 456 321 Capitolio,
477 284 531 311 five
545 285 579 312 de
593 284 732 315 industria,
753 291 782 311 ut
797 283 904 320 quidam
914 291 1069 315 autumant,
1089 283 1142 311 five
1150 283 1261 311 fortuito
1269 283 1407 314 incendio,
1427 292 1488 310 cum
1497 285 1551 312 aliis
1558 286 1641 314 dona-

59 328 105 355 riis
119 326 195 364 jovis
203 347 210 354 .
229 325 256 352 hi
271 333 376 362 quoque
389 324 450 360 igne
460 320 592 358 absumpti
601 321 670 350 sun't:
695 323 767 348 Nam
777 322 821 357 qui
830 331 900 348 nunc
908 329 999 348 extant
1007 320 1020 347 ἐ
1030 320 1120 348 multis
1128 321 1192 348 loci:-
1200 323 1365 358 comportati
1373 321 1431 349 sunt
1439 342 1445 352 ,
1465 324 1563 357 partim
1573 325 1642 352 allati

59 375 93 394 ex
102 364 198 392 Italicis
204 363 324 392 urbibus,
344 361 443 397 partim
453 369 483 387 ex
492 359 606 397 Erythris
613 360 692 391 Afiae,
713 369 745 387 ex
753 361 777 387 S.
786 358 918 397 C.legatis
926 359 985 387 11106
992 359 1025 386 ad
1032 357 1259 386 transcribendum
1270 360 1350 387 rniffis
1359 381 1365 391 ,
1387 360 1483 396 partim
1494 370 1525 388 ex
1534 361 1588 389 aliis
1596 372 1640 390 ur-

59 403 136 431 bibus
143 424 151 434 ,
172 403 253 430 etiam
261 400 274 428 a
281 398 549 436 privatishominibus
556 398 693 434 destripd,
715 399 742 426 in
750 397 1024 435 quibusinveniuntur
1031 397 1150 436 quaedam
1159 395 1330 433 supposititia.
1350 398 1485 426 Hactenus
1493 398 1639 438 Dionysum,

59 450 117 478 quae
125 441 206 468 etiam
213 439 291 467 habet
300 437 382 473 Agell.
389 436 433 464 111).
446 448 455 464 1
464 446 531 473 .cap.
544 447 586 470 1·).
605 437 703 464 Solinus
709 446 766 473 cap.
774 438 800 465 8.
809 438 835 464 &
844 435 896 463 alii.
913 434 1064 461 LacYanttus
1071 443 1162 463 tamen
1170 443 1227 470 cap.
1236 438 1260 462 6.
1269 435 1312 463 lib.
1326 446 1344 461 ι.
1366 437 1524 464 Divinarum
1534 438 1639 466 Institu-

58 480 166 507 tionum
174 498 181 509 ‚
203 480 229 506 ὃς
237 474 336 502 Servius
343 484 398 503 non
405 477 553 512 Tarquinio
560 475 679 511 Superbo
688 497 693 505 ,
714 475 758 502 sed
768 473 846 507 Prilio
853 474 879 502 id
887 472 1049 500 adscribunt:
1069 473 1141 509 quod
1149 473 1315 512 temporibus
1323 473 1358 500 est
1366 473 1542 502 conformius.
1562 477 1638 503 Nam

61 516 74 552 (
81 524 110 544 ut
123 516 222 542 Solinus
234 513 328 541 author
342 513 397 549 est)
409 512 457 541 fuit
471 513 525 541 haec
531 512 621 549 Sibylla
629 515 726 540 Romae
735 512 845 549 (llymp.
855 520 938 550 n.qua
945 511 1066 548 regnavit
1074 515 1228 548 Tarquinius
1236 510 1336 544 Prilius.
1357 513 1398 539 Ad
1406 512 1487 540 libros
1494 514 1574 541 etiam
1582 514 1642 541 11105

59 554 132 592 quod
145 554 254 587 attinet,
274 550 365 580 scribit
380 551 477 578 Plrmus
491 550 508 578 l.
520 562 560 588 13.
569 561 592 579 c.
604 561 707 590 13.n0n
720 551 808 579 iicsed
821 561 830 578 1
840 561 849 578 1
858 558 991 578 1.tantum
1002 549 1034 576 ad
1042 549 1221 585 Tarquinium
1228 548 1319 576 allatos
1326 549 1388 579 effe,
1409 560 1525 587 quorum
1537 562 1546 579 1
1556 552 1641 580 1.fue.

60 598 123 621 runt
137 591 263 622 cremati,
283 599 338 618 non
347 590 630 628 vr.unusaTarquimo
637 598 753 626 emptus.
772 587 1065 616 Duumviricreatisunt
1072 586 1152 624 usque
1159 587 1191 614 ad
1198 596 1299 627 annum
1308 596 1420 615 cccxxci
1430 599 1467 617 ιχ.
1477 598 1536 617 tum
1544 599 1642 617 nume-

60 625 208 658 ruscorum
215 628 306 656 auctus
314 628 358 655 est.
380 627 512 656 Tulerunt
520 629 592 655 enim
601 628 633 656 ad
641 627 771 665 populum
780 627 856 655 Trib.
865 626 935 654 Pleb.
946 628 978 654 C.
985 625 1097 653 Licinius
1104 645 1111 656 ‚
1133 627 1160 653 &
1170 629 1201 652 L.
1210 629 1312 652 Sextius
1319 645 1326 656 ,
1346 634 1375 652 ut
1382 628 1596 665 prossDuumviris
1602 627 1639 656 sa.

61 668 112 697 cris
125 666 254 694 faciundis
269 665 412 693 Decemviri
424 674 589 697 crearentur,
609 667 645 693 ita
660 674 690 694 ut
702 676 760 704 pars
773 675 869 693 eorum
885 675 917 692 ex
931 664 1024 701 plebe,
1044 673 1102 700 pars
1110 673 1142 691 ex
1150 662 1266 700 patribus
1276 663 1358 691 fieret.
1379 664 1489 691 Lirin-sl.
1499 667 1558 694 6.id
1567 666 1641 703 quod

60 704 141 743 usque
153 705 187 733 ad
202 707 234 733 L.
249 703 324 732 Sullae
339 704 431 732 Felicis
444 712 567 740 tempora
580 705 616 731 est
622 703 807 736 observatum,
827 704 889 732 inde
895 701 1160 741 Qindecimvirorum
1168 702 1274 729 mentio
1282 701 1326 733 fit,
1346 701 1418 728 itaut
1426 703 1644 732 verifimileiitL.

59 743 159 778 Sullam
170 764 179 774 ‚
199 743 245 780 qui
260 745 287 771 ὅτ,
301 742 467 779 reliquorum
480 742 581 778 aliquot
595 742 763 770 sacerdotum
777 751 923 770 numerum
936 742 1010 769 auxit
1025 761 1032 772 ,
1051 739 1208 767 Decemviris
1221 739 1277 767 aliis
1293 739 1409 777 quinque
1423 740 1518 768 additis
1533 763 1540 772 ‚
1560 741 1642 780 Qin.

60 780 210 810 decimu-os
229 781 373 809 instituiffe.
413 781 471 807 Post
491 779 590 807 Sullam
610 781 684 808 idem
697 779 865 814 sacerdotium
886 779 981 807 manfit
1000 778 1082 815 usque
1095 779 1127 806 ad
1142 777 1286 805 Theodolii
1300 786 1424 814 tempora
1437 798 1445 809 ,
1472 778 1565 814 quibus
1578 789 1643 807 cum

60 820 160 847 &atteris
173 820 269 847 veteris
282 817 470 856 superstitionis
484 818 560 846 {acris
573 818 731 856 abrogatum
746 819 788 846 est.
821 820 904 846 Porro
915 826 1007 846 autem
1019 826 1051 844 ex
1065 826 1093 848 4.
1107 816 1181 844 Caelii
1195 816 1228 844 ad
1243 816 1300 844 Cic.
1315 815 1423 852 epistola
1437 815 1526 854 colligi
1543 818 1654 853 potest‚r

61 857 155 894 populi
174 856 451 894 suffiagiisfficerdotes
465 856 543 893 hujus
563 856 668 894 collegii
686 857 826 894 aliquando
841 865 943 884 creatos
957 877 964 888 ‚
992 856 1072 892 idque
1085 864 1133 891 per
1149 854 1239 892 legem
1262 853 1413 881 Domitiam.
1454 855 1528 881 Nam
1543 856 1615 891 quod
1631 855 1645 883 a

59 895 170 933 collegis
182 903 243 924 ante
256 904 314 922 eam
331 894 420 931 legem
433 902 623 932 cooptarentur
637 916 644 926 ‚
665 896 758 930 paffim
774 905 802 922 111
814 894 886 922 Livii
897 894 1004 922 historia
1017 893 1114 931 legitur
1127 914 1133 924 ‚
1164 893 1208 920 ubi
1219 893 1253 919 de
1265 891 1380 931 suffeffis
1395 892 1422 919 111
1436 892 1645 920 demortuorum

58 932 151 961 locum
162 931 332 967 sacerdotibus
349 933 475 969 loquitur.
516 935 614 960 Munus
634 932 905 967 horum‘ſsuera'otum
926 932 999 969 quod
1020 932 1100 960 fuerit
1113 952 1120 963 ‚
1150 941 1181 959 ex
1203 931 1233 958 iis
1253 927 1366 968 Dionifii
1378 951 1385 961 ,
1413 940 1471 968 quae
1491 931 1645 963 attulimus²

61 971 150 999 verbis
164 971 224 999 fiatis
236 969 393 1008 intelligitur
406 991 413 1002 ‚
434 970 560 999 videlicet
573 971 654 999 libros
668 970 798 1008 Sibyllinos
812 971 957 1002 custodire,
979 979 1043 997 cum
1055 980 1089 998 ex
1105 971 1130 996 S.
1145 971 1177 996 C.
1192 968 1306 996 adeundi
1319 968 1416 1000 efflent,
1436 969 1523 1001 adire,
1545 971 1571 998 &
1588 978 1646 1006 quae

61 1008 185 1047 legifl‘ent
200 1030 208 1041 ,
235 1010 341 1037 Senatui
360 1010 512 1038 renuntiare
526 1031 534 1042 ,
563 1012 589 1038 &
609 1019 639 1037 ea
660 1011 686 1037 S.
702 1011 734 1037 C.
748 1010 856 1037 decreta
869 1017 1013 1047 procurare
1026 1029 1034 1040 ,
1060 1008 1130 1034 ludos
1141 1007 1271 1034 Seculare:
1284 1006 1416 1046 celebrare
1430 1028 1437 1039 ‚
1467 1009 1494 1036 ἃ
1508 1007 1647 1044 postremo

62 1048 154 1076 omnia
172 1057 298 1085 peragere
311 1067 319 1079 ,
345 1055 403 1084 quae
421 1045 595 1086 Sibyllinorum
615 1049 767 1076 carminum
786 1047 854 1084 juffu
874 1047 992 1076 facienda
1011 1053 1100 1077 erant,
1119 1046 1146 1073 id
1169 1045 1241 1083 quod
1259 1052 1356 1081 praeter
1375 1044 1533 1084 Dionysium,
1555 1047 1581 1073 Sc
1601 1044 1647 1072 Li-

59 1084 146 1118 vium,
165 1085 313 1117 Suetonius,
333 1084 450 1117 Tacitus,
471 1088 498 1115 ὃς
518 1085 562 1114 alii
580 1086 688 1115 docent.
728 1085 807 1114 Libet
823 1093 917 1114 tamen
937 1085 990 1113 hoc
1010 1085 1072 1112 loco
1086 1084 1184 1112 addere
1195 1082 1313 1111 Varronis
1325 1082 1418 1111 locum
1432 1085 1466 1111 de
1479 1082 1553 1111 libris
1569 1082 1647 1120 Sibyl-

14 1136 17 1152 1
60 1123 120 1152 linis
140 1126 166 1152 ὃς
187 1122 304 1160 sibyllis,
325 1123 370 1160 qui
389 1130 462 1151 extat
480 1124 549 1160 apud
569 1123 737 1152 morantium
756 1123 919 1151 Firmianum
937 1123 1007 1151 libro
1024 1123 1116 1159 primo
1137 1122 1297 1152 Divinarum
1316 1122 1516 1150 Institutionum
1530 1142 1538 1153 ‚
1559 1122 1648 1158 capite

14 1159 17 1191 1
61 1161 159 1190 sexto:
188 1160 298 1198 Sibyllini
317 1160 392 1191 libri,
411 1161 512 1196 inquit,
532 1171 588 1189 non
607 1162 716 1189 fuerunt
735 1162 812 1188 unius
835 1162 956 1197 Sibyllae:
982 1161 1025 1188 sed
1047 1160 1211 1196 appellantur
1230 1169 1285 1186 uno
1299 1160 1411 1186 nomine
1425 1158 1551 1197 Srbjllini,
1573 1159 1648 1196 quod

64 1209 162 1227 omnes
182 1199 303 1226 foeminae
323 1204 396 1224 vates
416 1196 507 1233 Sibylla
522 1197 580 1225 sunt
592 1197 606 1225 a
620 1197 752 1225 veteribus
765 1206 938 1234 nuncupatae,
958 1197 1001 1224 vel
1015 1198 1047 1224 ab
1061 1198 1139 1224 unius
1153 1196 1292 1233 Delphidis
1304 1197 1430 1227 nomine,
1451 1197 1493 1224 vel
1506 1196 1520 1224 a
1535 1196 1649 1225 confiliis

65 1237 181 1265 deorum
202 1233 395 1262 denuntiandiS.
436 1239 488 1263 Σιές
509 1235 582 1262 enim
601 1238 667 1262 Deos
679 1256 689 1268 ,
716 1244 771 1263 non
791 1240 867 1268 Θιιές,
895 1238 922 1264 ὅτ.
942 1234 1082 1263 confilium
1101 1244 1158 1262 non
1182 1239 1252 1267 sszmh
1272 1256 1279 1266 ,
1305 1231 1350 1261 sed
1371 1239 1440 1266 emh
1458 1234 1624 1271 appellabant
1638 1254 1648 1266 ‚

66 1274 172 1302 AEolico
190 1282 289 1311 genere
307 1271 454 1303 sermonis,
473 1272 562 1309 itaque
583 1272 672 1311 &blla
690 1272 761 1301 dieta
779 1274 831 1305 est,
852 1273 923 1310 quasi
942 1278 1049 1303 eacan.
1092 1273 1227 1300 Caetetum
1248 1271 1341 1308 Sibylla
1353 1272 1448 1300 decem
1462 1282 1578 1300 numero
1591 1272 1649 1300 fue-

17 1318 19 1323 ·
64 1320 137 1340 runt.
177 1312 267 1340 Prima
288 1310 339 1337 fuit
358 1310 392 1336 de
412 1308 505 1347 Perfit,
527 1310 602 1346 cujus
622 1311 793 1339 mentionem
814 1310 879 1338 feeit
897 1311 1019 1343 Nicanor,
1043 1320 1100 1347 quae
1114 1320 1154 1339 res
1168 1311 1251 1347 gestas
1265 1309 1412 1337 Alexandri
1425 1311 1523 1337 Maced.
1539 1310 1648 1347 scripfit.
1666 1331 1670 1333 Δ

64 1349 186 1378 Secunda
205 1348 294 1387 Libyca
307 1368 314 1379 ‚
336 1347 410 1383 cujus
430 1347 558 1380 memjm't
569 1346 702 1382 Euripides
715 1349 742 1375 111
758 1350 859 1376 Lamiae
874 1348 997 1385 prologo.
1037 1349 1130 1377 Tertia
1143 1347 1274 1382 Delphica,
1294 1348 1327 1375 de
1341 1357 1392 1384 qua
1406 1347 1547 1386 Chrysippus
1560 1348 1648 1385 loqui-

65 1394 112 1415 tur
125 1388 153 1416 in
166 1397 199 1415 eo
212 1386 296 1417 libro,
316 1394 398 1422 quem
411 1385 445 1412 de
458 1385 630 1412 Divinatione
643 1385 805 1423 composuit.
844 1387 946 1423 Qarta
959 1389 1078 1418 Cumaea,
1099 1387 1126 1414 in
1142 1386 1230 1418 Italia,
1251 1394 1334 1422 quam
1347 1384 1448 1413 Narim
1463 1388 1490 1413 in
1502 1386 1575 1414 libris
1583 1386 1648 1414 belli

64 1425 173 1457 Punici,
193 1424 248 1459 Pift
262 1425 289 1451 in
302 1422 447 1451 Annalibus
466 1423 598 1451 nominat.
640 1424 742 1461 Qnta
756 1424 894 1462 Eryrhraea,
916 1433 996 1461 quarn
1009 1424 1173 1458 Apollodorus
1185 1424 1335 1460 Erythraeus
1352 1424 1468 1452 affirmat
1483 1424 1555 1451 suam
1572 1424 1648 1452 fuiffe

63 1464 153 1490 civem
168 1474 173 1490 z
194 1471 307 1498 eamque
327 1461 416 1496 Grajis
430 1460 509 1488 nium
522 1461 674 1497 petentibus
688 1462 857 1490 vaticinatam
874 1483 883 1494 ‚
910 1464 937 1490 ὃς
951 1463 1099 1499 perituram
1115 1463 1165 1490 esse
1179 1463 1293 1498 Trojam
1308 1482 1315 1493 ‚
1342 1464 1370 1490 δ’,
1383 1465 1522 1489 Homerum
1536 1464 1646 1490 menda-

60 1501 101 1529 cia
114 1500 282 1537 scripturum.
320 1500 398 1527 Sexta
412 1498 498 1526 Samia
513 1520 521 1531 ,
542 1500 577 1527 de
590 1508 641 1537 qua
656 1499 756 1536 scripsit
768 1498 940 1536 Eratosthenes
951 1520 960 1535 ‚
987 1502 1016 1528 in
1029 1502 1144 1537 antiquis
1158 1500 1302 1529 Annalibus
1317 1500 1470 1526 Samiorum
1483 1500 1607 1536 reperiffe
1622 1500 1648 1528 se

60 1538 199 1574 scriptum.
237 1538 358 1574 Septima
383 1541 521 1570 Cumana,
547 1539 660 1566 nomine
685 1537 840 1569 Amalthea,
869 1547 925 1575 quae
950 1538 982 1565 ab
1001 1538 1057 1566 aliis
1076 1538 1220 1573 Demophile
1233 1559 1241 1570 ,
1270 1537 1311 1565 vel
1331 1538 1462 1571 Herophrle
1481 1539 1646 1568 nominatur.

63 1578 102 1604 Ea
116 1586 217 1603 novem
230 1575 313 1603 libros
326 1576 415 1604 attulit
428 1576 460 1603 ad
476 1578 582 1614 Regem
598 1575 769 1615 Tarquinium
783 1575 910 1610 Prifium,
929 1586 959 1604 ac
972 1585 1022 1613 pro
1036 1577 1072 1604 eis
1086 1585 1220 1605 trecentos
1235 1575 1387 1613 Philippeos
1401 1576 1550 1611 postulavit.
1585 1579 1645 1606 Rex

62 1614 213 1651 aspernatus
230 1614 310 1650 pretii
331 1614 547 1651 magnitudinem
562 1635 571 1646 ,
595 1615 682 1644 derint
696 1614 814 1642 mulieris
828 1614 964 1642 inianiam.
1006 1615 1053 1643 Illa
1065 1616 1093 1643 in
1111 1615 1255 1652 conspeetu
1269 1615 1352 1652 Regis
1366 1622 1420 1642 tres
1433 1614 1576 1642 combuffit
1590 1626 1595 1642 :
1615 1625 1646 1643 ac

63 1662 114 1689 pro
134 1652 241 1689 reliquis
260 1652 334 1679 idem
353 1654 471 1689 pretium
490 1652 640 1689 postulavit.
679 1651 836 1691 Tarquinius
856 1653 944 1681 multo
958 1655 1045 1691 magis
1059 1654 1203 1681 mulierem
1216 1652 1328 1681 insanire
1340 1652 1443 1690 putavit
1457 1672 1464 1683 ,
1485 1662 1542 1689 quae
1555 1652 1645 1681 denuo

64 1690 149 1719 tribus
162 1690 217 1718 aliis
231 1691 339 1722 exustis,
358 1700 422 1718 cum
436 1690 464 1718 111
477 1691 575 1719 codem
589 1692 677 1728 pretio
689 1691 882 1728 perseveraret,
903 1699 993 1719 motus
1006 1692 1043 1719 est
1057 1693 1131 1723 Rex,
1152 1701 1182 1720 ac
1195 1691 1311 1718 refiduos
1325 1691 1449 1718 trecentis
1462 1691 1545 1717 aureis
1561 1692 1644 1719 emit:

19 1738 24 1754 ἕ
63 1738 182 1767 quorum
195 1730 284 1766 postea
295 1738 423 1757 numerus
437 1729 473 1756 est
485 1729 576 1757 auctus
590 1750 596 1761 ‚
625 1729 748 1764 Capitolio
762 1729 864 1757 refecto
875 1750 882 1761 ‚
910 1730 982 1767 qued
996 1740 1029 1758 ex
1044 1730 1171 1758 omnibus
1183 1729 1333 1757 civitatibus
1347 1731 1373 1756 8<
1388 1728 1483 1756 Italicis
1496 1749 1504 1760 ,
1526 1731 1552 1756 ἃ
1570 1731 1643 1757 Grae-

19 1761 24 1783 ³
64 1769 116 1800 cis,
136 1769 163 1795 ἃ
183 1767 313 1803 praeeipue
331 1767 461 1804 Erythras
481 1768 580 1800 coaffl,
600 1768 721 1805 allatique
740 1767 799 1795 sunt
814 1769 950 1800 Romam,
972 1768 1163 1805 cujuscumque
1176 1766 1268 1803 Sibylla
1281 1767 1394 1794 nomine
1407 1766 1523 1794 fuerunt.
1563 1768 1644 1795 Oeta-

62 1814 97 1833 va
116 1804 306 1839 Hellqlponttca,
326 1807 354 1833 in
374 1814 440 1843 agro
457 1806 579 1842 Trojano
598 1815 673 1838 nata,
691 1807 753 1833 vico
773 1806 922 1842 Marpeffo,
943 1808 1012 1834 circa
1025 1807 1155 1844 oppidum
1171 1804 1343 1843 Girgithmm:
1363 1814 1445 1841 quam
1459 1804 1547 1832 scribit.
1561 1809 1644 1832 Hera-

21 1857 26 1879 2
63 1843 138 1870 clides
157 1843 286 1875 Ponticus,
309 1843 413 1871 Solonis
434 1847 461 1873 δε
484 1845 549 1880 Cyri
563 1844 636 1871 fuiffe
650 1844 826 1881 temporibus.
862 1846 943 1872 Nona
956 1846 1077 1883 Phqgm.
1101 1854 1158 1882 quae
1169 1845 1311 1872 vaticinata
1326 1843 1362 1870 est
1375 1845 1495 1879 Ancyrae.
1527 1843 1642 1872 Decima

22 1886 25 1891 '
66 1879 171 1913 Tiburs,
190 1883 302 1909 nomine
322 1881 455 1913 Albunea,
476 1883 635 1919 quaeTiburi
643 1882 740 1911 colitur
759 1884 867 1914 utDea,
888 1883 964 1919 juxta
976 1884 1044 1920 ripas
1053 1884 1139 1911 amnis
1156 1881 1280 1909 Anienis:
1302 1881 1524 1918 cujusingurgite
1539 1881 1644 1909 111111113-

22 1935 26 1953 5
67 1918 162 1947 chmm
183 1919 238 1955 ejus
259 1921 401 1948 inventum
414 1920 465 1948 ess‘e
478 1921 590 1952 dicitur,
610 1928 702 1948 tenens
715 1922 743 1948 in
758 1930 840 1948 manu
854 1920 952 1950 librum
961 1940 968 1950 ,
986 1922 1060 1958 cujus
1073 1921 1142 1948 sacra
1156 1923 1265 1947 Senatus
1280 1921 1308 1946 in
1321 1920 1488 1955 Capitolium
1503 1920 1642 1949 transtulit.

22 1961 25 1985 1
67 1957 151 1985 Addit
169 1958 318 1985 LadJamius
332 1970 340 1985 .-
367 1961 472 1986 Harum
492 1959 618 1986 omnium
639 1958 791 1997 Sibyllarum
805 1960 924 1986 carmina
940 1961 966 1987 δε
980 1958 1115 1991 feruntur,
1137 1961 1163 1987 &
1176 1957 1319 1987 habentur,
1339 1965 1515 1994 praeterquam
1529 1962 1642 1991 Carnu,

22 2007 25 2020 s
66 1995 141 2031 611305
161 1994 221 2021 libri
234 1994 248 2022 ὲ
262 1997 392 2024 Romanis
409 1995 566 2025 occuluntur
581 2008 586 2023 :
612 2007 662 2024 nec
675 2006 721 2023 eos
735 1997 782 2024 nisi
797 1996 810 2024 31
825 1996 1040 2034 Qindecimmris
1053 1997 1143 2033 infpici
1157 1996 1195 2023 fas
1210 1995 1254 2022 est.
1295 1996 1329 2022 Et
1343 1994 1402 2022 sunt
1415 1995 1577 2032 lingularum
1591 1997 1641 2025 lin-

65 2033 121 2071 guli
141 2032 217 2059 libri:
238 2034 298 2070 qui,
318 2036 377 2072 quia
397 2034 490 2073 Sibylla
510 2036 623 2062 nomine
639 2034 816 2063 inscribuntur
828 2055 836 2066 ,
855 2035 933 2061 unius
955 2034 1006 2060 effe
1025 2043 1183 2064 creauntur,
1204 2033 1317 2070 suntque
1337 2031 1458 2065 confini,
1477 2043 1527 2062 nec
1546 2034 1641 2062 discer-

66 2071 112 2103 ni,
132 2081 162 2099 ac
176 2069 252 2098 suum
266 2073 359 2109 cuique
371 2074 491 2110 assignari
505 2073 604 2109 potest,
626 2081 721 2110 praeter
737 2073 861 2110 Erythran
877 2082 883 2098 ε
906 2081 963 2109 quae
977 2075 1002 2100 ἃ
1017 2082 1118 2099 nomen
1131 2071 1206 2099 stium
1221 2072 1335 2099 carmini
1348 2080 1442 2099 verum
1456 2071 1563 2100 inseruit
1577 2083 1582 2100 ·.
1612 2076 1639 2102 δ’.

66 2110 218 2147 Erythraeam
231 2108 257 2136 se
273 2111 442 2138 nominatum
462 2112 509 2142 iri,
524 2111 667 2148 111-,1106013
681 2112 717 2139 est
732 2122 737 2137 ·.
766 2120 828 2138 cum
850 2110 912 2138 esset
931 2118 990 2138 orta
1005 2110 1156 2146 Babyloniae
1166 2131 1174 2141 ,
1201 2112 1252 2138 &c.
1267 2112 1292 2138 ἃ
1306 2108 1386 2146 paulo
1399 2110 1457 2147 post
1470 2110 1504 2137 de
1516 2111 1640 2143 Erythram

66 2147 143 2184 plura
163 2146 243 2174 verba
260 2146 358 2176 faciens
379 2150 484 2177 adducit
503 2149 663 2187 Fenestellam
683 2151 716 2178 de
737 2149 948 2187 Qidecimviris
969 2149 1002 2175 116
1023 2148 1204 2176 scribentem:
1232 2149 1364 2176 Restituto
1379 2148 1514 2184 capitolio
1525 2147 1640 2176 retulim-

64 2186 97 2213 ad
125 2187 251 2212 Senatum
273 2189 306 2212 C·
323 2187 456 2215 Curionem
477 2188 622 2216 Consulem
636 2208 644 2220 ,
670 2197 700 2216 ut
721 2188 800 2225 legati
820 2188 937 2223 Erythras
958 2188 1150 2218 mitterentur,
1177 2187 1224 2224 qui
1241 2186 1358 2214 carmina
1386 2186 1476 2224 814leae
1496 2190 1640 2224 conplura

65 2224 189 2251 Romam
209 2223 387 2260 deportarent.
424 2226 517 2263 ltaque
529 2226 621 2254 miffos
635 2226 687 2254 ess'e
700 2231 730 2253 P.
748 2224 898 2257 Gabinmm,
919 2230 957 2252 M.
971 2224 1109 2252 Otacilium
1118 2246 1125 2257 ‚
1144 2229 1174 2252 L.
1188 2224 1327 2256 Valerium,
1348 2225 1392 2261 qui
1406 2224 1549 2261 descriptos
1561 2226 1574 2252 a
1588 2229 1641 2262 *fri-

65 2262 131 2289 vatis
146 2260 234 2289 versus
248 2263 354 2290 circiter
367 2262 440 2290 mille
453 2265 574 2292 Romam
589 2265 769 2301 deportarunt.
796 2264 930 2291 Haitenus
942 2262 1099 2290 Laclantius.
1120 2264 1162 2290 De
1177 2264 1294 2300 Augusto
1308 2264 1474 2299 Imperatore
1486 2263 1576 2291 scribit
1591 2269 1640 2292 Tn-

64 2298 129 2326 citus
146 2299 214 2327 libro
233 2299 309 2328 sexto
331 2301 425 2329 Annal.
439 2311 500 2329 cum
522 2312 555 2329 eo
569 2311 692 2339 tempore
707 2302 792 2330 multa
805 2311 871 2329 rana
884 2302 996 2328 nomine
1009 2301 1168 2337 Sibyllarum
1180 2301 1311 2330 ferrentur
1323 2321 1331 2330 ‚
1356 2301 1452 2337 30111116
1466 2322 1473 2332 ,
1501 2311 1561 2328 eum
1577 2312 1640 2330 con-

6 2356 27 2368 ..
67 2337 160 2376 quisita
182 2339 277 2375 Samo„
295 2333 409 2377 fa‘ythris
424 2359 433 2371 ‚
451 2340 508 2372 Ilio,
529 2339 634 2376 Africa,
656 2343 683 2370 ὃς
702 2350 749 2377 per
764 2338 867 2367 Italicas
883 2339 998 2368 colonias
1011 2341 1130 2368 carmina
1143 2340 1212 2368 intra
1224 2348 1330 2369 certum
1344 2340 1420 2368 diem
1432 2340 1466 2367 ad
1481 2339 1640 2368 Praefectum

1562 2381 1640 2406 Urnis
