<?xml version="1.0" encoding="UTF-8"?>
<!DOCTYPE html PUBLIC "-//W3C//DTD XHTML 1.0 Transitional//EN"
    "http://www.w3.org/TR/xhtml1/DTD/xhtml1-transitional.dtd">
<html xmlns="http://www.w3.org/1999/xhtml" xml:lang="en" lang="en">
 <head>
  <title>
</title>
<meta http-equiv="Content-Type" content="text/html;charset=utf-8" />
  <meta name='ocr-system' content='tesseract 3.04.00' />
  <meta name='ocr-capabilities' content='ocr_page ocr_carea ocr_par ocr_line ocrx_word'/>
</head>
<body>
  <div class='ocr_page' id='page_1' title='image "./johannisrosinian00rosi/johannisrosinian00rosi_0441.png"; bbox 0 0 2075 2734; ppageno 0'>
   <div class='ocr_carea' id='block_1_1' title="bbox 555 111 1670 159">
    <p class='ocr_par' dir='ltr' id='par_1_1' title="bbox 555 111 1670 159">
     <span class='ocr_line' id='line_1_1' title="bbox 555 111 1670 159; baseline 0.004 -21"><span class='ocrx_word' id='word_1_1' title='bbox 555 111 583 138; x_wconf 92' lang='lat' dir='ltr'>D</span> <span class='ocrx_word' id='word_1_2' title='bbox 623 119 638 138; x_wconf 84' lang='grc' dir='ltr'>ε</span> <span class='ocrx_word' id='word_1_3' title='bbox 695 111 722 137; x_wconf 87' lang='grc' dir='ltr'>Τ</span> <span class='ocrx_word' id='word_1_4' title='bbox 763 119 782 136; x_wconf 90' lang='grc' dir='ltr'>υ</span> <span class='ocrx_word' id='word_1_5' title='bbox 821 119 841 137; x_wconf 67' lang='lat' dir='ltr'>x</span> <span class='ocrx_word' id='word_1_6' title='bbox 880 119 890 137; x_wconf 93' lang='lat'>1</span> <span class='ocrx_word' id='word_1_7' title='bbox 931 120 947 138; x_wconf 89' lang='lat' dir='ltr'>c</span> <span class='ocrx_word' id='word_1_8' title='bbox 990 120 1019 138; x_wconf 79' lang='grc' dir='ltr'>Α.</span> <span class='ocrx_word' id='word_1_9' title='bbox 1062 113 1207 150; x_wconf 72' lang='lat' dir='ltr'>Car.3,3.</span> <span class='ocrx_word' id='word_1_10' title='bbox 1615 131 1670 159; x_wconf 82' lang='lat'>407</span> 
     </span>
    </p>
   </div>
   <div class='ocr_carea' id='block_1_2' title="bbox 76 158 1670 1982">
    <p class='ocr_par' dir='ltr' id='par_1_2' title="bbox 87 158 1670 574">
     <span class='ocr_line' id='line_1_2' title="bbox 133 158 1670 207; baseline 0.005 -18"><span class='ocrx_word' id='word_1_11' title='bbox 133 162 168 189; x_wconf 88' lang='lat' dir='ltr'>Et</span> <span class='ocrx_word' id='word_1_12' title='bbox 187 158 270 187; x_wconf 75' lang='lat' dir='ltr'>Cicero</span> <span class='ocrx_word' id='word_1_13' title='bbox 287 161 366 188; x_wconf 76' lang='lat' dir='ltr'>Verri</span> <span class='ocrx_word' id='word_1_14' title='bbox 379 160 487 196; x_wconf 84' lang='lat' dir='ltr'>objicit,</span> <span class='ocrx_word' id='word_1_15' title='bbox 507 160 580 198; x_wconf 89' lang='lat' dir='ltr'>quod</span> <span class='ocrx_word' id='word_1_16' title='bbox 595 160 624 187; x_wconf 83' lang='lat' dir='ltr'>in</span> <span class='ocrx_word' id='word_1_17' title='bbox 637 159 745 187; x_wconf 88' lang='lat' dir='ltr'>officina</span> <span class='ocrx_word' id='word_1_18' title='bbox 762 158 853 187; x_wconf 82' lang='lat' dir='ltr'>sedere</span> <span class='ocrx_word' id='word_1_19' title='bbox 866 159 956 199; x_wconf 81' lang='lat' dir='ltr'>solitus</span> <span class='ocrx_word' id='word_1_20' title='bbox 970 160 1000 188; x_wconf 85' lang='lat' dir='ltr'>fit</span> <span class='ocrx_word' id='word_1_21' title='bbox 1015 170 1077 188; x_wconf 87' lang='lat' dir='ltr'>cum</span> <span class='ocrx_word' id='word_1_22' title='bbox 1090 161 1172 196; x_wconf 86' lang='lat' dir='ltr'>pallio</span> <span class='ocrx_word' id='word_1_23' title='bbox 1183 183 1191 194; x_wconf 87' lang='lat'>,</span> <span class='ocrx_word' id='word_1_24' title='bbox 1221 165 1248 192; x_wconf 88' lang='lat'>&amp;</span> <span class='ocrx_word' id='word_1_25' title='bbox 1261 163 1348 191; x_wconf 83' lang='lat' dir='ltr'>tunica</span> <span class='ocrx_word' id='word_1_26' title='bbox 1355 165 1437 199; x_wconf 82' lang='lat' dir='ltr'>pulla.</span> <span class='ocrx_word' id='word_1_27' title='bbox 1476 168 1546 196; x_wconf 85' lang='lat' dir='ltr'>Vide</span> <span class='ocrx_word' id='word_1_28' title='bbox 1559 166 1670 207; x_wconf 83' lang='lat' dir='ltr'>Justum</span> 
     </span>
     <span class='ocr_line' id='line_1_3' title="bbox 91 196 1669 237; baseline 0.01 -17"><span class='ocrx_word' id='word_1_29' title='bbox 91 196 202 234; x_wconf 63' lang='lat' dir='ltr'>lipsium</span> <span class='ocrx_word' id='word_1_30' title='bbox 219 197 288 225; x_wconf 77' lang='lat' dir='ltr'>libro</span> <span class='ocrx_word' id='word_1_31' title='bbox 310 199 464 226; x_wconf 71' lang='lat' dir='ltr'>Elcstomm</span> <span class='ocrx_word' id='word_1_32' title='bbox 480 209 501 227; x_wconf 81' lang='lat'>1,</span> <span class='ocrx_word' id='word_1_33' title='bbox 522 207 580 234; x_wconf 76' lang='lat' dir='ltr'>cap.</span> <span class='ocrx_word' id='word_1_34' title='bbox 599 207 639 235; x_wconf 88' lang='lat'>¹3·</span> <span class='ocrx_word' id='word_1_35' title='bbox 677 197 762 224; x_wconf 62' lang='lat' dir='ltr'>Aldus</span> <span class='ocrx_word' id='word_1_36' title='bbox 781 201 915 224; x_wconf 69' lang='lat' dir='ltr'>Manutius</span> <span class='ocrx_word' id='word_1_37' title='bbox 935 206 1098 233; x_wconf 89' lang='lat' dir='ltr'>purpureum</span> <span class='ocrx_word' id='word_1_38' title='bbox 1113 201 1255 228; x_wconf 81' lang='lat' dir='ltr'>tunicarum</span> <span class='ocrx_word' id='word_1_39' title='bbox 1270 202 1390 230; x_wconf 85' lang='lat' dir='ltr'>colorem</span> <span class='ocrx_word' id='word_1_40' title='bbox 1404 203 1525 233; x_wconf 83' lang='lat' dir='ltr'>defendit</span> <span class='ocrx_word' id='word_1_41' title='bbox 1537 205 1583 234; x_wconf 91' lang='lat' dir='ltr'>lib.</span> <span class='ocrx_word' id='word_1_42' title='bbox 1595 218 1620 235; x_wconf 89' lang='lat'>2.</span> <span class='ocrx_word' id='word_1_43' title='bbox 1634 210 1669 237; x_wconf 87' lang='lat' dir='ltr'>de</span> 
     </span>
     <span class='ocr_line' id='line_1_4' title="bbox 92 233 1664 278; baseline 0.006 -15"><span class='ocrx_word' id='word_1_44' title='bbox 92 236 212 273; x_wconf 80' lang='lat' dir='ltr'>Qaefitis</span> <span class='ocrx_word' id='word_1_45' title='bbox 231 244 280 272; x_wconf 87' lang='lat' dir='ltr'>per</span> <span class='ocrx_word' id='word_1_46' title='bbox 297 238 434 272; x_wconf 82' lang='lat' dir='ltr'>epistolam</span> <span class='ocrx_word' id='word_1_47' title='bbox 448 236 555 273; x_wconf 80' lang='lat' dir='ltr'>epistola</span> <span class='ocrx_word' id='word_1_48' title='bbox 565 245 590 262; x_wconf 89' lang='lat'>2.</span> <span class='ocrx_word' id='word_1_49' title='bbox 617 233 712 262; x_wconf 84' lang='lat' dir='ltr'>Scribit</span> <span class='ocrx_word' id='word_1_50' title='bbox 724 243 807 271; x_wconf 89' lang='lat' dir='ltr'>porro</span> <span class='ocrx_word' id='word_1_51' title='bbox 821 234 968 261; x_wconf 73' lang='lat' dir='ltr'><em>Plutarchus</em></span> <span class='ocrx_word' id='word_1_52' title='bbox 982 256 988 267; x_wconf 85' lang='lat'><em>,</em></span> <span class='ocrx_word' id='word_1_53' title='bbox 1016 237 1148 264; x_wconf 84' lang='lat' dir='ltr'>Catonem</span> <span class='ocrx_word' id='word_1_54' title='bbox 1164 239 1298 274; x_wconf 78' lang='lat' dir='ltr'>majorem</span> <span class='ocrx_word' id='word_1_55' title='bbox 1313 250 1360 277; x_wconf 84' lang='lat' dir='ltr'>per</span> <span class='ocrx_word' id='word_1_56' title='bbox 1375 240 1504 278; x_wconf 82' lang='lat' dir='ltr'><strong>hyemem</strong></span> <span class='ocrx_word' id='word_1_57' title='bbox 1518 243 1604 272; x_wconf 82' lang='lat' dir='ltr'>tunica</span> <span class='ocrx_word' id='word_1_58' title='bbox 1619 257 1664 273; x_wconf 83' lang='lat' dir='ltr'>ex-</span> 
     </span>
     <span class='ocr_line' id='line_1_5' title="bbox 90 271 1668 316; baseline 0.006 -15"><span class='ocrx_word' id='word_1_59' title='bbox 90 272 174 300; x_wconf 81' lang='lat' dir='ltr'>omide</span> <span class='ocrx_word' id='word_1_60' title='bbox 186 274 291 309; x_wconf 82' lang='lat' dir='ltr'>sumpta</span> <span class='ocrx_word' id='word_1_61' title='bbox 304 284 351 311; x_wconf 85' lang='lat' dir='ltr'>per</span> <span class='ocrx_word' id='word_1_62' title='bbox 365 276 478 303; x_wconf 86' lang='lat' dir='ltr'>aestatem</span> <span class='ocrx_word' id='word_1_63' title='bbox 488 274 591 301; x_wconf 90' lang='lat' dir='ltr'>nudum</span> <span class='ocrx_word' id='word_1_64' title='bbox 606 281 672 309; x_wconf 89' lang='lat' dir='ltr'>opus</span> <span class='ocrx_word' id='word_1_65' title='bbox 687 273 714 299; x_wconf 90' lang='lat' dir='ltr'>in</span> <span class='ocrx_word' id='word_1_66' title='bbox 727 281 793 310; x_wconf 83' lang='lat' dir='ltr'>agro</span> <span class='ocrx_word' id='word_1_67' title='bbox 806 271 958 308; x_wconf 76' lang='lat' dir='ltr'>perfeciil‘e,</span> <span class='ocrx_word' id='word_1_68' title='bbox 980 275 1031 301; x_wconf 65' lang='grc' dir='ltr'>ἃς.</span> <span class='ocrx_word' id='word_1_69' title='bbox 1065 272 1183 308; x_wconf 68' lang='lat' dir='ltr'>Jurenes</span> <span class='ocrx_word' id='word_1_70' title='bbox 1197 277 1318 304; x_wconf 69' lang='lat' dir='ltr'>tunicatos</span> <span class='ocrx_word' id='word_1_71' title='bbox 1332 279 1359 305; x_wconf 90' lang='lat' dir='ltr'>in</span> <span class='ocrx_word' id='word_1_72' title='bbox 1375 289 1472 316; x_wconf 88' lang='lat' dir='ltr'>campo</span> <span class='ocrx_word' id='word_1_73' title='bbox 1486 280 1512 308; x_wconf 64' lang='lat' dir='ltr'>fi:</span> <span class='ocrx_word' id='word_1_74' title='bbox 1526 285 1668 312; x_wconf 74' lang='lat' dir='ltr'>exercuisse</span> 
     </span>
     <span class='ocr_line' id='line_1_6' title="bbox 90 309 1668 356; baseline 0.007 -18"><span class='ocrx_word' id='word_1_75' title='bbox 90 310 218 347; x_wconf 79' lang='lat' dir='ltr'>scriprum</span> <span class='ocrx_word' id='word_1_76' title='bbox 238 312 274 339; x_wconf 80' lang='lat' dir='ltr'>cst</span> <span class='ocrx_word' id='word_1_77' title='bbox 294 313 363 349; x_wconf 83' lang='lat' dir='ltr'>apud</span> <span class='ocrx_word' id='word_1_78' title='bbox 383 312 523 340; x_wconf 81' lang='lat' dir='ltr'><em>Ciceronem</em></span> <span class='ocrx_word' id='word_1_79' title='bbox 542 312 570 338; x_wconf 91' lang='lat' dir='ltr'>in</span> <span class='ocrx_word' id='word_1_80' title='bbox 583 309 775 343; x_wconf 64' lang='lat' dir='ltr'>Cluemiana..</span> <span class='ocrx_word' id='word_1_81' title='bbox 787 310 952 338; x_wconf 79' lang='lat' dir='ltr'>Plebeculam</span> <span class='ocrx_word' id='word_1_82' title='bbox 969 321 1035 338; x_wconf 79' lang='lat' dir='ltr'>vero</span> <span class='ocrx_word' id='word_1_83' title='bbox 1048 312 1202 340; x_wconf 82' lang='lat' dir='ltr'>Romanam</span> <span class='ocrx_word' id='word_1_84' title='bbox 1217 314 1357 342; x_wconf 78' lang='lat' dir='ltr'><em>tunicatam</em></span> <span class='ocrx_word' id='word_1_85' title='bbox 1371 318 1498 346; x_wconf 77' lang='lat' dir='ltr'>incessisse</span> <span class='ocrx_word' id='word_1_86' title='bbox 1512 319 1668 356; x_wconf 85' lang='lat' dir='ltr'>fignificavit</span> 
     </span>
     <span class='ocr_line' id='line_1_7' title="bbox 89 347 1667 391; baseline 0.007 -16"><span class='ocrx_word' id='word_1_87' title='bbox 89 348 213 376; x_wconf 78' lang='lat' dir='ltr'><em>Horatius</em></span> <span class='ocrx_word' id='word_1_88' title='bbox 227 371 234 382; x_wconf 95' lang='lat'><strong>‚</strong></span> <span class='ocrx_word' id='word_1_89' title='bbox 261 359 324 378; x_wconf 88' lang='lat' dir='ltr'>cum</span> <span class='ocrx_word' id='word_1_90' title='bbox 342 349 481 388; x_wconf 74' lang='lat' dir='ltr'>popellum</span> <span class='ocrx_word' id='word_1_91' title='bbox 500 358 562 377; x_wconf 88' lang='lat' dir='ltr'>eum</span> <span class='ocrx_word' id='word_1_92' title='bbox 584 347 727 375; x_wconf 74' lang='lat' dir='ltr'>tunicatum</span> <span class='ocrx_word' id='word_1_93' title='bbox 746 349 861 376; x_wconf 86' lang='lat' dir='ltr'>vocavit.</span> <span class='ocrx_word' id='word_1_94' title='bbox 902 350 973 375; x_wconf 88' lang='lat' dir='ltr'>Cum</span> <span class='ocrx_word' id='word_1_95' title='bbox 994 358 1060 386; x_wconf 87' lang='lat' dir='ltr'>ergo</span> <span class='ocrx_word' id='word_1_96' title='bbox 1080 350 1151 388; x_wconf 80' lang='lat' dir='ltr'>cives</span> <span class='ocrx_word' id='word_1_97' title='bbox 1173 361 1268 379; x_wconf 88' lang='lat' dir='ltr'>omnes</span> <span class='ocrx_word' id='word_1_98' title='bbox 1283 355 1403 383; x_wconf 82' lang='lat' dir='ltr'>Romani</span> <span class='ocrx_word' id='word_1_99' title='bbox 1415 355 1501 383; x_wconf 83' lang='lat' dir='ltr'>tunica</span> <span class='ocrx_word' id='word_1_100' title='bbox 1514 365 1667 391; x_wconf 86' lang='lat' dir='ltr'>uterentur,</span> 
     </span>
     <span class='ocr_line' id='line_1_8' title="bbox 90 384 1663 430; baseline 0.011 -23"><span class='ocrx_word' id='word_1_101' title='bbox 90 386 192 415; x_wconf 59' lang='lat' dir='ltr'>fastum</span> <span class='ocrx_word' id='word_1_102' title='bbox 212 389 247 416; x_wconf 77' lang='lat' dir='ltr'>est</span> <span class='ocrx_word' id='word_1_103' title='bbox 261 408 269 419; x_wconf 77' lang='lat'>,</span> <span class='ocrx_word' id='word_1_104' title='bbox 294 397 323 416; x_wconf 71' lang='lat' dir='ltr'>ut</span> <span class='ocrx_word' id='word_1_105' title='bbox 342 388 426 415; x_wconf 69' lang='lat' dir='ltr'>tunica</span> <span class='ocrx_word' id='word_1_106' title='bbox 443 385 540 413; x_wconf 77' lang='lat' dir='ltr'><em>ordines</em></span> <span class='ocrx_word' id='word_1_107' title='bbox 551 384 720 420; x_wconf 68' lang='lat' dir='ltr'>distinxerint.</span> <span class='ocrx_word' id='word_1_108' title='bbox 761 387 834 414; x_wconf 84' lang='lat' dir='ltr'>Nam</span> <span class='ocrx_word' id='word_1_109' title='bbox 844 387 973 421; x_wconf 66' lang='lat' dir='ltr'>senatores</span> <span class='ocrx_word' id='word_1_110' title='bbox 988 388 1014 414; x_wconf 62' lang='grc' dir='ltr'>δ’.</span> <span class='ocrx_word' id='word_1_111' title='bbox 1029 395 1123 424; x_wconf 71' lang='lat' dir='ltr'>equites</span> <span class='ocrx_word' id='word_1_112' title='bbox 1140 388 1254 416; x_wconf 71' lang='lat' dir='ltr'>tunicam</span> <span class='ocrx_word' id='word_1_113' title='bbox 1267 390 1394 419; x_wconf 71' lang='lat' dir='ltr'>clavatam</span> <span class='ocrx_word' id='word_1_114' title='bbox 1408 394 1551 423; x_wconf 85' lang='lat' dir='ltr'>induerunt</span> <span class='ocrx_word' id='word_1_115' title='bbox 1565 415 1573 425; x_wconf 81' lang='lat'><em>‚</em></span> <span class='ocrx_word' id='word_1_116' title='bbox 1594 397 1663 430; x_wconf 82' lang='lat' dir='ltr'><em>plebs</em></span> 
     </span>
     <span class='ocr_line' id='line_1_9' title="bbox 88 423 1662 471; baseline 0.014 -30"><span class='ocrx_word' id='word_1_117' title='bbox 88 423 184 451; x_wconf 50' lang='lat' dir='ltr'>,aqam</span> <span class='ocrx_word' id='word_1_118' title='bbox 195 445 202 455; x_wconf 54' lang='lat'><em>,</em></span> <span class='ocrx_word' id='word_1_119' title='bbox 231 429 257 454; x_wconf 65' lang='grc' dir='ltr'>ὃ(</span> <span class='ocrx_word' id='word_1_120' title='bbox 273 426 326 453; x_wconf 71' lang='lat' dir='ltr'>fine</span> <span class='ocrx_word' id='word_1_121' title='bbox 339 426 426 453; x_wconf 69' lang='lat' dir='ltr'>clavis,</span> <span class='ocrx_word' id='word_1_122' title='bbox 466 424 577 451; x_wconf 64' lang='lat' dir='ltr'>clavata</span> <span class='ocrx_word' id='word_1_123' title='bbox 590 423 676 451; x_wconf 78' lang='lat' dir='ltr'>tunica</span> <span class='ocrx_word' id='word_1_124' title='bbox 691 424 742 452; x_wconf 85' lang='lat' dir='ltr'>fuit</span> <span class='ocrx_word' id='word_1_125' title='bbox 753 445 761 457; x_wconf 94' lang='lat'>‚</span> <span class='ocrx_word' id='word_1_126' title='bbox 791 434 847 462; x_wconf 80' lang='lat' dir='ltr'>quae</span> <span class='ocrx_word' id='word_1_127' title='bbox 861 423 950 452; x_wconf 85' lang='lat' dir='ltr'>clavos</span> <span class='ocrx_word' id='word_1_128' title='bbox 963 433 1110 460; x_wconf 89' lang='lat' dir='ltr'>purpureos</span> <span class='ocrx_word' id='word_1_129' title='bbox 1124 426 1240 453; x_wconf 87' lang='lat' dir='ltr'>intextos</span> <span class='ocrx_word' id='word_1_130' title='bbox 1252 448 1258 458; x_wconf 93' lang='lat'>‚</span> <span class='ocrx_word' id='word_1_131' title='bbox 1285 428 1327 455; x_wconf 85' lang='lat' dir='ltr'>vel</span> <span class='ocrx_word' id='word_1_132' title='bbox 1342 431 1430 466; x_wconf 89' lang='lat' dir='ltr'>potius</span> <span class='ocrx_word' id='word_1_133' title='bbox 1443 431 1541 460; x_wconf 75' lang='lat' dir='ltr'>inlutos</span> <span class='ocrx_word' id='word_1_134' title='bbox 1555 453 1562 464; x_wconf 94' lang='lat'>,</span> <span class='ocrx_word' id='word_1_135' title='bbox 1590 436 1662 471; x_wconf 90' lang='lat' dir='ltr'>quod</span> 
     </span>
     <span class='ocr_line' id='line_1_10' title="bbox 87 461 1663 506; baseline 0.008 -18"><span class='ocrx_word' id='word_1_136' title='bbox 87 462 169 489; x_wconf 72' lang='lat' dir='ltr'>Aldus</span> <span class='ocrx_word' id='word_1_137' title='bbox 189 462 322 490; x_wconf 75' lang='lat' dir='ltr'>Manutius</span> <span class='ocrx_word' id='word_1_138' title='bbox 337 463 446 500; x_wconf 88' lang='lat' dir='ltr'>probat,</span> <span class='ocrx_word' id='word_1_139' title='bbox 466 461 572 491; x_wconf 82' lang='lat' dir='ltr'>habuit,</span> <span class='ocrx_word' id='word_1_140' title='bbox 591 470 637 491; x_wconf 89' lang='lat' dir='ltr'>aut</span> <span class='ocrx_word' id='word_1_141' title='bbox 653 462 737 495; x_wconf 79' lang='lat' dir='ltr'>latos,</span> <span class='ocrx_word' id='word_1_142' title='bbox 756 470 801 491; x_wconf 86' lang='lat' dir='ltr'>aut</span> <span class='ocrx_word' id='word_1_143' title='bbox 821 462 952 500; x_wconf 87' lang='lat' dir='ltr'>angustos.</span> <span class='ocrx_word' id='word_1_144' title='bbox 991 463 1108 490; x_wconf 82' lang='lat' dir='ltr'>Fuerunt</span> <span class='ocrx_word' id='word_1_145' title='bbox 1128 470 1218 490; x_wconf 82' lang='lat' dir='ltr'>autem</span> <span class='ocrx_word' id='word_1_146' title='bbox 1237 464 1315 497; x_wconf 72' lang='lat' dir='ltr'>clavi,</span> <span class='ocrx_word' id='word_1_147' title='bbox 1335 468 1405 504; x_wconf 76' lang='lat' dir='ltr'>quali</span> <span class='ocrx_word' id='word_1_148' title='bbox 1419 469 1500 498; x_wconf 85' lang='lat' dir='ltr'>flores</span> <span class='ocrx_word' id='word_1_149' title='bbox 1514 479 1604 506; x_wconf 87' lang='lat' dir='ltr'>panno</span> <span class='ocrx_word' id='word_1_150' title='bbox 1623 472 1663 501; x_wconf 85' lang='lat' dir='ltr'>in-</span> 
     </span>
     <span class='ocr_line' id='line_1_11' title="bbox 88 500 493 535; baseline 0 -8"><span class='ocrx_word' id='word_1_151' title='bbox 88 502 154 528; x_wconf 74' lang='lat' dir='ltr'>texti</span> <span class='ocrx_word' id='word_1_152' title='bbox 160 521 170 535; x_wconf 87' lang='lat'>‚</span> <span class='ocrx_word' id='word_1_153' title='bbox 190 501 260 528; x_wconf 87' lang='lat' dir='ltr'>unde</span> <span class='ocrx_word' id='word_1_154' title='bbox 271 501 403 528; x_wconf 73' lang='lat' dir='ltr'>Martialis</span> <span class='ocrx_word' id='word_1_155' title='bbox 415 500 493 529; x_wconf 86' lang='lat' dir='ltr'>dixit:</span> 
     </span>
     <span class='ocr_line' id='line_1_12' title="bbox 518 538 782 574; baseline 0.004 -9"><span class='ocrx_word' id='word_1_156' title='bbox 518 538 570 566; x_wconf 85' lang='lat' dir='ltr'>lato</span> <span class='ocrx_word' id='word_1_157' title='bbox 583 538 692 574; x_wconf 78' lang='lat' dir='ltr'>mapalia</span> <span class='ocrx_word' id='word_1_158' title='bbox 704 538 782 566; x_wconf 84' lang='lat' dir='ltr'>clavo.</span> 
     </span>
    </p>

    <p class='ocr_par' dir='ltr' id='par_1_3' title="bbox 84 575 1664 727">
     <span class='ocr_line' id='line_1_13' title="bbox 128 575 1660 624; baseline 0.008 -21"><span class='ocrx_word' id='word_1_159' title='bbox 128 578 228 608; x_wconf 76' lang='lat' dir='ltr'>Festus,</span> <span class='ocrx_word' id='word_1_160' title='bbox 246 576 346 604; x_wconf 82' lang='lat' dir='ltr'>clavata</span> <span class='ocrx_word' id='word_1_161' title='bbox 359 575 507 612; x_wconf 68' lang='lat' dir='ltr'>vestimenta</span> <span class='ocrx_word' id='word_1_162' title='bbox 521 576 610 605; x_wconf 83' lang='lat' dir='ltr'>scribit</span> <span class='ocrx_word' id='word_1_163' title='bbox 622 577 697 605; x_wconf 77' lang='lat' dir='ltr'>fuifl&#39;e</span> <span class='ocrx_word' id='word_1_164' title='bbox 711 577 790 605; x_wconf 82' lang='lat' dir='ltr'>clavis</span> <span class='ocrx_word' id='word_1_165' title='bbox 802 577 951 605; x_wconf 85' lang='lat' dir='ltr'>intertexta.</span> <span class='ocrx_word' id='word_1_166' title='bbox 970 579 1047 603; x_wconf 83' lang='lat' dir='ltr'>Varro</span> <span class='ocrx_word' id='word_1_167' title='bbox 1062 576 1089 603; x_wconf 90' lang='lat' dir='ltr'>in</span> <span class='ocrx_word' id='word_1_168' title='bbox 1104 577 1202 604; x_wconf 60' lang='lat' dir='ltr'>ofitavo</span> <span class='ocrx_word' id='word_1_169' title='bbox 1215 576 1248 605; x_wconf 90' lang='lat' dir='ltr'>de</span> <span class='ocrx_word' id='word_1_170' title='bbox 1262 576 1350 616; x_wconf 86' lang='lat' dir='ltr'>lingua</span> <span class='ocrx_word' id='word_1_171' title='bbox 1361 582 1454 610; x_wconf 85' lang='lat' dir='ltr'>Latina</span> <span class='ocrx_word' id='word_1_172' title='bbox 1461 584 1546 612; x_wconf 83' lang='lat' dir='ltr'>addit:</span> <span class='ocrx_word' id='word_1_173' title='bbox 1568 587 1594 613; x_wconf 90' lang='lat' dir='ltr'>Si</span> <span class='ocrx_word' id='word_1_174' title='bbox 1603 589 1660 624; x_wconf 83' lang='lat' dir='ltr'>quis</span> 
     </span>
     <span class='ocr_line' id='line_1_14' title="bbox 87 613 1661 661; baseline 0.006 -21"><span class='ocrx_word' id='word_1_175' title='bbox 87 613 198 641; x_wconf 70' lang='lat' dir='ltr'>tunicam</span> <span class='ocrx_word' id='word_1_176' title='bbox 213 615 241 642; x_wconf 91' lang='lat' dir='ltr'>in</span> <span class='ocrx_word' id='word_1_177' title='bbox 255 613 301 642; x_wconf 89' lang='lat' dir='ltr'>usu</span> <span class='ocrx_word' id='word_1_178' title='bbox 314 616 351 643; x_wconf 86' lang='lat' dir='ltr'>ita</span> <span class='ocrx_word' id='word_1_179' title='bbox 364 615 468 643; x_wconf 86' lang='lat' dir='ltr'>consuit</span> <span class='ocrx_word' id='word_1_180' title='bbox 480 637 487 647; x_wconf 90' lang='lat'><em>‚</em></span> <span class='ocrx_word' id='word_1_181' title='bbox 515 622 545 643; x_wconf 89' lang='lat' dir='ltr'>ut</span> <span class='ocrx_word' id='word_1_182' title='bbox 558 614 639 644; x_wconf 82' lang='lat' dir='ltr'>altera</span> <span class='ocrx_word' id='word_1_183' title='bbox 651 615 754 653; x_wconf 83' lang='lat' dir='ltr'>plagula</span> <span class='ocrx_word' id='word_1_184' title='bbox 767 615 798 643; x_wconf 84' lang='lat' dir='ltr'>fit</span> <span class='ocrx_word' id='word_1_185' title='bbox 811 615 924 652; x_wconf 86' lang='lat' dir='ltr'>angustis</span> <span class='ocrx_word' id='word_1_186' title='bbox 939 613 1017 642; x_wconf 79' lang='lat' dir='ltr'>clavis</span> <span class='ocrx_word' id='word_1_187' title='bbox 1031 634 1039 645; x_wconf 87' lang='lat'>,</span> <span class='ocrx_word' id='word_1_188' title='bbox 1064 614 1146 642; x_wconf 87' lang='lat' dir='ltr'>altera</span> <span class='ocrx_word' id='word_1_189' title='bbox 1157 615 1215 643; x_wconf 82' lang='lat' dir='ltr'>latis</span> <span class='ocrx_word' id='word_1_190' title='bbox 1229 636 1237 647; x_wconf 90' lang='lat'>,</span> <span class='ocrx_word' id='word_1_191' title='bbox 1266 624 1377 653; x_wconf 88' lang='lat' dir='ltr'>utraque</span> <span class='ocrx_word' id='word_1_192' title='bbox 1388 627 1446 654; x_wconf 81' lang='lat' dir='ltr'>pars</span> <span class='ocrx_word' id='word_1_193' title='bbox 1462 622 1488 648; x_wconf 90' lang='lat' dir='ltr'>in</span> <span class='ocrx_word' id='word_1_194' title='bbox 1501 622 1546 649; x_wconf 73' lang='lat' dir='ltr'>fiio</span> <span class='ocrx_word' id='word_1_195' title='bbox 1560 632 1661 661; x_wconf 84' lang='lat' dir='ltr'>genere</span> 
     </span>
     <span class='ocr_line' id='line_1_15' title="bbox 85 651 1664 695; baseline 0.004 -16"><span class='ocrx_word' id='word_1_196' title='bbox 85 660 156 680; x_wconf 85' lang='lat' dir='ltr'>caret</span> <span class='ocrx_word' id='word_1_197' title='bbox 168 652 297 689; x_wconf 82' lang='lat' dir='ltr'>analogia.</span> <span class='ocrx_word' id='word_1_198' title='bbox 319 653 387 681; x_wconf 80' lang='lat' dir='ltr'>Plin.</span> <span class='ocrx_word' id='word_1_199' title='bbox 400 653 445 681; x_wconf 86' lang='lat' dir='ltr'>lib.</span> <span class='ocrx_word' id='word_1_200' title='bbox 454 665 479 690; x_wconf 89' lang='lat'>9.</span> <span class='ocrx_word' id='word_1_201' title='bbox 500 658 567 689; x_wconf 78' lang='lat' dir='ltr'>Toga</span> <span class='ocrx_word' id='word_1_202' title='bbox 574 662 697 688; x_wconf 56' lang='lat' dir='ltr'>praetexta</span> <span class='ocrx_word' id='word_1_203' title='bbox 712 656 739 683; x_wconf 72' lang='grc' dir='ltr'>δι</span> <span class='ocrx_word' id='word_1_204' title='bbox 752 652 843 680; x_wconf 79' lang='lat' dir='ltr'>latiore</span> <span class='ocrx_word' id='word_1_205' title='bbox 855 652 924 680; x_wconf 80' lang='lat' dir='ltr'>clavo</span> <span class='ocrx_word' id='word_1_206' title='bbox 938 651 953 680; x_wconf 79' lang='grc' dir='ltr'>ὲ</span> <span class='ocrx_word' id='word_1_207' title='bbox 968 651 1087 690; x_wconf 82' lang='lat' dir='ltr'>Regibus</span> <span class='ocrx_word' id='word_1_208' title='bbox 1099 653 1221 689; x_wconf 87' lang='lat' dir='ltr'>primum</span> <span class='ocrx_word' id='word_1_209' title='bbox 1237 652 1313 683; x_wconf 69' lang='lat' dir='ltr'>usum</span> <span class='ocrx_word' id='word_1_210' title='bbox 1329 656 1443 686; x_wconf 83' lang='lat' dir='ltr'>Etruscis</span> <span class='ocrx_word' id='word_1_211' title='bbox 1457 660 1580 695; x_wconf 69' lang='lat' dir='ltr'>deviCtis,</span> <span class='ocrx_word' id='word_1_212' title='bbox 1601 663 1664 691; x_wconf 77' lang='lat' dir='ltr'>Tul-</span> 
     </span>
     <span class='ocr_line' id='line_1_16' title="bbox 84 688 586 727; baseline 0.004 -11"><span class='ocrx_word' id='word_1_213' title='bbox 84 688 138 717; x_wconf 87' lang='lat' dir='ltr'>lum</span> <span class='ocrx_word' id='word_1_214' title='bbox 154 689 286 727; x_wconf 76' lang='lat' dir='ltr'>Hostilium</span> <span class='ocrx_word' id='word_1_215' title='bbox 298 691 358 719; x_wconf 83' lang='lat' dir='ltr'>satis</span> <span class='ocrx_word' id='word_1_216' title='bbox 369 692 480 720; x_wconf 82' lang='lat' dir='ltr'>constat.</span> <span class='ocrx_word' id='word_1_217' title='bbox 498 691 586 719; x_wconf 83' lang='lat' dir='ltr'>Silius:</span> 
     </span>
    </p>

    <p class='ocr_par' dir='ltr' id='par_1_4' title="bbox 393 727 955 767">
     <span class='ocr_line' id='line_1_17' title="bbox 393 727 955 767; baseline 0.002 -11"><span class='ocrx_word' id='word_1_218' title='bbox 393 727 537 766; x_wconf 73' lang='lat' dir='ltr'>Sacrificum</span> <span class='ocrx_word' id='word_1_219' title='bbox 549 729 600 756; x_wconf 81' lang='lat' dir='ltr'>lato</span> <span class='ocrx_word' id='word_1_220' title='bbox 613 729 703 766; x_wconf 75' lang='lat' dir='ltr'>vestem</span> <span class='ocrx_word' id='word_1_221' title='bbox 718 728 866 767; x_wconf 68' lang='lat' dir='ltr'>dfiinguere</span> <span class='ocrx_word' id='word_1_222' title='bbox 878 728 955 757; x_wconf 75' lang='lat' dir='ltr'>clavo.</span> 
     </span>
    </p>

    <p class='ocr_par' dir='ltr' id='par_1_5' title="bbox 120 767 533 799">
     <span class='ocr_line' id='line_1_18' title="bbox 120 767 533 799; baseline 0.002 -5"><span class='ocrx_word' id='word_1_223' title='bbox 120 770 208 795; x_wconf 82' lang='lat' dir='ltr'>Varro</span> <span class='ocrx_word' id='word_1_224' title='bbox 221 767 332 799; x_wconf 84' lang='lat' dir='ltr'>Medio,</span> <span class='ocrx_word' id='word_1_225' title='bbox 351 769 416 796; x_wconf 82' lang='lat' dir='ltr'>teste</span> <span class='ocrx_word' id='word_1_226' title='bbox 431 769 533 795; x_wconf 91' lang='lat' dir='ltr'>Nonio:</span> 
     </span>
    </p>

    <p class='ocr_par' dir='ltr' id='par_1_6' title="bbox 389 805 996 844">
     <span class='ocr_line' id='line_1_19' title="bbox 389 805 996 844; baseline 0.002 -12"><span class='ocrx_word' id='word_1_227' title='bbox 389 806 492 842; x_wconf 84' lang='lat' dir='ltr'>Istorum</span> <span class='ocrx_word' id='word_1_228' title='bbox 505 806 590 835; x_wconf 71' lang='lat' dir='ltr'>vitrea.</span> <span class='ocrx_word' id='word_1_229' title='bbox 601 816 661 844; x_wconf 67' lang='lat' dir='ltr'>toga</span> <span class='ocrx_word' id='word_1_230' title='bbox 671 805 795 843; x_wconf 73' lang='lat' dir='ltr'>ostentant</span> <span class='ocrx_word' id='word_1_231' title='bbox 808 805 894 833; x_wconf 70' lang='lat' dir='ltr'>tunice.</span> <span class='ocrx_word' id='word_1_232' title='bbox 906 805 996 833; x_wconf 69' lang='lat' dir='ltr'>clavos.</span> 
     </span>
    </p>

    <p class='ocr_par' dir='ltr' id='par_1_7' title="bbox 76 843 1666 1753">
     <span class='ocr_line' id='line_1_20' title="bbox 123 843 1661 882; baseline 0.004 -11"><span class='ocrx_word' id='word_1_233' title='bbox 123 844 258 871; x_wconf 82' lang='lat' dir='ltr'>Caetemm</span> <span class='ocrx_word' id='word_1_234' title='bbox 278 843 363 872; x_wconf 69' lang='lat' dir='ltr'>tunica</span> <span class='ocrx_word' id='word_1_235' title='bbox 379 845 442 872; x_wconf 84' lang='lat' dir='ltr'>latos</span> <span class='ocrx_word' id='word_1_236' title='bbox 455 844 535 872; x_wconf 73' lang='lat' dir='ltr'>clavos</span> <span class='ocrx_word' id='word_1_237' title='bbox 547 854 694 882; x_wconf 85' lang='lat' dir='ltr'>purpureos</span> <span class='ocrx_word' id='word_1_238' title='bbox 707 845 866 873; x_wconf 71' lang='lat' dir='ltr'>intertextos</span> <span class='ocrx_word' id='word_1_239' title='bbox 879 844 978 872; x_wconf 85' lang='lat' dir='ltr'>habens</span> <span class='ocrx_word' id='word_1_240' title='bbox 988 865 995 876; x_wconf 94' lang='lat'><em>,</em></span> <span class='ocrx_word' id='word_1_241' title='bbox 1022 853 1079 882; x_wconf 83' lang='lat' dir='ltr'>quae</span> <span class='ocrx_word' id='word_1_242' title='bbox 1093 847 1120 874; x_wconf 75' lang='grc' dir='ltr'>ὅτ,</span> <span class='ocrx_word' id='word_1_243' title='bbox 1129 844 1197 872; x_wconf 80' lang='lat' dir='ltr'>latus</span> <span class='ocrx_word' id='word_1_244' title='bbox 1210 846 1294 874; x_wconf 65' lang='lat' dir='ltr'>clavus</span> <span class='ocrx_word' id='word_1_245' title='bbox 1306 868 1316 879; x_wconf 87' lang='lat'>,</span> <span class='ocrx_word' id='word_1_246' title='bbox 1344 849 1370 876; x_wconf 66' lang='grc' dir='ltr'>ὃς</span> <span class='ocrx_word' id='word_1_247' title='bbox 1384 847 1469 876; x_wconf 75' lang='lat' dir='ltr'>tunica</span> <span class='ocrx_word' id='word_1_248' title='bbox 1483 849 1530 876; x_wconf 81' lang='lat' dir='ltr'>lari</span> <span class='ocrx_word' id='word_1_249' title='bbox 1544 852 1608 879; x_wconf 70' lang='lat' dir='ltr'>clai-i</span> <span class='ocrx_word' id='word_1_250' title='bbox 1621 855 1661 881; x_wconf 71' lang='lat' dir='ltr'>di-</span> 
     </span>
     <span class='ocr_line' id='line_1_21' title="bbox 83 881 1661 926; baseline 0.008 -19"><span class='ocrx_word' id='word_1_251' title='bbox 83 881 126 908; x_wconf 62' lang='lat' dir='ltr'>eta</span> <span class='ocrx_word' id='word_1_252' title='bbox 153 882 188 909; x_wconf 87' lang='lat' dir='ltr'>est</span> <span class='ocrx_word' id='word_1_253' title='bbox 202 903 210 915; x_wconf 87' lang='lat'>‚</span> <span class='ocrx_word' id='word_1_254' title='bbox 230 882 329 917; x_wconf 76' lang='lat' dir='ltr'>propria</span> <span class='ocrx_word' id='word_1_255' title='bbox 352 882 402 911; x_wconf 86' lang='lat' dir='ltr'>fuit</span> <span class='ocrx_word' id='word_1_256' title='bbox 417 883 564 916; x_wconf 70' lang='lat' dir='ltr'>ftnamrum</span> <span class='ocrx_word' id='word_1_257' title='bbox 577 904 586 915; x_wconf 90' lang='lat'>,</span> <span class='ocrx_word' id='word_1_258' title='bbox 611 891 690 919; x_wconf 85' lang='lat' dir='ltr'>atque</span> <span class='ocrx_word' id='word_1_259' title='bbox 708 882 863 918; x_wconf 78' lang='lat' dir='ltr'>amplissimi</span> <span class='ocrx_word' id='word_1_260' title='bbox 882 883 982 910; x_wconf 78' lang='lat' dir='ltr'>ordinis</span> <span class='ocrx_word' id='word_1_261' title='bbox 1003 883 1110 920; x_wconf 80' lang='lat' dir='ltr'>infigne.</span> <span class='ocrx_word' id='word_1_262' title='bbox 1151 884 1254 912; x_wconf 88' lang='lat' dir='ltr'>Indicat</span> <span class='ocrx_word' id='word_1_263' title='bbox 1274 885 1325 913; x_wconf 89' lang='lat' dir='ltr'>hoc</span> <span class='ocrx_word' id='word_1_264' title='bbox 1344 888 1477 914; x_wconf 81' lang='lat' dir='ltr'><em>Suetonius</em></span> <span class='ocrx_word' id='word_1_265' title='bbox 1496 888 1607 926; x_wconf 75' lang='lat' dir='ltr'>loquens</span> <span class='ocrx_word' id='word_1_266' title='bbox 1627 892 1661 919; x_wconf 89' lang='lat' dir='ltr'>de</span> 
     </span>
     <span class='ocr_line' id='line_1_22' title="bbox 84 920 1662 960; baseline 0.006 -14"><span class='ocrx_word' id='word_1_267' title='bbox 84 920 203 956; x_wconf 82' lang='lat' dir='ltr'>Augusto</span> <span class='ocrx_word' id='word_1_268' title='bbox 217 931 222 947; x_wconf 87' lang='lat'>:</span> <span class='ocrx_word' id='word_1_269' title='bbox 251 922 373 948; x_wconf 83' lang='lat' dir='ltr'>Sumenti</span> <span class='ocrx_word' id='word_1_270' title='bbox 394 920 497 948; x_wconf 76' lang='lat' dir='ltr'>virilem</span> <span class='ocrx_word' id='word_1_271' title='bbox 519 928 611 958; x_wconf 82' lang='lat' dir='ltr'>togam</span> <span class='ocrx_word' id='word_1_272' title='bbox 633 929 720 947; x_wconf 73' lang='lat' dir='ltr'>tumea</span> <span class='ocrx_word' id='word_1_273' title='bbox 738 920 865 948; x_wconf 73' lang='lat' dir='ltr'>laticlavi</span> <span class='ocrx_word' id='word_1_274' title='bbox 878 920 963 948; x_wconf 86' lang='lat' dir='ltr'>resuta</span> <span class='ocrx_word' id='word_1_275' title='bbox 978 930 1009 948; x_wconf 86' lang='lat' dir='ltr'>ex</span> <span class='ocrx_word' id='word_1_276' title='bbox 1024 929 1136 958; x_wconf 88' lang='lat' dir='ltr'>utraque</span> <span class='ocrx_word' id='word_1_277' title='bbox 1150 930 1225 957; x_wconf 82' lang='lat' dir='ltr'>parte</span> <span class='ocrx_word' id='word_1_278' title='bbox 1238 923 1270 950; x_wconf 86' lang='lat' dir='ltr'>ad</span> <span class='ocrx_word' id='word_1_279' title='bbox 1285 923 1364 960; x_wconf 88' lang='lat' dir='ltr'>pedes</span> <span class='ocrx_word' id='word_1_280' title='bbox 1379 925 1488 956; x_wconf 81' lang='lat' dir='ltr'>decidit.</span> <span class='ocrx_word' id='word_1_281' title='bbox 1530 928 1662 960; x_wconf 80' lang='lat' dir='ltr'>Fuerunt.</span> 
     </span>
     <span class='ocr_line' id='line_1_23' title="bbox 82 958 1660 1002; baseline 0.006 -18"><span class='ocrx_word' id='word_1_282' title='bbox 82 959 127 993; x_wconf 85' lang='lat' dir='ltr'>qui</span> <span class='ocrx_word' id='word_1_283' title='bbox 147 958 397 994; x_wconf 75' lang='lat' dir='ltr'>interpretarentur,</span> <span class='ocrx_word' id='word_1_284' title='bbox 416 968 472 985; x_wconf 91' lang='lat' dir='ltr'>non</span> <span class='ocrx_word' id='word_1_285' title='bbox 491 958 559 987; x_wconf 85' lang='lat' dir='ltr'>aliud</span> <span class='ocrx_word' id='word_1_286' title='bbox 581 958 741 996; x_wconf 79' lang='lat' dir='ltr'>fignificate,</span> <span class='ocrx_word' id='word_1_287' title='bbox 762 967 842 995; x_wconf 83' lang='lat' dir='ltr'>quam</span> <span class='ocrx_word' id='word_1_288' title='bbox 864 959 935 996; x_wconf 91' lang='lat' dir='ltr'>quod</span> <span class='ocrx_word' id='word_1_289' title='bbox 956 960 977 986; x_wconf 88' lang='lat' dir='ltr'>is</span> <span class='ocrx_word' id='word_1_290' title='bbox 996 960 1079 990; x_wconf 82' lang='lat' dir='ltr'>ordo,</span> <span class='ocrx_word' id='word_1_291' title='bbox 1102 960 1176 996; x_wconf 89' lang='lat' dir='ltr'>cujus</span> <span class='ocrx_word' id='word_1_292' title='bbox 1195 960 1296 997; x_wconf 76' lang='lat' dir='ltr'>insigne</span> <span class='ocrx_word' id='word_1_293' title='bbox 1315 962 1342 988; x_wconf 90' lang='lat' dir='ltr'>id</span> <span class='ocrx_word' id='word_1_294' title='bbox 1361 962 1441 994; x_wconf 81' lang='lat' dir='ltr'>effet,</span> <span class='ocrx_word' id='word_1_295' title='bbox 1461 966 1619 1002; x_wconf 75' lang='lat' dir='ltr'>quandoque</span> <span class='ocrx_word' id='word_1_296' title='bbox 1636 968 1660 994; x_wconf 91' lang='lat' dir='ltr'>ei</span> 
     </span>
     <span class='ocr_line' id='line_1_24' title="bbox 81 994 1660 1042; baseline 0.007 -21"><span class='ocrx_word' id='word_1_297' title='bbox 81 994 262 1031; x_wconf 63' lang='lat' dir='ltr'>subjiceretur.</span> <span class='ocrx_word' id='word_1_298' title='bbox 300 997 396 1024; x_wconf 87' lang='lat' dir='ltr'>Idem:</span> <span class='ocrx_word' id='word_1_299' title='bbox 426 996 527 1023; x_wconf 85' lang='lat' dir='ltr'>Liberis</span> <span class='ocrx_word' id='word_1_300' title='bbox 546 997 697 1025; x_wconf 62' lang='lat' dir='ltr'>sannorum</span> <span class='ocrx_word' id='word_1_301' title='bbox 713 1017 721 1028; x_wconf 92' lang='lat'><strong><em>,</em></strong></span> <span class='ocrx_word' id='word_1_302' title='bbox 741 1005 795 1033; x_wconf 90' lang='lat' dir='ltr'>quo</span> <span class='ocrx_word' id='word_1_303' title='bbox 814 997 921 1025; x_wconf 88' lang='lat' dir='ltr'>celerius</span> <span class='ocrx_word' id='word_1_304' title='bbox 942 996 1105 1032; x_wconf 63' lang='lat' dir='ltr'>Reipublicae</span> <span class='ocrx_word' id='word_1_305' title='bbox 1125 998 1312 1030; x_wconf 45' lang='lat' dir='ltr'>assuescerent,</span> <span class='ocrx_word' id='word_1_306' title='bbox 1332 1000 1454 1035; x_wconf 86' lang='lat' dir='ltr'>protinus</span> <span class='ocrx_word' id='word_1_307' title='bbox 1474 1001 1487 1029; x_wconf 64' lang='lat' dir='ltr'>a</span> <span class='ocrx_word' id='word_1_308' title='bbox 1508 1003 1574 1031; x_wconf 90' lang='lat' dir='ltr'>virili</span> <span class='ocrx_word' id='word_1_309' title='bbox 1596 1012 1660 1042; x_wconf 81' lang='lat' dir='ltr'>toga</span> 
     </span>
     <span class='ocr_line' id='line_1_25' title="bbox 80 1032 1659 1071; baseline 0.002 -12"><span class='ocrx_word' id='word_1_310' title='bbox 80 1032 164 1060; x_wconf 81' lang='lat' dir='ltr'>latum</span> <span class='ocrx_word' id='word_1_311' title='bbox 175 1033 274 1061; x_wconf 67' lang='lat' dir='ltr'>clarum</span> <span class='ocrx_word' id='word_1_312' title='bbox 286 1034 396 1062; x_wconf 84' lang='lat' dir='ltr'>induere</span> <span class='ocrx_word' id='word_1_313' title='bbox 408 1055 416 1066; x_wconf 95' lang='lat'>,</span> <span class='ocrx_word' id='word_1_314' title='bbox 438 1037 464 1062; x_wconf 64' lang='grc' dir='ltr'>ἃ</span> <span class='ocrx_word' id='word_1_315' title='bbox 478 1035 555 1063; x_wconf 75' lang='lat' dir='ltr'>curiae</span> <span class='ocrx_word' id='word_1_316' title='bbox 566 1034 688 1063; x_wconf 72' lang='lat' dir='ltr'>interesse</span> <span class='ocrx_word' id='word_1_317' title='bbox 701 1034 829 1071; x_wconf 73' lang='lat' dir='ltr'>permisit.</span> <span class='ocrx_word' id='word_1_318' title='bbox 862 1037 896 1063; x_wconf 86' lang='lat' dir='ltr'>Et</span> <span class='ocrx_word' id='word_1_319' title='bbox 910 1035 943 1062; x_wconf 88' lang='lat' dir='ltr'>de</span> <span class='ocrx_word' id='word_1_320' title='bbox 957 1033 1057 1061; x_wconf 70' lang='lat' dir='ltr'>Tiberio</span> <span class='ocrx_word' id='word_1_321' title='bbox 1064 1046 1077 1060; x_wconf 59' lang='grc' dir='ltr'>,τ</span> <span class='ocrx_word' id='word_1_322' title='bbox 1092 1036 1213 1063; x_wconf 77' lang='lat' dir='ltr'>Senatori</span> <span class='ocrx_word' id='word_1_323' title='bbox 1227 1036 1311 1063; x_wconf 85' lang='lat' dir='ltr'>latum</span> <span class='ocrx_word' id='word_1_324' title='bbox 1323 1037 1423 1064; x_wconf 69' lang='lat' dir='ltr'>clavum</span> <span class='ocrx_word' id='word_1_325' title='bbox 1436 1039 1543 1067; x_wconf 71' lang='lat' dir='ltr'>ademit,</span> <span class='ocrx_word' id='word_1_326' title='bbox 1578 1042 1611 1070; x_wconf 85' lang='lat' dir='ltr'>Et</span> <span class='ocrx_word' id='word_1_327' title='bbox 1625 1044 1659 1070; x_wconf 71' lang='lat' dir='ltr'>de</span> 
     </span>
     <span class='ocr_line' id='line_1_26' title="bbox 80 1072 1662 1110; baseline 0.006 -13"><span class='ocrx_word' id='word_1_328' title='bbox 80 1073 142 1106; x_wconf 81' lang='lat' dir='ltr'>Cajo</span> <span class='ocrx_word' id='word_1_329' title='bbox 155 1083 162 1097; x_wconf 88' lang='lat'>:</span> <span class='ocrx_word' id='word_1_330' title='bbox 184 1073 282 1100; x_wconf 80' lang='lat' dir='ltr'>Latum</span> <span class='ocrx_word' id='word_1_331' title='bbox 304 1072 409 1100; x_wconf 76' lang='lat' dir='ltr'>clavum</span> <span class='ocrx_word' id='word_1_332' title='bbox 424 1094 430 1104; x_wconf 92' lang='lat'>‚</span> <span class='ocrx_word' id='word_1_333' title='bbox 451 1081 603 1110; x_wconf 83' lang='lat' dir='ltr'>quanquam</span> <span class='ocrx_word' id='word_1_334' title='bbox 623 1073 701 1100; x_wconf 89' lang='lat' dir='ltr'>initio</span> <span class='ocrx_word' id='word_1_335' title='bbox 720 1072 887 1104; x_wconf 75' lang='lat' dir='ltr'>affirmasset,</span> <span class='ocrx_word' id='word_1_336' title='bbox 908 1083 964 1100; x_wconf 89' lang='lat' dir='ltr'>non</span> <span class='ocrx_word' id='word_1_337' title='bbox 985 1072 1117 1100; x_wconf 62' lang='lat' dir='ltr'>lesturum</span> <span class='ocrx_word' id='word_1_338' title='bbox 1138 1073 1302 1105; x_wconf 72' lang='lat' dir='ltr'>senatorem,</span> <span class='ocrx_word' id='word_1_339' title='bbox 1324 1075 1372 1102; x_wconf 76' lang='lat' dir='ltr'>nisi</span> <span class='ocrx_word' id='word_1_340' title='bbox 1392 1077 1457 1104; x_wconf 86' lang='lat' dir='ltr'>civis</span> <span class='ocrx_word' id='word_1_341' title='bbox 1477 1078 1596 1106; x_wconf 73' lang='lat' dir='ltr'>Romani</span> <span class='ocrx_word' id='word_1_342' title='bbox 1617 1080 1662 1107; x_wconf 82' lang='lat' dir='ltr'>ab-</span> 
     </span>
     <span class='ocr_line' id='line_1_27' title="bbox 82 1110 1666 1153; baseline 0.005 -17"><span class='ocrx_word' id='word_1_343' title='bbox 82 1116 209 1146; x_wconf 82' lang='lat' dir='ltr'>nepotem</span> <span class='ocrx_word' id='word_1_344' title='bbox 224 1129 232 1139; x_wconf 91' lang='lat'><em>,</em></span> <span class='ocrx_word' id='word_1_345' title='bbox 252 1111 334 1137; x_wconf 84' lang='lat' dir='ltr'>etiam</span> <span class='ocrx_word' id='word_1_346' title='bbox 353 1110 470 1138; x_wconf 80' lang='lat' dir='ltr'>libertini</span> <span class='ocrx_word' id='word_1_347' title='bbox 491 1111 546 1138; x_wconf 79' lang='lat' dir='ltr'>filio</span> <span class='ocrx_word' id='word_1_348' title='bbox 566 1111 692 1142; x_wconf 74' lang='lat' dir='ltr'>tradidit,</span> <span class='ocrx_word' id='word_1_349' title='bbox 714 1112 765 1138; x_wconf 60' lang='lat' dir='ltr'>&amp;a</span> <span class='ocrx_word' id='word_1_350' title='bbox 806 1112 845 1138; x_wconf 90' lang='lat' dir='ltr'>Ut</span> <span class='ocrx_word' id='word_1_351' title='bbox 864 1119 955 1138; x_wconf 83' lang='lat' dir='ltr'>autem</span> <span class='ocrx_word' id='word_1_352' title='bbox 973 1110 1041 1137; x_wconf 67' lang='lat' dir='ltr'>latus</span> <span class='ocrx_word' id='word_1_353' title='bbox 1058 1110 1143 1138; x_wconf 62' lang='lat' dir='ltr'>clavus</span> <span class='ocrx_word' id='word_1_354' title='bbox 1163 1110 1214 1139; x_wconf 86' lang='lat' dir='ltr'>fuit</span> <span class='ocrx_word' id='word_1_355' title='bbox 1226 1112 1375 1146; x_wconf 66' lang='lat' dir='ltr'>statuorum</span> <span class='ocrx_word' id='word_1_356' title='bbox 1387 1134 1395 1144; x_wconf 87' lang='lat'>‚</span> <span class='ocrx_word' id='word_1_357' title='bbox 1432 1114 1466 1142; x_wconf 87' lang='lat' dir='ltr'>sic</span> <span class='ocrx_word' id='word_1_358' title='bbox 1483 1115 1598 1153; x_wconf 69' lang='lat' dir='ltr'>angustus</span> <span class='ocrx_word' id='word_1_359' title='bbox 1617 1118 1666 1146; x_wconf 77' lang='lat' dir='ltr'>cla-</span> 
     </span>
     <span class='ocr_line' id='line_1_28' title="bbox 81 1147 1661 1191; baseline 0.005 -17"><span class='ocrx_word' id='word_1_360' title='bbox 81 1157 128 1174; x_wconf 62' lang='lat' dir='ltr'>vus</span> <span class='ocrx_word' id='word_1_361' title='bbox 147 1147 262 1185; x_wconf 79' lang='lat' dir='ltr'>equitum</span> <span class='ocrx_word' id='word_1_362' title='bbox 283 1150 482 1178; x_wconf 73' lang='lat' dir='ltr'>Romanorum.</span> <span class='ocrx_word' id='word_1_363' title='bbox 524 1149 647 1176; x_wconf 68' lang='lat' dir='ltr'>Ostcuiit</span> <span class='ocrx_word' id='word_1_364' title='bbox 668 1147 772 1182; x_wconf 73' lang='lat' dir='ltr'>Vellejus</span> <span class='ocrx_word' id='word_1_365' title='bbox 792 1149 939 1175; x_wconf 73' lang='lat' dir='ltr'>paterculus</span> <span class='ocrx_word' id='word_1_366' title='bbox 959 1149 992 1176; x_wconf 89' lang='lat' dir='ltr'>de</span> <span class='ocrx_word' id='word_1_367' title='bbox 1013 1150 1166 1177; x_wconf 71' lang='lat' dir='ltr'>Mecoenate</span> <span class='ocrx_word' id='word_1_368' title='bbox 1178 1148 1292 1177; x_wconf 84' lang='lat' dir='ltr'>scribens</span> <span class='ocrx_word' id='word_1_369' title='bbox 1307 1171 1314 1181; x_wconf 87' lang='lat'>‚</span> <span class='ocrx_word' id='word_1_370' title='bbox 1344 1153 1388 1188; x_wconf 84' lang='lat' dir='ltr'>qui</span> <span class='ocrx_word' id='word_1_371' title='bbox 1403 1153 1513 1188; x_wconf 85' lang='lat' dir='ltr'>equestri</span> <span class='ocrx_word' id='word_1_372' title='bbox 1530 1155 1661 1191; x_wconf 78' lang='lat' dir='ltr'>dignitate</span> 
     </span>
     <span class='ocr_line' id='line_1_29' title="bbox 81 1186 1661 1227; baseline 0.003 -16"><span class='ocrx_word' id='word_1_373' title='bbox 81 1193 224 1214; x_wconf 85' lang='lat' dir='ltr'>contentus</span> <span class='ocrx_word' id='word_1_374' title='bbox 244 1195 300 1214; x_wconf 85' lang='lat' dir='ltr'>erat</span> <span class='ocrx_word' id='word_1_375' title='bbox 313 1207 320 1218; x_wconf 96' lang='lat'>,</span> <span class='ocrx_word' id='word_1_376' title='bbox 346 1188 482 1214; x_wconf 80' lang='lat' dir='ltr'>Mecoenas</span> <span class='ocrx_word' id='word_1_377' title='bbox 500 1197 556 1214; x_wconf 88' lang='lat' dir='ltr'>non</span> <span class='ocrx_word' id='word_1_378' title='bbox 577 1188 664 1214; x_wconf 83' lang='lat' dir='ltr'>minus</span> <span class='ocrx_word' id='word_1_379' title='bbox 688 1187 805 1222; x_wconf 84' lang='lat' dir='ltr'>Agrippa</span> <span class='ocrx_word' id='word_1_380' title='bbox 818 1186 912 1214; x_wconf 74' lang='lat' dir='ltr'>Caesari</span> <span class='ocrx_word' id='word_1_381' title='bbox 926 1186 1017 1214; x_wconf 73' lang='lat' dir='ltr'>charus</span> <span class='ocrx_word' id='word_1_382' title='bbox 1029 1206 1037 1217; x_wconf 84' lang='lat'>‚</span> <span class='ocrx_word' id='word_1_383' title='bbox 1066 1186 1108 1214; x_wconf 90' lang='lat' dir='ltr'>sed</span> <span class='ocrx_word' id='word_1_384' title='bbox 1125 1188 1212 1214; x_wconf 89' lang='lat' dir='ltr'>minus</span> <span class='ocrx_word' id='word_1_385' title='bbox 1226 1187 1372 1216; x_wconf 77' lang='lat' dir='ltr'>honoratus</span> <span class='ocrx_word' id='word_1_386' title='bbox 1388 1199 1393 1215; x_wconf 88' lang='lat'>:</span> <span class='ocrx_word' id='word_1_387' title='bbox 1419 1191 1518 1227; x_wconf 79' lang='lat' dir='ltr'>quippe</span> <span class='ocrx_word' id='word_1_388' title='bbox 1534 1193 1599 1220; x_wconf 76' lang='lat' dir='ltr'>vixit</span> <span class='ocrx_word' id='word_1_389' title='bbox 1614 1204 1661 1220; x_wconf 82' lang='lat' dir='ltr'>an-</span> 
     </span>
     <span class='ocr_line' id='line_1_30' title="bbox 76 1221 1657 1265; baseline 0.007 -17"><span class='ocrx_word' id='word_1_390' title='bbox 76 1221 148 1259; x_wconf 84' lang='lat' dir='ltr'>gusto</span> <span class='ocrx_word' id='word_1_391' title='bbox 160 1223 228 1250; x_wconf 73' lang='lat' dir='ltr'>clavo</span> <span class='ocrx_word' id='word_1_392' title='bbox 247 1233 315 1260; x_wconf 89' lang='lat' dir='ltr'>pene</span> <span class='ocrx_word' id='word_1_393' title='bbox 332 1233 482 1252; x_wconf 87' lang='lat' dir='ltr'>contentus.</span> <span class='ocrx_word' id='word_1_394' title='bbox 519 1224 678 1259; x_wconf 66' lang='lat' dir='ltr'>Lampridtus</span> <span class='ocrx_word' id='word_1_395' title='bbox 699 1225 765 1251; x_wconf 85' lang='lat' dir='ltr'>item</span> <span class='ocrx_word' id='word_1_396' title='bbox 787 1224 814 1250; x_wconf 93' lang='lat' dir='ltr'>in</span> <span class='ocrx_word' id='word_1_397' title='bbox 831 1224 980 1252; x_wconf 79' lang='lat' dir='ltr'>Alexandro</span> <span class='ocrx_word' id='word_1_398' title='bbox 996 1234 1001 1250; x_wconf 78' lang='lat'>⁴.</span> <span class='ocrx_word' id='word_1_399' title='bbox 1029 1226 1104 1252; x_wconf 86' lang='lat' dir='ltr'>Tum</span> <span class='ocrx_word' id='word_1_400' title='bbox 1118 1224 1177 1252; x_wconf 79' lang='lat' dir='ltr'>satis</span> <span class='ocrx_word' id='word_1_401' title='bbox 1191 1225 1241 1252; x_wconf 76' lang='lat' dir='ltr'>esse</span> <span class='ocrx_word' id='word_1_402' title='bbox 1255 1226 1390 1254; x_wconf 87' lang='lat' dir='ltr'>constituit</span> <span class='ocrx_word' id='word_1_403' title='bbox 1402 1247 1411 1259; x_wconf 89' lang='lat'><em>,</em></span> <span class='ocrx_word' id='word_1_404' title='bbox 1437 1235 1467 1255; x_wconf 91' lang='lat' dir='ltr'>ut</span> <span class='ocrx_word' id='word_1_405' title='bbox 1484 1230 1584 1265; x_wconf 83' lang='lat' dir='ltr'>equites</span> <span class='ocrx_word' id='word_1_406' title='bbox 1600 1232 1657 1259; x_wconf 88' lang='lat' dir='ltr'>Ro-</span> 
     </span>
     <span class='ocr_line' id='line_1_31' title="bbox 82 1260 1663 1303; baseline 0.005 -17"><span class='ocrx_word' id='word_1_407' title='bbox 82 1261 156 1287; x_wconf 83' lang='lat' dir='ltr'>mani</span> <span class='ocrx_word' id='word_1_408' title='bbox 181 1261 194 1288; x_wconf 73' lang='lat' dir='ltr'>a</span> <span class='ocrx_word' id='word_1_409' title='bbox 214 1260 375 1296; x_wconf 76' lang='lat' dir='ltr'>senatoribus</span> <span class='ocrx_word' id='word_1_410' title='bbox 398 1261 463 1288; x_wconf 65' lang='lat' dir='ltr'>clm-i</span> <span class='ocrx_word' id='word_1_411' title='bbox 487 1261 614 1301; x_wconf 70' lang='lat' dir='ltr'>qualitate</span> <span class='ocrx_word' id='word_1_412' title='bbox 636 1260 854 1289; x_wconf 65' lang='lat' dir='ltr'>discernerentur.</span> <span class='ocrx_word' id='word_1_413' title='bbox 894 1265 958 1290; x_wconf 85' lang='lat' dir='ltr'>Haec</span> <span class='ocrx_word' id='word_1_414' title='bbox 977 1262 1010 1289; x_wconf 92' lang='lat' dir='ltr'>de</span> <span class='ocrx_word' id='word_1_415' title='bbox 1029 1262 1114 1289; x_wconf 70' lang='lat' dir='ltr'>tunica</span> <span class='ocrx_word' id='word_1_416' title='bbox 1134 1262 1239 1290; x_wconf 72' lang='lat' dir='ltr'>Carolus</span> <span class='ocrx_word' id='word_1_417' title='bbox 1257 1262 1372 1300; x_wconf 77' lang='lat' dir='ltr'>Sigonius</span> <span class='ocrx_word' id='word_1_418' title='bbox 1388 1264 1433 1292; x_wconf 88' lang='lat' dir='ltr'>lib.</span> <span class='ocrx_word' id='word_1_419' title='bbox 1449 1275 1473 1302; x_wconf 87' lang='lat'>3.</span> <span class='ocrx_word' id='word_1_420' title='bbox 1493 1270 1526 1293; x_wconf 89' lang='lat' dir='ltr'>de</span> <span class='ocrx_word' id='word_1_421' title='bbox 1545 1268 1663 1303; x_wconf 79' lang='lat' dir='ltr'>judiciis.</span> 
     </span>
     <span class='ocr_line' id='line_1_32' title="bbox 83 1297 1661 1343; baseline 0.004 -18"><span class='ocrx_word' id='word_1_422' title='bbox 83 1298 117 1325; x_wconf 87' lang='lat' dir='ltr'>Et</span> <span class='ocrx_word' id='word_1_423' title='bbox 139 1297 170 1325; x_wconf 87' lang='lat' dir='ltr'>ab</span> <span class='ocrx_word' id='word_1_424' title='bbox 191 1298 240 1326; x_wconf 86' lang='lat' dir='ltr'>hac</span> <span class='ocrx_word' id='word_1_425' title='bbox 252 1300 378 1326; x_wconf 72' lang='lat' dir='ltr'>clai-orum</span> <span class='ocrx_word' id='word_1_426' title='bbox 392 1297 538 1338; x_wconf 54' lang='lat' dir='ltr'>differ-»mm</span> <span class='ocrx_word' id='word_1_427' title='bbox 552 1320 559 1331; x_wconf 82' lang='grc'>,</span> <span class='ocrx_word' id='word_1_428' title='bbox 585 1299 726 1327; x_wconf 90' lang='lat' dir='ltr'>discrimen</span> <span class='ocrx_word' id='word_1_429' title='bbox 742 1300 825 1326; x_wconf 86' lang='lat' dir='ltr'>etiam</span> <span class='ocrx_word' id='word_1_430' title='bbox 840 1300 910 1327; x_wconf 85' lang='lat' dir='ltr'>inter</span> <span class='ocrx_word' id='word_1_431' title='bbox 923 1299 1043 1327; x_wconf 83' lang='lat' dir='ltr'>tribunos</span> <span class='ocrx_word' id='word_1_432' title='bbox 1058 1300 1175 1327; x_wconf 86' lang='lat' dir='ltr'>militum</span> <span class='ocrx_word' id='word_1_433' title='bbox 1192 1299 1242 1328; x_wconf 88' lang='lat' dir='ltr'>fuit</span> <span class='ocrx_word' id='word_1_434' title='bbox 1255 1320 1262 1329; x_wconf 90' lang='lat'><em>,</em></span> <span class='ocrx_word' id='word_1_435' title='bbox 1288 1309 1318 1328; x_wconf 91' lang='lat' dir='ltr'>ut</span> <span class='ocrx_word' id='word_1_436' title='bbox 1331 1301 1373 1329; x_wconf 86' lang='lat' dir='ltr'>alii</span> <span class='ocrx_word' id='word_1_437' title='bbox 1387 1303 1540 1331; x_wconf 87' lang='lat' dir='ltr'>dicerentur</span> <span class='ocrx_word' id='word_1_438' title='bbox 1551 1305 1661 1343; x_wconf 73' lang='lat' dir='ltr'>angusti-</span> 
     </span>
     <span class='ocr_line' id='line_1_33' title="bbox 80 1334 1660 1378; baseline 0.005 -17"><span class='ocrx_word' id='word_1_439' title='bbox 80 1334 170 1365; x_wconf 66' lang='lat' dir='ltr'>clavii.</span> <span class='ocrx_word' id='word_1_440' title='bbox 200 1337 245 1374; x_wconf 89' lang='lat' dir='ltr'>qui</span> <span class='ocrx_word' id='word_1_441' title='bbox 264 1337 362 1366; x_wconf 74' lang='lat' dir='ltr'>scilicet</span> <span class='ocrx_word' id='word_1_442' title='bbox 384 1337 524 1366; x_wconf 76' lang='lat' dir='ltr'>utebantur</span> <span class='ocrx_word' id='word_1_443' title='bbox 541 1338 651 1374; x_wconf 86' lang='lat' dir='ltr'>angusto</span> <span class='ocrx_word' id='word_1_444' title='bbox 665 1337 758 1364; x_wconf 82' lang='lat' dir='ltr'>clavo:</span> <span class='ocrx_word' id='word_1_445' title='bbox 786 1336 829 1364; x_wconf 86' lang='lat' dir='ltr'>alii</span> <span class='ocrx_word' id='word_1_446' title='bbox 842 1337 966 1365; x_wconf 63' lang='lat' dir='ltr'>laticlavia*</span> <span class='ocrx_word' id='word_1_447' title='bbox 980 1358 986 1368; x_wconf 92' lang='lat'>‚</span> <span class='ocrx_word' id='word_1_448' title='bbox 1014 1339 1059 1374; x_wconf 88' lang='lat' dir='ltr'>qui</span> <span class='ocrx_word' id='word_1_449' title='bbox 1073 1338 1157 1366; x_wconf 86' lang='lat' dir='ltr'>latum</span> <span class='ocrx_word' id='word_1_450' title='bbox 1173 1337 1279 1365; x_wconf 88' lang='lat' dir='ltr'>clavum</span> <span class='ocrx_word' id='word_1_451' title='bbox 1294 1337 1451 1376; x_wconf 84' lang='lat' dir='ltr'>usurpabant</span> <span class='ocrx_word' id='word_1_452' title='bbox 1464 1361 1473 1373; x_wconf 92' lang='lat'><em>,</em></span> <span class='ocrx_word' id='word_1_453' title='bbox 1501 1351 1616 1378; x_wconf 88' lang='lat' dir='ltr'>quorum</span> <span class='ocrx_word' id='word_1_454' title='bbox 1631 1345 1660 1373; x_wconf 83' lang='lat' dir='ltr'>hi</span> 
     </span>
     <span class='ocr_line' id='line_1_34' title="bbox 81 1373 1660 1412; baseline 0.007 -13"><span class='ocrx_word' id='word_1_455' title='bbox 81 1373 182 1408; x_wconf 73' lang='lat' dir='ltr'>majoris</span> <span class='ocrx_word' id='word_1_456' title='bbox 192 1395 200 1404; x_wconf 89' lang='lat'>,</span> <span class='ocrx_word' id='word_1_457' title='bbox 228 1375 265 1403; x_wconf 87' lang='lat' dir='ltr'>illi</span> <span class='ocrx_word' id='word_1_458' title='bbox 277 1375 378 1403; x_wconf 75' lang='lat' dir='ltr'>minoris</span> <span class='ocrx_word' id='word_1_459' title='bbox 391 1375 523 1412; x_wconf 66' lang='lat' dir='ltr'>dignitati,-</span> <span class='ocrx_word' id='word_1_460' title='bbox 535 1383 617 1403; x_wconf 83' lang='lat' dir='ltr'>erant.</span> <span class='ocrx_word' id='word_1_461' title='bbox 658 1376 719 1410; x_wconf 82' lang='lat' dir='ltr'>Qa</span> <span class='ocrx_word' id='word_1_462' title='bbox 733 1375 766 1402; x_wconf 90' lang='lat' dir='ltr'>de</span> <span class='ocrx_word' id='word_1_463' title='bbox 781 1384 810 1401; x_wconf 88' lang='lat' dir='ltr'>re</span> <span class='ocrx_word' id='word_1_464' title='bbox 824 1375 954 1403; x_wconf 78' lang='lat' dir='ltr'>Suetonius</span> <span class='ocrx_word' id='word_1_465' title='bbox 971 1375 998 1402; x_wconf 92' lang='lat' dir='ltr'>in</span> <span class='ocrx_word' id='word_1_466' title='bbox 1013 1376 1130 1412; x_wconf 87' lang='lat' dir='ltr'>Augusto</span> <span class='ocrx_word' id='word_1_467' title='bbox 1143 1396 1150 1407; x_wconf 82' lang='lat'>‚</span> <span class='ocrx_word' id='word_1_468' title='bbox 1179 1377 1290 1403; x_wconf 89' lang='lat' dir='ltr'>Nerone</span> <span class='ocrx_word' id='word_1_469' title='bbox 1303 1397 1311 1407; x_wconf 89' lang='lat'><em>,</em></span> <span class='ocrx_word' id='word_1_470' title='bbox 1337 1377 1449 1406; x_wconf 89' lang='lat' dir='ltr'>Othone</span> <span class='ocrx_word' id='word_1_471' title='bbox 1463 1398 1470 1409; x_wconf 84' lang='lat'>,</span> <span class='ocrx_word' id='word_1_472' title='bbox 1498 1380 1660 1410; x_wconf 84' lang='lat' dir='ltr'>Domitiano</span> 
     </span>
     <span class='ocr_line' id='line_1_35' title="bbox 79 1412 1658 1456; baseline 0.006 -18"><span class='ocrx_word' id='word_1_473' title='bbox 79 1413 106 1439; x_wconf 58' lang='grc' dir='ltr'>ἕκ-</span> <span class='ocrx_word' id='word_1_474' title='bbox 125 1412 152 1439; x_wconf 88' lang='lat' dir='ltr'>in</span> <span class='ocrx_word' id='word_1_475' title='bbox 171 1413 286 1440; x_wconf 83' lang='lat' dir='ltr'>eundern</span> <span class='ocrx_word' id='word_1_476' title='bbox 305 1412 421 1440; x_wconf 67' lang='lat' dir='ltr'>Lar-inus</span> <span class='ocrx_word' id='word_1_477' title='bbox 441 1413 593 1440; x_wconf 71' lang='lat' dir='ltr'>Torrentius.</span> <span class='ocrx_word' id='word_1_478' title='bbox 631 1412 765 1440; x_wconf 78' lang='lat' dir='ltr'>Adrianus</span> <span class='ocrx_word' id='word_1_479' title='bbox 783 1417 808 1439; x_wconf 89' lang='lat' dir='ltr'><em>T</em></span> <span class='ocrx_word' id='word_1_480' title='bbox 807 1412 911 1439; x_wconf 65' lang='lat' dir='ltr'>urraebur</span> <span class='ocrx_word' id='word_1_481' title='bbox 932 1412 1150 1441; x_wconf 84' lang='lat' dir='ltr'>Adversariorum</span> <span class='ocrx_word' id='word_1_482' title='bbox 1170 1412 1215 1440; x_wconf 88' lang='lat' dir='ltr'>lib.</span> <span class='ocrx_word' id='word_1_483' title='bbox 1234 1424 1257 1451; x_wconf 85' lang='lat'>3.</span> <span class='ocrx_word' id='word_1_484' title='bbox 1277 1422 1333 1450; x_wconf 82' lang='lat' dir='ltr'>cap.</span> <span class='ocrx_word' id='word_1_485' title='bbox 1347 1425 1389 1442; x_wconf 85' lang='lat'>21.</span> <span class='ocrx_word' id='word_1_486' title='bbox 1406 1418 1431 1444; x_wconf 86' lang='lat'>&amp;</span> <span class='ocrx_word' id='word_1_487' title='bbox 1447 1416 1491 1444; x_wconf 87' lang='lat' dir='ltr'>lib.</span> <span class='ocrx_word' id='word_1_488' title='bbox 1510 1427 1551 1445; x_wconf 89' lang='lat'>12.</span> <span class='ocrx_word' id='word_1_489' title='bbox 1565 1424 1658 1456; x_wconf 86' lang='lat' dir='ltr'>cap.6.</span> 
     </span>
     <span class='ocr_line' id='line_1_36' title="bbox 80 1449 1660 1488; baseline 0.006 -13"><span class='ocrx_word' id='word_1_490' title='bbox 80 1449 151 1477; x_wconf 88' lang='lat' dir='ltr'>Item</span> <span class='ocrx_word' id='word_1_491' title='bbox 166 1451 211 1478; x_wconf 90' lang='lat' dir='ltr'>lib.</span> <span class='ocrx_word' id='word_1_492' title='bbox 227 1461 266 1486; x_wconf 87' lang='lat'>¹7-</span> <span class='ocrx_word' id='word_1_493' title='bbox 280 1460 337 1487; x_wconf 82' lang='lat' dir='ltr'>cap.</span> <span class='ocrx_word' id='word_1_494' title='bbox 351 1462 389 1478; x_wconf 90' lang='lat'>11.</span> <span class='ocrx_word' id='word_1_495' title='bbox 429 1451 516 1477; x_wconf 64' lang='lat' dir='ltr'>Aldus</span> <span class='ocrx_word' id='word_1_496' title='bbox 535 1450 668 1477; x_wconf 72' lang='lat' dir='ltr'>Manutius</span> <span class='ocrx_word' id='word_1_497' title='bbox 679 1450 724 1478; x_wconf 88' lang='lat' dir='ltr'>lib.</span> <span class='ocrx_word' id='word_1_498' title='bbox 736 1461 760 1477; x_wconf 86' lang='lat'>2.</span> <span class='ocrx_word' id='word_1_499' title='bbox 774 1451 807 1478; x_wconf 89' lang='lat' dir='ltr'>de</span> <span class='ocrx_word' id='word_1_500' title='bbox 822 1451 942 1488; x_wconf 73' lang='lat' dir='ltr'>Qaefitis</span> <span class='ocrx_word' id='word_1_501' title='bbox 954 1460 1002 1488; x_wconf 86' lang='lat' dir='ltr'>per</span> <span class='ocrx_word' id='word_1_502' title='bbox 1016 1451 1153 1486; x_wconf 83' lang='lat' dir='ltr'>epistolam</span> <span class='ocrx_word' id='word_1_503' title='bbox 1168 1472 1175 1482; x_wconf 93' lang='lat'>,</span> <span class='ocrx_word' id='word_1_504' title='bbox 1203 1451 1310 1488; x_wconf 76' lang='lat' dir='ltr'>epistola</span> <span class='ocrx_word' id='word_1_505' title='bbox 1324 1461 1349 1479; x_wconf 88' lang='lat'>2.</span> <span class='ocrx_word' id='word_1_506' title='bbox 1366 1453 1455 1482; x_wconf 87' lang='lat' dir='ltr'>scribit</span> <span class='ocrx_word' id='word_1_507' title='bbox 1468 1475 1476 1486; x_wconf 88' lang='lat'>‚</span> <span class='ocrx_word' id='word_1_508' title='bbox 1503 1455 1565 1483; x_wconf 83' lang='lat' dir='ltr'>latos</span> <span class='ocrx_word' id='word_1_509' title='bbox 1579 1458 1660 1484; x_wconf 68' lang='lat' dir='ltr'>clavos</span> 
     </span>
     <span class='ocr_line' id='line_1_37' title="bbox 81 1487 1658 1528; baseline 0.004 -15"><span class='ocrx_word' id='word_1_510' title='bbox 81 1489 205 1516; x_wconf 86' lang='lat' dir='ltr'>omnium</span> <span class='ocrx_word' id='word_1_511' title='bbox 220 1488 294 1516; x_wconf 83' lang='lat' dir='ltr'>fuiffe</span> <span class='ocrx_word' id='word_1_512' title='bbox 307 1509 314 1520; x_wconf 92' lang='lat'><strong>‚</strong></span> <span class='ocrx_word' id='word_1_513' title='bbox 343 1490 390 1525; x_wconf 86' lang='lat' dir='ltr'>qui</span> <span class='ocrx_word' id='word_1_514' title='bbox 401 1489 442 1516; x_wconf 90' lang='lat' dir='ltr'>vel</span> <span class='ocrx_word' id='word_1_515' title='bbox 456 1496 531 1524; x_wconf 79' lang='lat' dir='ltr'>patre</span> <span class='ocrx_word' id='word_1_516' title='bbox 546 1487 666 1515; x_wconf 80' lang='lat' dir='ltr'>senatore</span> <span class='ocrx_word' id='word_1_517' title='bbox 678 1509 686 1519; x_wconf 90' lang='lat'>,</span> <span class='ocrx_word' id='word_1_518' title='bbox 714 1488 755 1515; x_wconf 85' lang='lat' dir='ltr'>vel</span> <span class='ocrx_word' id='word_1_519' title='bbox 769 1489 858 1525; x_wconf 82' lang='lat' dir='ltr'>equite</span> <span class='ocrx_word' id='word_1_520' title='bbox 874 1489 928 1516; x_wconf 88' lang='lat' dir='ltr'>nati</span> <span class='ocrx_word' id='word_1_521' title='bbox 941 1489 1024 1516; x_wconf 77' lang='lat' dir='ltr'>eilent</span> <span class='ocrx_word' id='word_1_522' title='bbox 1037 1499 1042 1515; x_wconf 97' lang='lat'>:</span> <span class='ocrx_word' id='word_1_523' title='bbox 1063 1498 1118 1516; x_wconf 88' lang='lat' dir='ltr'>non</span> <span class='ocrx_word' id='word_1_524' title='bbox 1133 1489 1243 1526; x_wconf 87' lang='lat' dir='ltr'>quidem</span> <span class='ocrx_word' id='word_1_525' title='bbox 1259 1488 1272 1516; x_wconf 74' lang='lat' dir='ltr'>a</span> <span class='ocrx_word' id='word_1_526' title='bbox 1285 1491 1379 1526; x_wconf 84' lang='lat' dir='ltr'>primis</span> <span class='ocrx_word' id='word_1_527' title='bbox 1394 1492 1467 1519; x_wconf 70' lang='lat' dir='ltr'>annis</span> <span class='ocrx_word' id='word_1_528' title='bbox 1480 1502 1529 1528; x_wconf 86' lang='lat' dir='ltr'>per</span> <span class='ocrx_word' id='word_1_529' title='bbox 1542 1504 1658 1523; x_wconf 83' lang='lat' dir='ltr'>ornnem</span> 
     </span>
     <span class='ocr_line' id='line_1_38' title="bbox 82 1525 1659 1566; baseline 0.006 -15"><span class='ocrx_word' id='word_1_530' title='bbox 82 1532 203 1558; x_wconf 73' lang='lat' dir='ltr'>aetatem,</span> <span class='ocrx_word' id='word_1_531' title='bbox 222 1526 267 1554; x_wconf 84' lang='lat' dir='ltr'>sed</span> <span class='ocrx_word' id='word_1_532' title='bbox 281 1526 312 1554; x_wconf 80' lang='lat' dir='ltr'>ab</span> <span class='ocrx_word' id='word_1_533' title='bbox 329 1536 371 1554; x_wconf 87' lang='lat' dir='ltr'>an.</span> <span class='ocrx_word' id='word_1_534' title='bbox 386 1537 435 1554; x_wconf 80' lang='lat' dir='ltr'>xvr</span> <span class='ocrx_word' id='word_1_535' title='bbox 446 1537 466 1554; x_wconf 84' lang='lat' dir='ltr'>x.</span> <span class='ocrx_word' id='word_1_536' title='bbox 480 1536 535 1563; x_wconf 87' lang='lat' dir='ltr'>quo</span> <span class='ocrx_word' id='word_1_537' title='bbox 549 1527 631 1554; x_wconf 86' lang='lat' dir='ltr'>etiam</span> <span class='ocrx_word' id='word_1_538' title='bbox 646 1525 725 1553; x_wconf 87' lang='lat' dir='ltr'>virilis</span> <span class='ocrx_word' id='word_1_539' title='bbox 740 1534 803 1563; x_wconf 83' lang='lat' dir='ltr'>toga</span> <span class='ocrx_word' id='word_1_540' title='bbox 815 1526 966 1554; x_wconf 79' lang='lat' dir='ltr'>sumebatur</span> <span class='ocrx_word' id='word_1_541' title='bbox 977 1527 1009 1553; x_wconf 87' lang='lat' dir='ltr'>ad</span> <span class='ocrx_word' id='word_1_542' title='bbox 1022 1535 1122 1553; x_wconf 90' lang='lat' dir='ltr'>annum</span> <span class='ocrx_word' id='word_1_543' title='bbox 1138 1528 1219 1554; x_wconf 75' lang='lat' dir='ltr'>aetatis</span> <span class='ocrx_word' id='word_1_544' title='bbox 1234 1526 1382 1555; x_wconf 73' lang='lat' dir='ltr'>senatoriae:</span> <span class='ocrx_word' id='word_1_545' title='bbox 1404 1539 1457 1566; x_wconf 90' lang='lat' dir='ltr'>quo</span> <span class='ocrx_word' id='word_1_546' title='bbox 1472 1539 1542 1558; x_wconf 90' lang='lat' dir='ltr'>anno</span> <span class='ocrx_word' id='word_1_547' title='bbox 1556 1533 1659 1560; x_wconf 78' lang='lat' dir='ltr'>curiam</span> 
     </span>
     <span class='ocr_line' id='line_1_39' title="bbox 81 1563 1658 1602; baseline 0.006 -13"><span class='ocrx_word' id='word_1_548' title='bbox 81 1563 290 1600; x_wconf 85' lang='lat' dir='ltr'>ingredientibus</span> <span class='ocrx_word' id='word_1_549' title='bbox 310 1564 467 1593; x_wconf 85' lang='lat' dir='ltr'>remanserit</span> <span class='ocrx_word' id='word_1_550' title='bbox 487 1564 605 1600; x_wconf 79' lang='lat' dir='ltr'>ejusdem</span> <span class='ocrx_word' id='word_1_551' title='bbox 619 1564 705 1591; x_wconf 73' lang='lat' dir='ltr'>tunica</span> <span class='ocrx_word' id='word_1_552' title='bbox 711 1566 758 1598; x_wconf 75' lang='lat' dir='ltr'>jus</span> <span class='ocrx_word' id='word_1_553' title='bbox 769 1585 776 1595; x_wconf 88' lang='lat'>‚</span> <span class='ocrx_word' id='word_1_554' title='bbox 802 1564 893 1592; x_wconf 85' lang='lat' dir='ltr'>addito</span> <span class='ocrx_word' id='word_1_555' title='bbox 907 1572 1033 1600; x_wconf 79' lang='lat' dir='ltr'>praeterea</span> <span class='ocrx_word' id='word_1_556' title='bbox 1046 1565 1123 1591; x_wconf 89' lang='lat' dir='ltr'>omni</span> <span class='ocrx_word' id='word_1_557' title='bbox 1138 1564 1240 1601; x_wconf 88' lang='lat' dir='ltr'>reliquo</span> <span class='ocrx_word' id='word_1_558' title='bbox 1253 1565 1313 1600; x_wconf 85' lang='lat' dir='ltr'>jure</span> <span class='ocrx_word' id='word_1_559' title='bbox 1327 1586 1334 1596; x_wconf 90' lang='lat'>‚</span> <span class='ocrx_word' id='word_1_560' title='bbox 1362 1575 1416 1602; x_wconf 87' lang='lat' dir='ltr'>quo</span> <span class='ocrx_word' id='word_1_561' title='bbox 1430 1566 1575 1597; x_wconf 84' lang='lat' dir='ltr'>senatorius</span> <span class='ocrx_word' id='word_1_562' title='bbox 1588 1571 1658 1598; x_wconf 89' lang='lat' dir='ltr'>ordo</span> 
     </span>
     <span class='ocr_line' id='line_1_40' title="bbox 81 1602 1655 1640; baseline 0.005 -13"><span class='ocrx_word' id='word_1_563' title='bbox 81 1603 211 1638; x_wconf 76' lang='lat' dir='ltr'>praecipue</span> <span class='ocrx_word' id='word_1_564' title='bbox 231 1602 384 1630; x_wconf 82' lang='lat' dir='ltr'>fruebatur:</span> <span class='ocrx_word' id='word_1_565' title='bbox 412 1604 449 1630; x_wconf 88' lang='lat' dir='ltr'>sm</span> <span class='ocrx_word' id='word_1_566' title='bbox 469 1611 560 1630; x_wconf 83' lang='lat' dir='ltr'>autem</span> <span class='ocrx_word' id='word_1_567' title='bbox 572 1603 726 1636; x_wconf 66' lang='lat' dir='ltr'>senator-:am</span> <span class='ocrx_word' id='word_1_568' title='bbox 746 1603 903 1640; x_wconf 77' lang='lat' dir='ltr'>dignitatem</span> <span class='ocrx_word' id='word_1_569' title='bbox 927 1612 982 1630; x_wconf 86' lang='lat' dir='ltr'>non</span> <span class='ocrx_word' id='word_1_570' title='bbox 1003 1602 1218 1639; x_wconf 79' lang='lat' dir='ltr'>assequerentur:</span> <span class='ocrx_word' id='word_1_571' title='bbox 1246 1603 1286 1630; x_wconf 80' lang='lat' dir='ltr'>ve]</span> <span class='ocrx_word' id='word_1_572' title='bbox 1307 1605 1367 1640; x_wconf 85' lang='lat' dir='ltr'>quia</span> <span class='ocrx_word' id='word_1_573' title='bbox 1387 1605 1490 1633; x_wconf 87' lang='lat' dir='ltr'>nollent</span> <span class='ocrx_word' id='word_1_574' title='bbox 1505 1627 1512 1637; x_wconf 89' lang='lat'>,</span> <span class='ocrx_word' id='word_1_575' title='bbox 1539 1608 1655 1635; x_wconf 84' lang='lat' dir='ltr'>otiosam</span> 
     </span>
     <span class='ocr_line' id='line_1_41' title="bbox 79 1639 1657 1683; baseline 0.004 -19"><span class='ocrx_word' id='word_1_576' title='bbox 79 1646 125 1666; x_wconf 86' lang='lat' dir='ltr'>aut</span> <span class='ocrx_word' id='word_1_577' title='bbox 138 1639 305 1676; x_wconf 82' lang='lat' dir='ltr'>tranquillam</span> <span class='ocrx_word' id='word_1_578' title='bbox 320 1641 403 1668; x_wconf 87' lang='lat' dir='ltr'>vitam</span> <span class='ocrx_word' id='word_1_579' title='bbox 419 1640 562 1667; x_wconf 83' lang='lat' dir='ltr'>honoribus</span> <span class='ocrx_word' id='word_1_580' title='bbox 576 1645 786 1675; x_wconf 78' lang='lat' dir='ltr'>anteponentes:</span> <span class='ocrx_word' id='word_1_581' title='bbox 810 1640 851 1667; x_wconf 88' lang='lat' dir='ltr'>vel</span> <span class='ocrx_word' id='word_1_582' title='bbox 866 1640 927 1677; x_wconf 81' lang='lat' dir='ltr'>quia</span> <span class='ocrx_word' id='word_1_583' title='bbox 940 1650 994 1667; x_wconf 90' lang='lat' dir='ltr'>non</span> <span class='ocrx_word' id='word_1_584' title='bbox 1008 1642 1112 1676; x_wconf 85' lang='lat' dir='ltr'>possent</span> <span class='ocrx_word' id='word_1_585' title='bbox 1125 1661 1132 1671; x_wconf 96' lang='lat'>,</span> <span class='ocrx_word' id='word_1_586' title='bbox 1151 1641 1236 1677; x_wconf 85' lang='lat' dir='ltr'>gratia</span> <span class='ocrx_word' id='word_1_587' title='bbox 1248 1641 1364 1669; x_wconf 67' lang='lat' dir='ltr'>destituti</span> <span class='ocrx_word' id='word_1_588' title='bbox 1379 1653 1386 1668; x_wconf 70' lang='grc' dir='ltr'>ι</span> <span class='ocrx_word' id='word_1_589' title='bbox 1408 1642 1459 1669; x_wconf 77' lang='lat' dir='ltr'>lato</span> <span class='ocrx_word' id='word_1_590' title='bbox 1473 1643 1540 1671; x_wconf 72' lang='lat' dir='ltr'>clavo</span> <span class='ocrx_word' id='word_1_591' title='bbox 1553 1644 1657 1683; x_wconf 71' lang='lat' dir='ltr'>depqsito</span> 
     </span>
     <span class='ocr_line' id='line_1_42' title="bbox 80 1677 1655 1719; baseline 0.004 -15"><span class='ocrx_word' id='word_1_592' title='bbox 80 1685 112 1702; x_wconf 77' lang='lat' dir='ltr'>an</span> <span class='ocrx_word' id='word_1_593' title='bbox 134 1678 219 1704; x_wconf 87' lang='lat' dir='ltr'>ustum</span> <span class='ocrx_word' id='word_1_594' title='bbox 233 1677 404 1714; x_wconf 74' lang='lat' dir='ltr'>simipserint:</span> <span class='ocrx_word' id='word_1_595' title='bbox 426 1680 457 1707; x_wconf 89' lang='lat' dir='ltr'>ad</span> <span class='ocrx_word' id='word_1_596' title='bbox 472 1687 550 1715; x_wconf 80' lang='lat' dir='ltr'>quarn</span> <span class='ocrx_word' id='word_1_597' title='bbox 566 1678 727 1706; x_wconf 84' lang='lat' dir='ltr'>sententiam.</span> <span class='ocrx_word' id='word_1_598' title='bbox 738 1677 904 1714; x_wconf 80' lang='lat' dir='ltr'>probandam</span> <span class='ocrx_word' id='word_1_599' title='bbox 919 1677 1020 1710; x_wconf 73' lang='lat' dir='ltr'>Ovidii,</span> <span class='ocrx_word' id='word_1_600' title='bbox 1042 1681 1069 1707; x_wconf 70' lang='grc' dir='ltr'>ὃ(</span> <span class='ocrx_word' id='word_1_601' title='bbox 1081 1678 1194 1706; x_wconf 69' lang='lat' dir='ltr'>Suetonii</span> <span class='ocrx_word' id='word_1_602' title='bbox 1208 1679 1359 1707; x_wconf 87' lang='lat' dir='ltr'>testimonia</span> <span class='ocrx_word' id='word_1_603' title='bbox 1372 1680 1490 1713; x_wconf 85' lang='lat' dir='ltr'>adducit.</span> <span class='ocrx_word' id='word_1_604' title='bbox 1514 1691 1572 1719; x_wconf 86' lang='lat' dir='ltr'>quae</span> <span class='ocrx_word' id='word_1_605' title='bbox 1586 1683 1655 1719; x_wconf 83' lang='lat' dir='ltr'>apud</span> 
     </span>
     <span class='ocr_line' id='line_1_43' title="bbox 76 1713 258 1753; baseline 0.011 -13"><span class='ocrx_word' id='word_1_606' title='bbox 76 1713 104 1749; x_wconf 82' lang='lat' dir='ltr'>ip</span> <span class='ocrx_word' id='word_1_607' title='bbox 117 1724 162 1742; x_wconf 90' lang='lat' dir='ltr'>um</span> <span class='ocrx_word' id='word_1_608' title='bbox 175 1715 258 1753; x_wconf 82' lang='lat' dir='ltr'>leges.</span> 
     </span>
    </p>

    <p class='ocr_par' dir='ltr' id='par_1_8' title="bbox 79 1752 1653 1830">
     <span class='ocr_line' id='line_1_44' title="bbox 118 1752 1653 1794; baseline 0.005 -15"><span class='ocrx_word' id='word_1_609' title='bbox 118 1754 266 1781; x_wconf 75' lang='lat' dir='ltr'>Palmatam</span> <span class='ocrx_word' id='word_1_610' title='bbox 287 1753 399 1782; x_wconf 79' lang='lat' dir='ltr'>tunicam</span> <span class='ocrx_word' id='word_1_611' title='bbox 418 1755 492 1782; x_wconf 88' lang='lat' dir='ltr'>idem</span> <span class='ocrx_word' id='word_1_612' title='bbox 512 1752 646 1782; x_wconf 73' lang='lat' dir='ltr'>Manutius</span> <span class='ocrx_word' id='word_1_613' title='bbox 667 1753 741 1782; x_wconf 78' lang='lat' dir='ltr'>fuisse</span> <span class='ocrx_word' id='word_1_614' title='bbox 760 1753 900 1783; x_wconf 84' lang='lat' dir='ltr'>arbitratur</span> <span class='ocrx_word' id='word_1_615' title='bbox 913 1775 921 1786; x_wconf 96' lang='lat'><em>‚</em></span> <span class='ocrx_word' id='word_1_616' title='bbox 947 1763 1027 1792; x_wconf 84' lang='lat' dir='ltr'>quam</span> <span class='ocrx_word' id='word_1_617' title='bbox 1048 1755 1243 1792; x_wconf 81' lang='lat' dir='ltr'>triumphantes</span> <span class='ocrx_word' id='word_1_618' title='bbox 1263 1762 1326 1792; x_wconf 87' lang='lat' dir='ltr'>toga</span> <span class='ocrx_word' id='word_1_619' title='bbox 1345 1756 1415 1792; x_wconf 63' lang='lat' dir='ltr'>pieta</span> <span class='ocrx_word' id='word_1_620' title='bbox 1435 1756 1653 1794; x_wconf 71' lang='lat' dir='ltr'>superimposita,</span> 
     </span>
     <span class='ocr_line' id='line_1_45' title="bbox 79 1793 616 1830; baseline 0.006 -13"><span class='ocrx_word' id='word_1_621' title='bbox 79 1798 205 1827; x_wconf 76' lang='lat' dir='ltr'>tanquam</span> <span class='ocrx_word' id='word_1_622' title='bbox 219 1793 320 1830; x_wconf 84' lang='lat' dir='ltr'>infigne</span> <span class='ocrx_word' id='word_1_623' title='bbox 333 1793 463 1825; x_wconf 64' lang='lat' dir='ltr'>vistoriae,</span> <span class='ocrx_word' id='word_1_624' title='bbox 483 1793 616 1830; x_wconf 80' lang='lat' dir='ltr'>gestarint.</span> 
     </span>
    </p>

    <p class='ocr_par' dir='ltr' id='par_1_9' title="bbox 77 1829 1655 1982">
     <span class='ocr_line' id='line_1_46' title="bbox 120 1829 1655 1869; baseline 0.002 -14"><span class='ocrx_word' id='word_1_625' title='bbox 120 1830 192 1858; x_wconf 83' lang='lat' dir='ltr'>Sicut</span> <span class='ocrx_word' id='word_1_626' title='bbox 210 1838 302 1859; x_wconf 90' lang='lat' dir='ltr'>autem</span> <span class='ocrx_word' id='word_1_627' title='bbox 321 1831 406 1858; x_wconf 78' lang='lat' dir='ltr'>tunica</span> <span class='ocrx_word' id='word_1_628' title='bbox 425 1833 542 1859; x_wconf 78' lang='lat' dir='ltr'>exterior</span> <span class='ocrx_word' id='word_1_629' title='bbox 560 1831 604 1859; x_wconf 83' lang='lat' dir='ltr'>illa</span> <span class='ocrx_word' id='word_1_630' title='bbox 625 1831 700 1858; x_wconf 86' lang='lat' dir='ltr'>vestis</span> <span class='ocrx_word' id='word_1_631' title='bbox 720 1829 855 1859; x_wconf 84' lang='lat' dir='ltr'>dicebatur</span> <span class='ocrx_word' id='word_1_632' title='bbox 875 1839 931 1868; x_wconf 75' lang='lat' dir='ltr'>quae</span> <span class='ocrx_word' id='word_1_633' title='bbox 951 1838 1019 1869; x_wconf 84' lang='lat' dir='ltr'>togae</span> <span class='ocrx_word' id='word_1_634' title='bbox 1038 1830 1232 1869; x_wconf 86' lang='lat' dir='ltr'>supponebatur</span> <span class='ocrx_word' id='word_1_635' title='bbox 1244 1850 1251 1861; x_wconf 88' lang='lat'>,</span> <span class='ocrx_word' id='word_1_636' title='bbox 1279 1832 1314 1858; x_wconf 82' lang='lat' dir='ltr'>ita</span> <span class='ocrx_word' id='word_1_637' title='bbox 1325 1829 1445 1864; x_wconf 71' lang='lat' dir='ltr'>subucula</span> <span class='ocrx_word' id='word_1_638' title='bbox 1461 1833 1571 1860; x_wconf 83' lang='lat' dir='ltr'>interior</span> <span class='ocrx_word' id='word_1_639' title='bbox 1585 1836 1655 1863; x_wconf 71' lang='lat' dir='ltr'>tuni-</span> 
     </span>
     <span class='ocr_line' id='line_1_47' title="bbox 81 1868 1651 1907; baseline 0.005 -15"><span class='ocrx_word' id='word_1_640' title='bbox 81 1875 126 1896; x_wconf 88' lang='lat' dir='ltr'>ca,</span> <span class='ocrx_word' id='word_1_641' title='bbox 147 1876 204 1903; x_wconf 76' lang='lat' dir='ltr'>quae</span> <span class='ocrx_word' id='word_1_642' title='bbox 223 1871 347 1904; x_wconf 85' lang='lat' dir='ltr'>proxime</span> <span class='ocrx_word' id='word_1_643' title='bbox 364 1877 454 1897; x_wconf 87' lang='lat' dir='ltr'>cutem</span> <span class='ocrx_word' id='word_1_644' title='bbox 474 1870 629 1907; x_wconf 83' lang='lat' dir='ltr'>attingebat.</span> <span class='ocrx_word' id='word_1_645' title='bbox 669 1871 788 1896; x_wconf 83' lang='lat' dir='ltr'>Tantum</span> <span class='ocrx_word' id='word_1_646' title='bbox 811 1869 843 1896; x_wconf 86' lang='lat' dir='ltr'>de</span> <span class='ocrx_word' id='word_1_647' title='bbox 862 1868 961 1901; x_wconf 71' lang='lat' dir='ltr'>tunica,</span> <span class='ocrx_word' id='word_1_648' title='bbox 981 1870 1015 1897; x_wconf 89' lang='lat' dir='ltr'>de</span> <span class='ocrx_word' id='word_1_649' title='bbox 1034 1878 1086 1906; x_wconf 83' lang='lat' dir='ltr'>qua</span> <span class='ocrx_word' id='word_1_650' title='bbox 1104 1877 1198 1905; x_wconf 69' lang='lat' dir='ltr'>practer</span> <span class='ocrx_word' id='word_1_651' title='bbox 1217 1878 1277 1899; x_wconf 73' lang='lat' dir='ltr'>em,</span> <span class='ocrx_word' id='word_1_652' title='bbox 1297 1877 1362 1904; x_wconf 77' lang='lat' dir='ltr'>quos</span> <span class='ocrx_word' id='word_1_653' title='bbox 1383 1869 1476 1902; x_wconf 83' lang='lat' dir='ltr'>citavi,</span> <span class='ocrx_word' id='word_1_654' title='bbox 1497 1870 1651 1907; x_wconf 78' lang='lat' dir='ltr'>scriptores,</span> 
     </span>
     <span class='ocr_line' id='line_1_48' title="bbox 80 1904 1653 1948; baseline 0.003 -15"><span class='ocrx_word' id='word_1_655' title='bbox 80 1904 162 1931; x_wconf 64' lang='lat' dir='ltr'>etiam</span> <span class='ocrx_word' id='word_1_656' title='bbox 176 1909 294 1934; x_wconf 61' lang='lat' dir='ltr'>Lazarus</span> <span class='ocrx_word' id='word_1_657' title='bbox 306 1906 409 1944; x_wconf 69' lang='lat' dir='ltr'>Bzyfius</span> <span class='ocrx_word' id='word_1_658' title='bbox 420 1907 490 1936; x_wconf 87' lang='lat' dir='ltr'>libro</span> <span class='ocrx_word' id='word_1_659' title='bbox 504 1909 537 1936; x_wconf 87' lang='lat' dir='ltr'>de</span> <span class='ocrx_word' id='word_1_660' title='bbox 551 1918 579 1936; x_wconf 88' lang='lat' dir='ltr'>re</span> <span class='ocrx_word' id='word_1_661' title='bbox 594 1907 725 1940; x_wconf 76' lang='lat' dir='ltr'>vestiaria,</span> <span class='ocrx_word' id='word_1_662' title='bbox 747 1916 803 1943; x_wconf 83' lang='lat' dir='ltr'>cap.</span> <span class='ocrx_word' id='word_1_663' title='bbox 820 1916 860 1934; x_wconf 86' lang='lat'>12.</span> <span class='ocrx_word' id='word_1_664' title='bbox 879 1907 1036 1945; x_wconf 70' lang='lat' dir='ltr'>PVolsgangus</span> <span class='ocrx_word' id='word_1_665' title='bbox 1050 1907 1150 1935; x_wconf 55' lang='lat' dir='ltr'>Lanius</span> <span class='ocrx_word' id='word_1_666' title='bbox 1162 1905 1207 1933; x_wconf 84' lang='lat' dir='ltr'>lib.</span> <span class='ocrx_word' id='word_1_667' title='bbox 1219 1907 1246 1934; x_wconf 83' lang='lat'>8.</span> <span class='ocrx_word' id='word_1_668' title='bbox 1268 1907 1536 1936; x_wconf 78' lang='lat' dir='ltr'>Commentariorum</span> <span class='ocrx_word' id='word_1_669' title='bbox 1556 1911 1653 1948; x_wconf 77' lang='lat' dir='ltr'>Reipu-</span> 
     </span>
     <span class='ocr_line' id='line_1_49' title="bbox 77 1940 427 1982; baseline 0.014 -13"><span class='ocrx_word' id='word_1_670' title='bbox 77 1940 151 1970; x_wconf 75' lang='lat' dir='ltr'>blica:</span> <span class='ocrx_word' id='word_1_671' title='bbox 166 1943 310 1977; x_wconf 76' lang='lat' dir='ltr'>Romanae,</span> <span class='ocrx_word' id='word_1_672' title='bbox 332 1953 388 1982; x_wconf 84' lang='lat' dir='ltr'>cap.</span> <span class='ocrx_word' id='word_1_673' title='bbox 400 1955 427 1978; x_wconf 82' lang='lat'>4.</span> 
     </span>
    </p>
   </div>
   <div class='ocr_carea' id='block_1_3' title="bbox 395 553 498 561">
    <p class='ocr_par' dir='ltr' id='par_1_10' title="bbox 395 553 498 561">
     <span class='ocr_line' id='line_1_50' title="bbox 395 553 498 561; baseline 0 2173"><span class='ocrx_word' id='word_1_674' title='bbox 395 553 498 561; x_wconf 95' lang='lat' dir='ltr'> </span> 
     </span>
    </p>
   </div>
   <div class='ocr_carea' id='block_1_4' title="bbox 701 2007 1028 2100">
    <p class='ocr_par' dir='ltr' id='par_1_11' title="bbox 701 2007 1028 2100">
     <span class='ocr_line' id='line_1_51' title="bbox 701 2007 1028 2035; baseline 0 -1"><span class='ocrx_word' id='word_1_675' title='bbox 701 2007 725 2034; x_wconf 89' lang='lat' dir='ltr'>C</span> <span class='ocrx_word' id='word_1_676' title='bbox 754 2017 770 2034; x_wconf 74' lang='lat' dir='ltr'>A</span> <span class='ocrx_word' id='word_1_677' title='bbox 799 2017 822 2034; x_wconf 76' lang='lat' dir='ltr'>P.</span> <span class='ocrx_word' id='word_1_678' title='bbox 872 2008 1028 2035; x_wconf 84' lang='lat' dir='ltr'>XXXIV.</span> 
     </span>
     <span class='ocr_line' id='line_1_52' title="bbox 777 2064 955 2100; baseline -0.017 0"><span class='ocrx_word' id='word_1_679' title='bbox 777 2069 827 2100; x_wconf 82' lang='lat' dir='ltr'>De</span> <span class='ocrx_word' id='word_1_680' title='bbox 842 2064 955 2098; x_wconf 77' lang='lat' dir='ltr'>trabea.</span> 
     </span>
    </p>
   </div>
   <div class='ocr_carea' id='block_1_5' title="bbox 71 2141 1654 2300">
    <p class='ocr_par' dir='ltr' id='par_1_12' title="bbox 71 2141 1654 2300">
     <span class='ocr_line' id='line_1_53' title="bbox 142 2141 1654 2183; baseline -0.002 -9"><span class='ocrx_word' id='word_1_681' title='bbox 142 2146 212 2174; x_wconf 87' lang='lat' dir='ltr'>dhuc</span> <span class='ocrx_word' id='word_1_682' title='bbox 232 2146 266 2173; x_wconf 88' lang='lat' dir='ltr'>de</span> <span class='ocrx_word' id='word_1_683' title='bbox 285 2144 370 2174; x_wconf 78' lang='lat' dir='ltr'>trabea</span> <span class='ocrx_word' id='word_1_684' title='bbox 384 2145 460 2174; x_wconf 87' lang='lat' dir='ltr'>nobis</span> <span class='ocrx_word' id='word_1_685' title='bbox 473 2147 606 2183; x_wconf 84' lang='lat' dir='ltr'>agendum</span> <span class='ocrx_word' id='word_1_686' title='bbox 622 2146 657 2173; x_wconf 87' lang='lat' dir='ltr'>est</span> <span class='ocrx_word' id='word_1_687' title='bbox 672 2166 680 2178; x_wconf 92' lang='lat'>‚</span> <span class='ocrx_word' id='word_1_688' title='bbox 706 2152 850 2182; x_wconf 79' lang='lat' dir='ltr'>antequam</span> <span class='ocrx_word' id='word_1_689' title='bbox 865 2145 898 2172; x_wconf 85' lang='lat' dir='ltr'>ad</span> <span class='ocrx_word' id='word_1_690' title='bbox 914 2142 1053 2170; x_wconf 80' lang='lat' dir='ltr'>muliebria</span> <span class='ocrx_word' id='word_1_691' title='bbox 1066 2141 1223 2169; x_wconf 80' lang='lat' dir='ltr'>vestimenta</span> <span class='ocrx_word' id='word_1_692' title='bbox 1237 2141 1392 2169; x_wconf 84' lang='lat' dir='ltr'>accedamus</span> <span class='ocrx_word' id='word_1_693' title='bbox 1405 2161 1412 2173; x_wconf 90' lang='lat'>,</span> <span class='ocrx_word' id='word_1_694' title='bbox 1441 2142 1485 2183; x_wconf 79' lang='lat' dir='ltr'>ubi</span> <span class='ocrx_word' id='word_1_695' title='bbox 1500 2150 1590 2171; x_wconf 83' lang='lat' dir='ltr'>tamcn</span> <span class='ocrx_word' id='word_1_696' title='bbox 1603 2154 1654 2173; x_wconf 81' lang='lat' dir='ltr'>nos</span> 
     </span>
     <span class='ocr_line' id='line_1_54' title="bbox 158 2179 1652 2221; baseline -0.001 -9"><span class='ocrx_word' id='word_1_697' title='bbox 158 2186 246 2221; x_wconf 85' lang='lat' dir='ltr'>paucis</span> <span class='ocrx_word' id='word_1_698' title='bbox 266 2185 446 2221; x_wconf 84' lang='lat' dir='ltr'>expediemus.</span> <span class='ocrx_word' id='word_1_699' title='bbox 470 2189 570 2212; x_wconf 66' lang='lat' dir='ltr'>Sueten.</span> <span class='ocrx_word' id='word_1_700' title='bbox 591 2186 618 2212; x_wconf 91' lang='lat' dir='ltr'>in</span> <span class='ocrx_word' id='word_1_701' title='bbox 633 2184 649 2211; x_wconf 92' lang='lat' dir='ltr'>l.</span> <span class='ocrx_word' id='word_1_702' title='bbox 664 2185 698 2212; x_wconf 92' lang='lat' dir='ltr'>de</span> <span class='ocrx_word' id='word_1_703' title='bbox 713 2184 875 2211; x_wconf 82' lang='lat' dir='ltr'>vestimentis</span> <span class='ocrx_word' id='word_1_704' title='bbox 889 2204 895 2213; x_wconf 87' lang='lat'>,</span> <span class='ocrx_word' id='word_1_705' title='bbox 916 2181 1028 2209; x_wconf 81' lang='lat' dir='ltr'>authore</span> <span class='ocrx_word' id='word_1_706' title='bbox 1042 2180 1132 2207; x_wconf 73' lang='lat' dir='ltr'>Servio</span> <span class='ocrx_word' id='word_1_707' title='bbox 1145 2200 1153 2211; x_wconf 92' lang='lat'><em>‚</em></span> <span class='ocrx_word' id='word_1_708' title='bbox 1174 2181 1200 2207; x_wconf 92' lang='lat' dir='ltr'>in</span> <span class='ocrx_word' id='word_1_709' title='bbox 1213 2179 1265 2215; x_wconf 84' lang='lat'>1.7.</span> <span class='ocrx_word' id='word_1_710' title='bbox 1293 2181 1400 2217; x_wconf 75' lang='lat' dir='ltr'>Virgilii</span> <span class='ocrx_word' id='word_1_711' title='bbox 1415 2201 1422 2212; x_wconf 88' lang='lat'>‚</span> <span class='ocrx_word' id='word_1_712' title='bbox 1441 2189 1493 2208; x_wconf 82' lang='lat' dir='ltr'>trm</span> <span class='ocrx_word' id='word_1_713' title='bbox 1506 2181 1652 2211; x_wconf 76' lang='lat' dir='ltr'>trabearum</span> 
     </span>
     <span class='ocr_line' id='line_1_55' title="bbox 71 2216 1654 2262; baseline -0.004 -10"><span class='ocrx_word' id='word_1_714' title='bbox 71 2234 167 2262; x_wconf 74' lang='lat' dir='ltr'>genera</span> <span class='ocrx_word' id='word_1_715' title='bbox 186 2222 260 2250; x_wconf 76' lang='lat' dir='ltr'>fuisse</span> <span class='ocrx_word' id='word_1_716' title='bbox 278 2223 413 2250; x_wconf 79' lang='lat' dir='ltr'>ostendit:</span> <span class='ocrx_word' id='word_1_717' title='bbox 439 2231 523 2249; x_wconf 89' lang='lat' dir='ltr'>unum</span> <span class='ocrx_word' id='word_1_718' title='bbox 542 2221 556 2250; x_wconf 81' lang='grc' dir='ltr'>ὲ</span> <span class='ocrx_word' id='word_1_719' title='bbox 567 2222 623 2256; x_wconf 69' lang='lat' dir='ltr'>fila</span> <span class='ocrx_word' id='word_1_720' title='bbox 636 2231 749 2256; x_wconf 67' lang='lat' dir='ltr'>purpura</span> <span class='ocrx_word' id='word_1_721' title='bbox 764 2242 772 2253; x_wconf 88' lang='lat'>‚</span> <span class='ocrx_word' id='word_1_722' title='bbox 792 2221 849 2248; x_wconf 87' lang='lat' dir='ltr'>Diis</span> <span class='ocrx_word' id='word_1_723' title='bbox 868 2219 1066 2248; x_wconf 80' lang='lat' dir='ltr'>consecratum,</span> <span class='ocrx_word' id='word_1_724' title='bbox 1087 2218 1200 2246; x_wconf 85' lang='lat' dir='ltr'>alterum</span> <span class='ocrx_word' id='word_1_725' title='bbox 1221 2216 1235 2245; x_wconf 83' lang='grc' dir='ltr'>ὲ</span> <span class='ocrx_word' id='word_1_726' title='bbox 1248 2226 1360 2252; x_wconf 76' lang='lat' dir='ltr'>pwpura</span> <span class='ocrx_word' id='word_1_727' title='bbox 1379 2228 1427 2245; x_wconf 81' lang='lat' dir='ltr'>non</span> <span class='ocrx_word' id='word_1_728' title='bbox 1437 2217 1495 2257; x_wconf 79' lang='lat' dir='ltr'>fine</span> <span class='ocrx_word' id='word_1_729' title='bbox 1511 2218 1579 2252; x_wconf 79' lang='lat' dir='ltr'>albo,</span> <span class='ocrx_word' id='word_1_730' title='bbox 1600 2231 1654 2258; x_wconf 85' lang='lat' dir='ltr'>quo</span> 
     </span>
     <span class='ocr_line' id='line_1_56' title="bbox 79 2256 1654 2300; baseline -0.003 -10"><span class='ocrx_word' id='word_1_731' title='bbox 79 2264 168 2300; x_wconf 86' lang='lat' dir='ltr'>Reges</span> <span class='ocrx_word' id='word_1_732' title='bbox 186 2261 222 2288; x_wconf 80' lang='lat' dir='ltr'>uli</span> <span class='ocrx_word' id='word_1_733' title='bbox 236 2260 334 2288; x_wconf 84' lang='lat' dir='ltr'>fuerint</span> <span class='ocrx_word' id='word_1_734' title='bbox 349 2271 354 2288; x_wconf 89' lang='lat'>:</span> <span class='ocrx_word' id='word_1_735' title='bbox 375 2260 485 2288; x_wconf 80' lang='lat' dir='ltr'>tertium</span> <span class='ocrx_word' id='word_1_736' title='bbox 499 2260 618 2297; x_wconf 82' lang='lat' dir='ltr'>augurale</span> <span class='ocrx_word' id='word_1_737' title='bbox 631 2259 644 2286; x_wconf 79' lang='grc' dir='ltr'><strong><em>ὲ</em></strong></span> <span class='ocrx_word' id='word_1_738' title='bbox 652 2269 763 2295; x_wconf 70' lang='lat' dir='ltr'>purpura</span> <span class='ocrx_word' id='word_1_739' title='bbox 778 2258 818 2291; x_wconf 54' lang='grc' dir='ltr'>ἐς</span> <span class='ocrx_word' id='word_1_740' title='bbox 832 2267 901 2286; x_wconf 79' lang='lat' dir='ltr'>cocco.</span> <span class='ocrx_word' id='word_1_741' title='bbox 941 2259 982 2284; x_wconf 88' lang='lat' dir='ltr'>De</span> <span class='ocrx_word' id='word_1_742' title='bbox 996 2266 1021 2292; x_wconf 71' lang='lat' dir='ltr'>px</span> <span class='ocrx_word' id='word_1_743' title='bbox 1029 2257 1086 2284; x_wconf 85' lang='lat' dir='ltr'>imo</span> <span class='ocrx_word' id='word_1_744' title='bbox 1101 2265 1198 2293; x_wconf 83' lang='lat' dir='ltr'>genere</span> <span class='ocrx_word' id='word_1_745' title='bbox 1211 2265 1266 2283; x_wconf 91' lang='lat' dir='ltr'>non</span> <span class='ocrx_word' id='word_1_746' title='bbox 1281 2256 1317 2282; x_wconf 88' lang='lat' dir='ltr'>est</span> <span class='ocrx_word' id='word_1_747' title='bbox 1330 2265 1412 2292; x_wconf 83' lang='lat' dir='ltr'>opus,</span> <span class='ocrx_word' id='word_1_748' title='bbox 1433 2264 1462 2283; x_wconf 89' lang='lat' dir='ltr'>ut</span> <span class='ocrx_word' id='word_1_749' title='bbox 1477 2257 1561 2285; x_wconf 84' lang='lat' dir='ltr'>multa</span> <span class='ocrx_word' id='word_1_750' title='bbox 1576 2259 1654 2286; x_wconf 84' lang='lat' dir='ltr'>verba</span> 
     </span>
    </p>
   </div>
   <div class='ocr_carea' id='block_1_6' title="bbox 76 2293 1656 2335">
    <p class='ocr_par' dir='ltr' id='par_1_13' title="bbox 76 2293 1656 2335">
     <span class='ocr_line' id='line_1_57' title="bbox 76 2293 1656 2335; baseline -0.002 -10"><span class='ocrx_word' id='word_1_751' title='bbox 76 2299 182 2328; x_wconf 71' lang='lat' dir='ltr'>faciam.</span> <span class='ocrx_word' id='word_1_752' title='bbox 221 2299 326 2325; x_wconf 67' lang='lat' dir='ltr'>Secundi</span> <span class='ocrx_word' id='word_1_753' title='bbox 340 2297 439 2335; x_wconf 67' lang='lat' dir='ltr'>generis</span> <span class='ocrx_word' id='word_1_754' title='bbox 458 2297 546 2324; x_wconf 71' lang='lat' dir='ltr'>trabea</span> <span class='ocrx_word' id='word_1_755' title='bbox 562 2297 668 2327; x_wconf 86' lang='lat' dir='ltr'>fuerunt</span> <span class='ocrx_word' id='word_1_756' title='bbox 687 2306 741 2334; x_wconf 78' lang='lat' dir='ltr'>prae</span> <span class='ocrx_word' id='word_1_757' title='bbox 762 2297 868 2333; x_wconf 88' lang='lat' dir='ltr'>reliquis</span> <span class='ocrx_word' id='word_1_758' title='bbox 889 2298 916 2323; x_wconf 88' lang='lat' dir='ltr'>in</span> <span class='ocrx_word' id='word_1_759' title='bbox 934 2296 1054 2323; x_wconf 74' lang='lat' dir='ltr'>maximo</span> <span class='ocrx_word' id='word_1_760' title='bbox 1067 2295 1135 2330; x_wconf 77' lang='lat' dir='ltr'>apud</span> <span class='ocrx_word' id='word_1_761' title='bbox 1151 2296 1291 2321; x_wconf 79' lang='lat' dir='ltr'>Romanos</span> <span class='ocrx_word' id='word_1_762' title='bbox 1306 2293 1359 2321; x_wconf 85' lang='lat' dir='ltr'>usu.</span> <span class='ocrx_word' id='word_1_763' title='bbox 1400 2295 1466 2322; x_wconf 88' lang='lat' dir='ltr'>Non</span> <span class='ocrx_word' id='word_1_764' title='bbox 1478 2296 1550 2322; x_wconf 87' lang='lat' dir='ltr'>enim</span> <span class='ocrx_word' id='word_1_765' title='bbox 1568 2298 1656 2333; x_wconf 71' lang='lat' dir='ltr'>Reges</span> 
     </span>
    </p>
   </div>
   <div class='ocr_carea' id='block_1_7' title="bbox 46 2331 1657 2373">
    <p class='ocr_par' dir='ltr' id='par_1_14' title="bbox 46 2331 1657 2373">
     <span class='ocr_line' id='line_1_58' title="bbox 46 2331 1657 2373; baseline -0.001 -10"><span class='ocrx_word' id='word_1_766' title='bbox 46 2361 48 2363; x_wconf 74' lang='grc'><strong>,</strong></span> <span class='ocrx_word' id='word_1_767' title='bbox 75 2345 179 2366; x_wconf 89' lang='lat' dir='ltr'>tanturn</span> <span class='ocrx_word' id='word_1_768' title='bbox 194 2359 202 2369; x_wconf 92' lang='lat'><em>‚</em></span> <span class='ocrx_word' id='word_1_769' title='bbox 232 2346 324 2364; x_wconf 87' lang='lat' dir='ltr'>verum</span> <span class='ocrx_word' id='word_1_770' title='bbox 346 2337 428 2364; x_wconf 86' lang='lat' dir='ltr'>etiam</span> <span class='ocrx_word' id='word_1_771' title='bbox 449 2336 526 2371; x_wconf 75' lang='lat' dir='ltr'>pullis</span> <span class='ocrx_word' id='word_1_772' title='bbox 548 2335 667 2373; x_wconf 83' lang='lat' dir='ltr'>Regibus</span> <span class='ocrx_word' id='word_1_773' title='bbox 687 2335 816 2363; x_wconf 80' lang='lat' dir='ltr'>Consules</span> <span class='ocrx_word' id='word_1_774' title='bbox 830 2345 834 2361; x_wconf 98' lang='lat'>:</span> <span class='ocrx_word' id='word_1_775' title='bbox 863 2335 929 2362; x_wconf 85' lang='lat' dir='ltr'>item</span> <span class='ocrx_word' id='word_1_776' title='bbox 945 2334 1045 2370; x_wconf 83' lang='lat' dir='ltr'>equites</span> <span class='ocrx_word' id='word_1_777' title='bbox 1060 2353 1067 2364; x_wconf 93' lang='lat'>‚</span> <span class='ocrx_word' id='word_1_778' title='bbox 1095 2342 1157 2360; x_wconf 87' lang='lat' dir='ltr'>cum</span> <span class='ocrx_word' id='word_1_779' title='bbox 1171 2332 1280 2360; x_wconf 80' lang='lat' dir='ltr'>trabeati</span> <span class='ocrx_word' id='word_1_780' title='bbox 1295 2331 1382 2360; x_wconf 85' lang='lat' dir='ltr'>idibus</span> <span class='ocrx_word' id='word_1_781' title='bbox 1397 2333 1560 2369; x_wconf 83' lang='lat' dir='ltr'>Qintilibus</span> <span class='ocrx_word' id='word_1_782' title='bbox 1575 2342 1657 2361; x_wconf 82' lang='lat' dir='ltr'>trans-</span> 
     </span>
    </p>
   </div>
   <div class='ocr_carea' id='block_1_8' title="bbox 74 2370 1658 2437">
    <p class='ocr_par' dir='ltr' id='par_1_15' title="bbox 74 2370 1658 2437">
     <span class='ocr_line' id='line_1_59' title="bbox 74 2370 1657 2436; baseline -0.003 -33"><span class='ocrx_word' id='word_1_783' title='bbox 74 2375 231 2404; x_wconf 68' lang='lat' dir='ltr'>veherentur</span> <span class='ocrx_word' id='word_1_784' title='bbox 245 2396 253 2408; x_wconf 83' lang='lat'>,</span> <span class='ocrx_word' id='word_1_785' title='bbox 277 2384 319 2403; x_wconf 78' lang='lat' dir='ltr'>eas</span> <span class='ocrx_word' id='word_1_786' title='bbox 340 2375 505 2410; x_wconf 70' lang='lat' dir='ltr'>ulurparunt.</span> <span class='ocrx_word' id='word_1_787' title='bbox 546 2374 579 2402; x_wconf 91' lang='lat' dir='ltr'>Et</span> <span class='ocrx_word' id='word_1_788' title='bbox 600 2374 736 2409; x_wconf 44' lang='lat' dir='ltr'>oon-sulum</span> <span class='ocrx_word' id='word_1_789' title='bbox 759 2373 870 2410; x_wconf 72' lang='lat' dir='ltr'>quidem</span> <span class='ocrx_word' id='word_1_790' title='bbox 888 2370 977 2400; x_wconf 77' lang='lat' dir='ltr'>trabea</span> <span class='ocrx_word' id='word_1_791' title='bbox 993 2371 1100 2400; x_wconf 84' lang='lat' dir='ltr'>videtur</span> <span class='ocrx_word' id='word_1_792' title='bbox 1118 2370 1188 2398; x_wconf 85' lang='lat' dir='ltr'>Aldo</span> <span class='ocrx_word' id='word_1_793' title='bbox 1208 2370 1331 2398; x_wconf 84' lang='lat' dir='ltr'>Manutio</span> <span class='ocrx_word' id='word_1_794' title='bbox 1344 2392 1353 2403; x_wconf 91' lang='lat'><em>,</em></span> <span class='ocrx_word' id='word_1_795' title='bbox 1373 2372 1431 2408; x_wconf 75' lang='lat' dir='ltr'>post</span> <span class='ocrx_word' id='word_1_796' title='bbox 1451 2371 1540 2407; x_wconf 83' lang='lat' dir='ltr'>Reges</span> <span class='ocrx_word' id='word_1_797' title='bbox 1554 2392 1560 2403; x_wconf 84' lang='lat'><em>,</em></span> <span class='ocrx_word' id='word_1_798' title='bbox 1582 2370 1657 2436; x_wconf 41' lang='lat' dir='ltr'>fui-13}</span> 
     </span>
     <span class='ocr_line' id='line_1_60' title="bbox 1589 2418 1658 2437; baseline 0 0"><span class='ocrx_word' id='word_1_799' title='bbox 1589 2418 1627 2437; x_wconf 82' lang='lat' dir='ltr'>mi</span> <span class='ocrx_word' id='word_1_800' title='bbox 1640 2418 1658 2437; x_wconf 88' lang='grc' dir='ltr'>ι-</span> 
     </span>
    </p>
   </div>
  </div>
 </body>
</html>
