<?xml version="1.0" encoding="UTF-8"?>
<!DOCTYPE html PUBLIC "-//W3C//DTD XHTML 1.0 Transitional//EN"
    "http://www.w3.org/TR/xhtml1/DTD/xhtml1-transitional.dtd">
<html xmlns="http://www.w3.org/1999/xhtml" xml:lang="en" lang="en">
 <head>
  <title>
</title>
<meta http-equiv="Content-Type" content="text/html;charset=utf-8" />
  <meta name='ocr-system' content='tesseract 3.04.00' />
  <meta name='ocr-capabilities' content='ocr_page ocr_carea ocr_par ocr_line ocrx_word'/>
</head>
<body>
  <div class='ocr_page' id='page_1' title='image "./johannisrosinian00rosi/johannisrosinian00rosi_0359.png"; bbox 0 0 2075 2734; ppageno 0'>
   <div class='ocr_carea' id='block_1_1' title="bbox 0 0 75 742">
    <p class='ocr_par' dir='ltr' id='par_1_1' title="bbox 0 0 75 742">
     <span class='ocr_line' id='line_1_1' title="bbox 0 0 75 742; baseline 0 1992"><span class='ocrx_word' id='word_1_1' title='bbox 0 0 75 742; x_wconf 95' lang='lat' dir='ltr'> </span> 
     </span>
    </p>
   </div>
   <div class='ocr_carea' id='block_1_2' title="bbox 251 123 1699 169">
    <p class='ocr_par' dir='ltr' id='par_1_2' title="bbox 251 123 1699 169">
     <span class='ocr_line' id='line_1_2' title="bbox 251 123 1699 169; baseline 0.004 -18"><span class='ocrx_word' id='word_1_2' title='bbox 251 125 301 153; x_wconf 74' lang='lat' dir='ltr'>Dr,</span> <span class='ocrx_word' id='word_1_3' title='bbox 321 124 528 155; x_wconf 63' lang='lat' dir='ltr'>Cornutum,</span> <span class='ocrx_word' id='word_1_4' title='bbox 551 133 590 152; x_wconf 78' lang='grc' dir='ltr'>Ετ</span> <span class='ocrx_word' id='word_1_5' title='bbox 610 133 694 161; x_wconf 71' lang='lat' dir='ltr'>Ejus</span> <span class='ocrx_word' id='word_1_6' title='bbox 716 130 837 158; x_wconf 61' lang='lat' dir='ltr'>ATQUE</span> <span class='ocrx_word' id='word_1_7' title='bbox 859 123 1086 151; x_wconf 71' lang='lat' dir='ltr'>TRAGOEDIAE</span> <span class='ocrx_word' id='word_1_8' title='bbox 1107 128 1374 155; x_wconf 62' lang='lat' dir='ltr'>nrnrrnssu&#39;rrh.</span> <span class='ocrx_word' id='word_1_9' title='bbox 1416 126 1498 156; x_wconf 61' lang='lat' dir='ltr'>Car.</span> <span class='ocrx_word' id='word_1_10' title='bbox 1518 129 1547 158; x_wconf 64' lang='lat'>8..⁴</span> <span class='ocrx_word' id='word_1_11' title='bbox 1643 130 1699 169; x_wconf 73' lang='lat'>3²9</span> 
     </span>
    </p>
   </div>
   <div class='ocr_carea' id='block_1_3' title="bbox 106 173 1711 2460">
    <p class='ocr_par' dir='ltr' id='par_1_3' title="bbox 106 173 1711 2460">
     <span class='ocr_line' id='line_1_3' title="bbox 128 173 1709 214; baseline 0.004 -13"><span class='ocrx_word' id='word_1_12' title='bbox 128 175 168 206; x_wconf 77' lang='lat' dir='ltr'>ait</span> <span class='ocrx_word' id='word_1_13' title='bbox 183 181 249 211; x_wconf 58' lang='lat' dir='ltr'>Med</span> <span class='ocrx_word' id='word_1_14' title='bbox 260 181 306 204; x_wconf 53' lang='lat' dir='ltr'>‚rw</span> <span class='ocrx_word' id='word_1_15' title='bbox 318 180 380 212; x_wconf 49' lang='lat' dir='ltr'>(im</span> <span class='ocrx_word' id='word_1_16' title='bbox 391 181 432 209; x_wconf 59' lang='lat' dir='ltr'>’aas</span> <span class='ocrx_word' id='word_1_17' title='bbox 443 181 487 206; x_wconf 53' lang='lat' dir='ltr'>ant:</span> <span class='ocrx_word' id='word_1_18' title='bbox 498 180 578 210; x_wconf 58' lang='grc' dir='ltr'><em>κώμας</em></span> <span class='ocrx_word' id='word_1_19' title='bbox 599 176 670 213; x_wconf 91' lang='lat' dir='ltr'>quod</span> <span class='ocrx_word' id='word_1_20' title='bbox 690 176 814 211; x_wconf 88' lang='lat' dir='ltr'>juventus</span> <span class='ocrx_word' id='word_1_21' title='bbox 834 182 914 210; x_wconf 80' lang='lat' dir='ltr'>opera</span> <span class='ocrx_word' id='word_1_22' title='bbox 936 173 978 201; x_wconf 80' lang='lat' dir='ltr'>fim</span> <span class='ocrx_word' id='word_1_23' title='bbox 999 174 1114 204; x_wconf 75' lang='lat' dir='ltr'>absoluta</span> <span class='ocrx_word' id='word_1_24' title='bbox 1126 195 1135 205; x_wconf 90' lang='lat'><em>,</em></span> <span class='ocrx_word' id='word_1_25' title='bbox 1164 178 1190 204; x_wconf 73' lang='grc' dir='ltr'>δ(</span> <span class='ocrx_word' id='word_1_26' title='bbox 1205 175 1311 214; x_wconf 83' lang='lat' dir='ltr'>largiori</span> <span class='ocrx_word' id='word_1_27' title='bbox 1327 177 1389 205; x_wconf 83' lang='lat' dir='ltr'>cibo</span> <span class='ocrx_word' id='word_1_28' title='bbox 1402 179 1501 207; x_wconf 64' lang='lat' dir='ltr'>refesta</span> <span class='ocrx_word' id='word_1_29' title='bbox 1513 201 1520 212; x_wconf 92' lang='lat'>‚</span> <span class='ocrx_word' id='word_1_30' title='bbox 1547 182 1623 210; x_wconf 86' lang='lat' dir='ltr'>vacui</span> <span class='ocrx_word' id='word_1_31' title='bbox 1637 190 1709 212; x_wconf 85' lang='lat' dir='ltr'>tem-</span> 
     </span>
     <span class='ocr_line' id='line_1_4' title="bbox 129 212 1711 258; baseline 0.003 -16"><span class='ocrx_word' id='word_1_32' title='bbox 129 215 202 251; x_wconf 85' lang='lat' dir='ltr'>poris</span> <span class='ocrx_word' id='word_1_33' title='bbox 218 215 290 246; x_wconf 87' lang='lat' dir='ltr'>otio,</span> <span class='ocrx_word' id='word_1_34' title='bbox 310 222 388 251; x_wconf 85' lang='lat' dir='ltr'>atque</span> <span class='ocrx_word' id='word_1_35' title='bbox 401 214 506 243; x_wconf 84' lang='lat' dir='ltr'>lieentia</span> <span class='ocrx_word' id='word_1_36' title='bbox 518 213 604 241; x_wconf 67' lang='lat' dir='ltr'>noetis</span> <span class='ocrx_word' id='word_1_37' title='bbox 616 212 705 244; x_wconf 83' lang='lat' dir='ltr'>abusa,</span> <span class='ocrx_word' id='word_1_38' title='bbox 726 212 815 240; x_wconf 82' lang='lat' dir='ltr'>secura</span> <span class='ocrx_word' id='word_1_39' title='bbox 829 212 1006 248; x_wconf 85' lang='lat' dir='ltr'>imperiorum</span> <span class='ocrx_word' id='word_1_40' title='bbox 1016 233 1023 243; x_wconf 85' lang='lat'>,</span> <span class='ocrx_word' id='word_1_41' title='bbox 1043 213 1084 240; x_wconf 92' lang='lat' dir='ltr'>vel</span> <span class='ocrx_word' id='word_1_42' title='bbox 1100 213 1170 245; x_wconf 88' lang='lat' dir='ltr'>heri,</span> <span class='ocrx_word' id='word_1_43' title='bbox 1193 214 1234 242; x_wconf 90' lang='lat' dir='ltr'>vel</span> <span class='ocrx_word' id='word_1_44' title='bbox 1248 216 1368 251; x_wconf 89' lang='lat' dir='ltr'>patroni,</span> <span class='ocrx_word' id='word_1_45' title='bbox 1390 217 1431 244; x_wconf 87' lang='lat' dir='ltr'>vel</span> <span class='ocrx_word' id='word_1_46' title='bbox 1445 226 1586 253; x_wconf 86' lang='lat' dir='ltr'>parentum</span> <span class='ocrx_word' id='word_1_47' title='bbox 1601 219 1649 256; x_wconf 84' lang='lat' dir='ltr'>p&#39;er</span> <span class='ocrx_word' id='word_1_48' title='bbox 1663 231 1711 258; x_wconf 80' lang='lat' dir='ltr'>pa-</span> 
     </span>
     <span class='ocr_line' id='line_1_5' title="bbox 129 249 1708 289; baseline 0.005 -10"><span class='ocrx_word' id='word_1_49' title='bbox 129 261 179 289; x_wconf 89' lang='lat' dir='ltr'>gos</span> <span class='ocrx_word' id='word_1_50' title='bbox 197 252 338 285; x_wconf 85' lang='lat' dir='ltr'>(nondum</span> <span class='ocrx_word' id='word_1_51' title='bbox 360 253 433 279; x_wconf 87' lang='lat' dir='ltr'>enim</span> <span class='ocrx_word' id='word_1_52' title='bbox 447 253 474 280; x_wconf 88' lang='lat' dir='ltr'>in</span> <span class='ocrx_word' id='word_1_53' title='bbox 489 250 564 279; x_wconf 88' lang='lat' dir='ltr'>urbes</span> <span class='ocrx_word' id='word_1_54' title='bbox 578 251 775 285; x_wconf 85' lang='lat' dir='ltr'>convenerant)</span> <span class='ocrx_word' id='word_1_55' title='bbox 801 249 967 277; x_wconf 77' lang='lat' dir='ltr'>discurreret.</span> <span class='ocrx_word' id='word_1_56' title='bbox 1008 251 1062 287; x_wconf 81' lang='lat' dir='ltr'>Qi</span> <span class='ocrx_word' id='word_1_57' title='bbox 1080 261 1140 279; x_wconf 89' lang='lat' dir='ltr'>mos</span> <span class='ocrx_word' id='word_1_58' title='bbox 1154 253 1216 279; x_wconf 78' lang='lat' dir='ltr'>cum</span> <span class='ocrx_word' id='word_1_59' title='bbox 1232 253 1288 289; x_wconf 92' lang='lat' dir='ltr'>ipso</span> <span class='ocrx_word' id='word_1_60' title='bbox 1302 255 1414 282; x_wconf 90' lang='lat' dir='ltr'>nomine</span> <span class='ocrx_word' id='word_1_61' title='bbox 1428 255 1504 283; x_wconf 84' lang='lat' dir='ltr'>fimul</span> <span class='ocrx_word' id='word_1_62' title='bbox 1518 257 1550 284; x_wconf 85' lang='lat' dir='ltr'>ad</span> <span class='ocrx_word' id='word_1_63' title='bbox 1566 259 1708 288; x_wconf 83' lang='lat' dir='ltr'>Romanos</span> 
     </span>
     <span class='ocr_line' id='line_1_6' title="bbox 128 289 1709 332; baseline 0.006 -16"><span class='ocrx_word' id='word_1_64' title='bbox 128 290 257 317; x_wconf 63' lang='lat' dir='ltr'>deductus</span> <span class='ocrx_word' id='word_1_65' title='bbox 279 291 324 319; x_wconf 74' lang='lat' dir='ltr'>erl.</span> <span class='ocrx_word' id='word_1_66' title='bbox 364 291 429 318; x_wconf 87' lang='lat' dir='ltr'>Inde</span> <span class='ocrx_word' id='word_1_67' title='bbox 446 290 512 324; x_wconf 63' lang='lat' dir='ltr'>Iustis</span> <span class='ocrx_word' id='word_1_68' title='bbox 524 310 531 321; x_wconf 91' lang='lat'>‚</span> <span class='ocrx_word' id='word_1_69' title='bbox 560 297 625 325; x_wconf 91' lang='lat' dir='ltr'>quos</span> <span class='ocrx_word' id='word_1_70' title='bbox 638 289 750 315; x_wconf 84' lang='lat' dir='ltr'>vicatim</span> <span class='ocrx_word' id='word_1_71' title='bbox 766 296 919 316; x_wconf 82' lang='lat' dir='ltr'>exercerent</span> <span class='ocrx_word' id='word_1_72' title='bbox 932 309 941 320; x_wconf 77' lang='lat'><em>‚</em></span> <span class='ocrx_word' id='word_1_73' title='bbox 968 295 1029 323; x_wconf 84' lang='lat' dir='ltr'>apte</span> <span class='ocrx_word' id='word_1_74' title='bbox 1041 290 1185 317; x_wconf 80' lang='lat' dir='ltr'>comoea&#39;mm</span> <span class='ocrx_word' id='word_1_75' title='bbox 1199 291 1307 318; x_wconf 83' lang='lat' dir='ltr'>dixere:</span> <span class='ocrx_word' id='word_1_76' title='bbox 1335 294 1461 329; x_wconf 86' lang='lat' dir='ltr'>quoniam</span> <span class='ocrx_word' id='word_1_77' title='bbox 1480 304 1534 322; x_wconf 89' lang='lat' dir='ltr'>non</span> <span class='ocrx_word' id='word_1_78' title='bbox 1551 296 1578 322; x_wconf 87' lang='lat' dir='ltr'>in</span> <span class='ocrx_word' id='word_1_79' title='bbox 1593 296 1709 332; x_wconf 80' lang='lat' dir='ltr'>pascuis,</span> 
     </span>
     <span class='ocr_line' id='line_1_7' title="bbox 128 326 1709 370; baseline 0.004 -16"><span class='ocrx_word' id='word_1_80' title='bbox 128 335 175 356; x_wconf 86' lang='lat' dir='ltr'>aut</span> <span class='ocrx_word' id='word_1_81' title='bbox 189 328 215 355; x_wconf 83' lang='lat' dir='ltr'>in</span> <span class='ocrx_word' id='word_1_82' title='bbox 230 330 297 356; x_wconf 81' lang='lat' dir='ltr'>arvis</span> <span class='ocrx_word' id='word_1_83' title='bbox 307 350 313 360; x_wconf 86' lang='lat'><em>‚</em></span> <span class='ocrx_word' id='word_1_84' title='bbox 335 336 378 356; x_wconf 87' lang='lat' dir='ltr'>aut</span> <span class='ocrx_word' id='word_1_85' title='bbox 391 330 423 356; x_wconf 88' lang='lat' dir='ltr'>ad</span> <span class='ocrx_word' id='word_1_86' title='bbox 438 326 567 356; x_wconf 79' lang='lat' dir='ltr'>tumulos,</span> <span class='ocrx_word' id='word_1_87' title='bbox 588 333 633 353; x_wconf 85' lang='lat' dir='ltr'>aut</span> <span class='ocrx_word' id='word_1_88' title='bbox 646 327 679 353; x_wconf 88' lang='lat' dir='ltr'>ad</span> <span class='ocrx_word' id='word_1_89' title='bbox 692 335 747 353; x_wconf 84' lang='lat' dir='ltr'>atas</span> <span class='ocrx_word' id='word_1_90' title='bbox 761 335 894 354; x_wconf 87' lang='lat' dir='ltr'>canerent.</span> <span class='ocrx_word' id='word_1_91' title='bbox 936 327 1177 363; x_wconf 82' lang='lat' dir='ltr'>Qemadmodum</span> <span class='ocrx_word' id='word_1_92' title='bbox 1197 338 1260 357; x_wconf 85' lang='lat' dir='ltr'>vero</span> <span class='ocrx_word' id='word_1_93' title='bbox 1275 330 1301 356; x_wconf 91' lang='lat' dir='ltr'>in</span> <span class='ocrx_word' id='word_1_94' title='bbox 1316 332 1415 358; x_wconf 78' lang='lat' dir='ltr'>caeteris</span> <span class='ocrx_word' id='word_1_95' title='bbox 1432 341 1539 370; x_wconf 86' lang='lat' dir='ltr'>quoque</span> <span class='ocrx_word' id='word_1_96' title='bbox 1554 334 1589 360; x_wconf 81' lang='lat' dir='ltr'>ita</span> <span class='ocrx_word' id='word_1_97' title='bbox 1604 334 1648 362; x_wconf 83' lang='lat' dir='ltr'>usu</span> <span class='ocrx_word' id='word_1_98' title='bbox 1664 346 1709 363; x_wconf 71' lang='lat' dir='ltr'>ve-</span> 
     </span>
     <span class='ocr_line' id='line_1_8' title="bbox 127 362 1711 408; baseline 0.006 -15"><span class='ocrx_word' id='word_1_99' title='bbox 127 366 183 397; x_wconf 87' lang='lat' dir='ltr'>nit,</span> <span class='ocrx_word' id='word_1_100' title='bbox 205 374 234 393; x_wconf 90' lang='lat' dir='ltr'>ut</span> <span class='ocrx_word' id='word_1_101' title='bbox 248 374 354 403; x_wconf 88' lang='lat' dir='ltr'>tempus</span> <span class='ocrx_word' id='word_1_102' title='bbox 365 367 460 394; x_wconf 83' lang='lat' dir='ltr'>artium</span> <span class='ocrx_word' id='word_1_103' title='bbox 476 364 523 395; x_wconf 85' lang='lat' dir='ltr'>fit,</span> <span class='ocrx_word' id='word_1_104' title='bbox 544 365 570 391; x_wconf 87' lang='lat'>&amp;</span> <span class='ocrx_word' id='word_1_105' title='bbox 585 362 649 391; x_wconf 85' lang='lat' dir='ltr'>lima</span> <span class='ocrx_word' id='word_1_106' title='bbox 660 385 667 396; x_wconf 93' lang='lat'>‚</span> <span class='ocrx_word' id='word_1_107' title='bbox 688 366 715 392; x_wconf 65' lang='grc' dir='ltr'>ὃς</span> <span class='ocrx_word' id='word_1_108' title='bbox 728 363 785 396; x_wconf 85' lang='lat' dir='ltr'>lex,</span> <span class='ocrx_word' id='word_1_109' title='bbox 806 364 971 400; x_wconf 77' lang='lat' dir='ltr'>politioribus</span> <span class='ocrx_word' id='word_1_110' title='bbox 985 364 1081 391; x_wconf 83' lang='lat' dir='ltr'>deinde</span> <span class='ocrx_word' id='word_1_111' title='bbox 1096 364 1191 392; x_wconf 83' lang='lat' dir='ltr'>saeculis</span> <span class='ocrx_word' id='word_1_112' title='bbox 1205 367 1230 393; x_wconf 90' lang='lat' dir='ltr'>in</span> <span class='ocrx_word' id='word_1_113' title='bbox 1245 375 1331 395; x_wconf 83' lang='lat' dir='ltr'>artem</span> <span class='ocrx_word' id='word_1_114' title='bbox 1340 370 1460 401; x_wconf 56' lang='lat' dir='ltr'>redacta,</span> <span class='ocrx_word' id='word_1_115' title='bbox 1483 370 1711 408; x_wconf 81' lang='lat' dir='ltr'>certisquelimiti-</span> 
     </span>
     <span class='ocr_line' id='line_1_9' title="bbox 127 401 1711 441; baseline 0.006 -11"><span class='ocrx_word' id='word_1_116' title='bbox 127 401 176 430; x_wconf 81' lang='lat' dir='ltr'>bus</span> <span class='ocrx_word' id='word_1_117' title='bbox 188 404 336 441; x_wconf 69' lang='lat' dir='ltr'>praescripta</span> <span class='ocrx_word' id='word_1_118' title='bbox 352 404 402 434; x_wconf 77' lang='lat' dir='ltr'>est,</span> <span class='ocrx_word' id='word_1_119' title='bbox 423 403 543 438; x_wconf 82' lang='lat' dir='ltr'>itemque</span> <span class='ocrx_word' id='word_1_120' title='bbox 557 402 698 429; x_wconf 80' lang='lat' dir='ltr'>constituta</span> <span class='ocrx_word' id='word_1_121' title='bbox 712 402 770 430; x_wconf 80' lang='lat' dir='ltr'>loca</span> <span class='ocrx_word' id='word_1_122' title='bbox 785 405 812 431; x_wconf 72' lang='grc' dir='ltr'>ὅ(</span> <span class='ocrx_word' id='word_1_123' title='bbox 826 410 964 440; x_wconf 77' lang='lat' dir='ltr'>tempora,</span> <span class='ocrx_word' id='word_1_124' title='bbox 978 403 1005 429; x_wconf 87' lang='lat' dir='ltr'>in</span> <span class='ocrx_word' id='word_1_125' title='bbox 1021 402 1114 438; x_wconf 82' lang='lat' dir='ltr'>quibus</span> <span class='ocrx_word' id='word_1_126' title='bbox 1126 411 1255 439; x_wconf 73' lang='lat' dir='ltr'>ageretur.</span> <span class='ocrx_word' id='word_1_127' title='bbox 1274 407 1405 434; x_wconf 77' lang='lat' dir='ltr'>AGraecis</span> <span class='ocrx_word' id='word_1_128' title='bbox 1413 409 1443 435; x_wconf 82' lang='lat' dir='ltr'>ad</span> <span class='ocrx_word' id='word_1_129' title='bbox 1453 409 1593 437; x_wconf 86' lang='lat' dir='ltr'>Romanos</span> <span class='ocrx_word' id='word_1_130' title='bbox 1600 411 1711 439; x_wconf 87' lang='lat' dir='ltr'>tranfiit.</span> 
     </span>
     <span class='ocr_line' id='line_1_10' title="bbox 167 439 1709 480; baseline 0.005 -11"><span class='ocrx_word' id='word_1_131' title='bbox 167 442 211 468; x_wconf 83' lang='lat' dir='ltr'>Est</span> <span class='ocrx_word' id='word_1_132' title='bbox 232 443 313 480; x_wconf 69' lang='lat' dir='ltr'>igitur</span> <span class='ocrx_word' id='word_1_133' title='bbox 333 440 449 468; x_wconf 78' lang='lat' dir='ltr'>tomoedra</span> <span class='ocrx_word' id='word_1_134' title='bbox 462 440 569 475; x_wconf 77' lang='lat' dir='ltr'>privatae</span> <span class='ocrx_word' id='word_1_135' title='bbox 580 439 715 476; x_wconf 85' lang='lat' dir='ltr'>civilisque</span> <span class='ocrx_word' id='word_1_136' title='bbox 729 440 842 469; x_wconf 80' lang='lat' dir='ltr'>fortunae</span> <span class='ocrx_word' id='word_1_137' title='bbox 855 461 862 472; x_wconf 89' lang='lat'><em>,</em></span> <span class='ocrx_word' id='word_1_138' title='bbox 889 441 942 467; x_wconf 80' lang='lat' dir='ltr'>fine</span> <span class='ocrx_word' id='word_1_139' title='bbox 956 441 1074 475; x_wconf 88' lang='lat' dir='ltr'>periculo</span> <span class='ocrx_word' id='word_1_140' title='bbox 1088 440 1147 468; x_wconf 83' lang='lat' dir='ltr'>vitae</span> <span class='ocrx_word' id='word_1_141' title='bbox 1165 441 1376 477; x_wconf 83' lang='lat' dir='ltr'>comprehenfio.</span> <span class='ocrx_word' id='word_1_142' title='bbox 1410 447 1531 474; x_wconf 80' lang='lat' dir='ltr'>Donatus</span> <span class='ocrx_word' id='word_1_143' title='bbox 1545 458 1550 474; x_wconf 89' lang='lat'>:</span> <span class='ocrx_word' id='word_1_144' title='bbox 1578 448 1709 476; x_wconf 74' lang='lat' dir='ltr'>Comoedia</span> 
     </span>
     <span class='ocr_line' id='line_1_11' title="bbox 125 476 1708 522; baseline 0.004 -16"><span class='ocrx_word' id='word_1_145' title='bbox 125 476 159 515; x_wconf 80' lang='lat' dir='ltr'>est</span> <span class='ocrx_word' id='word_1_146' title='bbox 172 478 261 515; x_wconf 56' lang='lat' dir='ltr'>subula</span> <span class='ocrx_word' id='word_1_147' title='bbox 274 501 281 512; x_wconf 91' lang='lat'><em>‚</em></span> <span class='ocrx_word' id='word_1_148' title='bbox 309 479 408 512; x_wconf 71' lang='lat' dir='ltr'>diversst</span> <span class='ocrx_word' id='word_1_149' title='bbox 426 476 545 514; x_wconf 76' lang='lat' dir='ltr'>instituta</span> <span class='ocrx_word' id='word_1_150' title='bbox 563 477 689 505; x_wconf 73' lang='lat' dir='ltr'>continens</span> <span class='ocrx_word' id='word_1_151' title='bbox 706 477 844 516; x_wconf 60' lang='lat' dir='ltr'>affcduum</span> <span class='ocrx_word' id='word_1_152' title='bbox 861 477 975 505; x_wconf 74' lang='lat' dir='ltr'>civilium</span> <span class='ocrx_word' id='word_1_153' title='bbox 987 499 994 510; x_wconf 90' lang='lat'>‚</span> <span class='ocrx_word' id='word_1_154' title='bbox 1020 487 1048 504; x_wconf 78' lang='lat' dir='ltr'>ac</span> <span class='ocrx_word' id='word_1_155' title='bbox 1061 476 1219 512; x_wconf 72' lang='lat' dir='ltr'>privatorum</span> <span class='ocrx_word' id='word_1_156' title='bbox 1232 500 1239 510; x_wconf 86' lang='lat'><em>,</em></span> <span class='ocrx_word' id='word_1_157' title='bbox 1259 489 1310 517; x_wconf 75' lang='lat' dir='ltr'>qua</span> <span class='ocrx_word' id='word_1_158' title='bbox 1329 481 1430 515; x_wconf 57' lang='lat' dir='ltr'>distitur</span> <span class='ocrx_word' id='word_1_159' title='bbox 1444 504 1452 515; x_wconf 88' lang='lat'><em>‚</em></span> <span class='ocrx_word' id='word_1_160' title='bbox 1472 484 1538 522; x_wconf 79' lang='lat' dir='ltr'>quid</span> <span class='ocrx_word' id='word_1_161' title='bbox 1547 483 1585 520; x_wconf 76' lang='lat' dir='ltr'>sit</span> <span class='ocrx_word' id='word_1_162' title='bbox 1606 486 1633 512; x_wconf 80' lang='lat' dir='ltr'>in</span> <span class='ocrx_word' id='word_1_163' title='bbox 1651 486 1708 514; x_wconf 73' lang='lat' dir='ltr'>vita</span> 
     </span>
     <span class='ocr_line' id='line_1_12' title="bbox 125 514 1708 556; baseline 0.003 -14"><span class='ocrx_word' id='word_1_164' title='bbox 125 515 190 543; x_wconf 76' lang='lat' dir='ltr'>utile</span> <span class='ocrx_word' id='word_1_165' title='bbox 202 538 209 549; x_wconf 88' lang='lat'>,</span> <span class='ocrx_word' id='word_1_166' title='bbox 235 518 300 556; x_wconf 82' lang='lat' dir='ltr'>quid</span> <span class='ocrx_word' id='word_1_167' title='bbox 316 524 398 543; x_wconf 84' lang='lat' dir='ltr'>contra</span> <span class='ocrx_word' id='word_1_168' title='bbox 417 515 574 543; x_wconf 72' lang='lat' dir='ltr'>evitandum.</span> <span class='ocrx_word' id='word_1_169' title='bbox 604 516 700 543; x_wconf 89' lang='lat' dir='ltr'>Cicero</span> <span class='ocrx_word' id='word_1_170' title='bbox 718 516 864 544; x_wconf 76' lang='lat' dir='ltr'>comaedinm</span> <span class='ocrx_word' id='word_1_171' title='bbox 880 516 935 544; x_wconf 74' lang='lat' dir='ltr'>esse</span> <span class='ocrx_word' id='word_1_172' title='bbox 954 517 990 544; x_wconf 79' lang='lat' dir='ltr'>ait</span> <span class='ocrx_word' id='word_1_173' title='bbox 1007 514 1179 543; x_wconf 68' lang='lat' dir='ltr'>imitationem</span> <span class='ocrx_word' id='word_1_174' title='bbox 1199 515 1270 547; x_wconf 73' lang='lat' dir='ltr'>vim,</span> <span class='ocrx_word' id='word_1_175' title='bbox 1283 519 1409 551; x_wconf 73' lang='lat' dir='ltr'>speculum</span> <span class='ocrx_word' id='word_1_176' title='bbox 1429 522 1619 555; x_wconf 63' lang='lat' dir='ltr'>consuetudinis,</span> <span class='ocrx_word' id='word_1_177' title='bbox 1640 523 1708 552; x_wconf 71' lang='lat' dir='ltr'>ima-</span> 
     </span>
     <span class='ocr_line' id='line_1_13' title="bbox 116 552 1708 596; baseline 0.006 -16"><span class='ocrx_word' id='word_1_178' title='bbox 116 554 208 591; x_wconf 74' lang='lat' dir='ltr'>ginem</span> <span class='ocrx_word' id='word_1_179' title='bbox 227 553 351 582; x_wconf 71' lang='lat' dir='ltr'>veritatis.</span> <span class='ocrx_word' id='word_1_180' title='bbox 376 552 428 591; x_wconf 83' lang='lat' dir='ltr'>Jul.</span> <span class='ocrx_word' id='word_1_181' title='bbox 448 552 513 581; x_wconf 70' lang='lat' dir='ltr'>Caes.</span> <span class='ocrx_word' id='word_1_182' title='bbox 533 553 647 590; x_wconf 76' lang='lat' dir='ltr'>Scaliger</span> <span class='ocrx_word' id='word_1_183' title='bbox 666 554 701 581; x_wconf 80' lang='lat' dir='ltr'>fic</span> <span class='ocrx_word' id='word_1_184' title='bbox 720 555 813 582; x_wconf 79' lang='lat' dir='ltr'>definit</span> <span class='ocrx_word' id='word_1_185' title='bbox 830 555 990 586; x_wconf 62' lang='lat' dir='ltr'>commissam,</span> <span class='ocrx_word' id='word_1_186' title='bbox 1010 554 1079 592; x_wconf 82' lang='lat' dir='ltr'>quod</span> <span class='ocrx_word' id='word_1_187' title='bbox 1092 552 1125 590; x_wconf 84' lang='lat' dir='ltr'>fit</span> <span class='ocrx_word' id='word_1_188' title='bbox 1138 557 1228 587; x_wconf 66' lang='lat' dir='ltr'>poema</span> <span class='ocrx_word' id='word_1_189' title='bbox 1247 555 1430 589; x_wconf 72' lang='lat' dir='ltr'>dramaticum,</span> <span class='ocrx_word' id='word_1_190' title='bbox 1450 559 1612 596; x_wconf 50' lang='lat' dir='ltr'>negotiosum,</span> <span class='ocrx_word' id='word_1_191' title='bbox 1635 562 1708 590; x_wconf 75' lang='lat' dir='ltr'>exim</span> 
     </span>
     <span class='ocr_line' id='line_1_14' title="bbox 125 591 1708 631; baseline 0.004 -14"><span class='ocrx_word' id='word_1_192' title='bbox 125 592 209 619; x_wconf 70' lang='lat' dir='ltr'>latum</span> <span class='ocrx_word' id='word_1_193' title='bbox 222 613 231 624; x_wconf 90' lang='lat'>,</span> <span class='ocrx_word' id='word_1_194' title='bbox 253 591 312 628; x_wconf 80' lang='lat' dir='ltr'>stylo</span> <span class='ocrx_word' id='word_1_195' title='bbox 326 591 447 625; x_wconf 72' lang='lat' dir='ltr'>popula-rt.</span> <span class='ocrx_word' id='word_1_196' title='bbox 488 593 621 619; x_wconf 70' lang='lat' dir='ltr'>Caeterum</span> <span class='ocrx_word' id='word_1_197' title='bbox 641 593 758 619; x_wconf 75' lang='lat' dir='ltr'>comoedm</span> <span class='ocrx_word' id='word_1_198' title='bbox 778 592 872 628; x_wconf 83' lang='lat' dir='ltr'>duplex</span> <span class='ocrx_word' id='word_1_199' title='bbox 892 592 1000 620; x_wconf 81' lang='lat' dir='ltr'>affertur</span> <span class='ocrx_word' id='word_1_200' title='bbox 1019 591 1167 620; x_wconf 86' lang='lat' dir='ltr'>differentia</span> <span class='ocrx_word' id='word_1_201' title='bbox 1179 612 1186 623; x_wconf 91' lang='lat'><em>,</em></span> <span class='ocrx_word' id='word_1_202' title='bbox 1207 591 1287 620; x_wconf 79' lang='lat' dir='ltr'>altera</span> <span class='ocrx_word' id='word_1_203' title='bbox 1307 593 1410 630; x_wconf 72' lang='lat' dir='ltr'>sumpta</span> <span class='ocrx_word' id='word_1_204' title='bbox 1430 595 1443 622; x_wconf 69' lang='lat' dir='ltr'>a</span> <span class='ocrx_word' id='word_1_205' title='bbox 1462 598 1623 631; x_wconf 72' lang='lat' dir='ltr'>temporibus,</span> <span class='ocrx_word' id='word_1_206' title='bbox 1643 601 1708 628; x_wconf 82' lang='lat' dir='ltr'>alte-</span> 
     </span>
     <span class='ocr_line' id='line_1_15' title="bbox 125 629 1705 670; baseline 0.003 -14"><span class='ocrx_word' id='word_1_207' title='bbox 125 639 154 656; x_wconf 82' lang='lat' dir='ltr'>ra</span> <span class='ocrx_word' id='word_1_208' title='bbox 174 629 206 656; x_wconf 86' lang='lat' dir='ltr'>ab</span> <span class='ocrx_word' id='word_1_209' title='bbox 226 629 392 667; x_wconf 69' lang='lat' dir='ltr'>argumentis.</span> <span class='ocrx_word' id='word_1_210' title='bbox 433 629 588 663; x_wconf 80' lang='lat' dir='ltr'>Differentia</span> <span class='ocrx_word' id='word_1_211' title='bbox 610 629 623 656; x_wconf 69' lang='lat' dir='ltr'>a</span> <span class='ocrx_word' id='word_1_212' title='bbox 644 630 810 666; x_wconf 86' lang='lat' dir='ltr'>temporibus</span> <span class='ocrx_word' id='word_1_213' title='bbox 827 630 931 667; x_wconf 64' lang='lat' dir='ltr'>fiampta</span> <span class='ocrx_word' id='word_1_214' title='bbox 944 630 999 658; x_wconf 71' lang='lat' dir='ltr'>haec</span> <span class='ocrx_word' id='word_1_215' title='bbox 1012 631 1049 657; x_wconf 87' lang='lat' dir='ltr'>est</span> <span class='ocrx_word' id='word_1_216' title='bbox 1062 651 1069 662; x_wconf 94' lang='lat'>‚</span> <span class='ocrx_word' id='word_1_217' title='bbox 1097 630 1168 667; x_wconf 87' lang='lat' dir='ltr'>quod</span> <span class='ocrx_word' id='word_1_218' title='bbox 1183 630 1231 658; x_wconf 79' lang='lat' dir='ltr'>alia</span> <span class='ocrx_word' id='word_1_219' title='bbox 1246 631 1276 658; x_wconf 88' lang='lat' dir='ltr'>fit</span> <span class='ocrx_word' id='word_1_220' title='bbox 1291 632 1410 659; x_wconf 55' lang='lat' dir='ltr'>comaedirz</span> <span class='ocrx_word' id='word_1_221' title='bbox 1424 641 1494 660; x_wconf 75' lang='lat' dir='ltr'>vetus</span> <span class='ocrx_word' id='word_1_222' title='bbox 1510 656 1516 666; x_wconf 84' lang='lat'><strong><em>,</em></strong></span> <span class='ocrx_word' id='word_1_223' title='bbox 1542 636 1590 664; x_wconf 64' lang='lat'>:1152</span> <span class='ocrx_word' id='word_1_224' title='bbox 1605 638 1705 670; x_wconf 53' lang='lat' dir='ltr'>meana,</span> 
     </span>
     <span class='ocr_line' id='line_1_16' title="bbox 124 667 1705 712; baseline 0.004 -18"><span class='ocrx_word' id='word_1_225' title='bbox 124 667 174 694; x_wconf 86' lang='lat' dir='ltr'>alia</span> <span class='ocrx_word' id='word_1_226' title='bbox 186 678 258 696; x_wconf 72' lang='lat' dir='ltr'>nova.</span> <span class='ocrx_word' id='word_1_227' title='bbox 293 671 377 696; x_wconf 86' lang='lat' dir='ltr'>Vetus</span> <span class='ocrx_word' id='word_1_228' title='bbox 391 668 488 695; x_wconf 73' lang='lat' dir='ltr'>dicitur</span> <span class='ocrx_word' id='word_1_229' title='bbox 501 677 529 695; x_wconf 84' lang='lat' dir='ltr'>ea</span> <span class='ocrx_word' id='word_1_230' title='bbox 545 689 551 700; x_wconf 86' lang='lat'>‚</span> <span class='ocrx_word' id='word_1_231' title='bbox 580 677 636 705; x_wconf 69' lang='lat' dir='ltr'>quar</span> <span class='ocrx_word' id='word_1_232' title='bbox 650 669 770 705; x_wconf 82' lang='lat' dir='ltr'>primum</span> <span class='ocrx_word' id='word_1_233' title='bbox 785 670 812 696; x_wconf 89' lang='lat' dir='ltr'>in</span> <span class='ocrx_word' id='word_1_234' title='bbox 827 668 872 696; x_wconf 61' lang='lat' dir='ltr'>usu</span> <span class='ocrx_word' id='word_1_235' title='bbox 888 668 938 696; x_wconf 63' lang='lat' dir='ltr'>suit</span> <span class='ocrx_word' id='word_1_236' title='bbox 950 690 957 700; x_wconf 90' lang='lat'>,</span> <span class='ocrx_word' id='word_1_237' title='bbox 986 678 1018 696; x_wconf 93' lang='lat' dir='ltr'>eo</span> <span class='ocrx_word' id='word_1_238' title='bbox 1033 667 1156 695; x_wconf 78' lang='lat' dir='ltr'>videlicet</span> <span class='ocrx_word' id='word_1_239' title='bbox 1169 677 1295 706; x_wconf 87' lang='lat' dir='ltr'>tempore</span> <span class='ocrx_word' id='word_1_240' title='bbox 1307 689 1315 700; x_wconf 93' lang='lat'>‚</span> <span class='ocrx_word' id='word_1_241' title='bbox 1335 679 1390 706; x_wconf 82' lang='lat' dir='ltr'>quo</span> <span class='ocrx_word' id='word_1_242' title='bbox 1406 669 1544 699; x_wconf 84' lang='lat' dir='ltr'>summum</span> <span class='ocrx_word' id='word_1_243' title='bbox 1558 676 1705 712; x_wconf 84' lang='lat' dir='ltr'>imperium</span> 
     </span>
     <span class='ocr_line' id='line_1_17' title="bbox 123 705 1704 747; baseline 0.006 -15"><span class='ocrx_word' id='word_1_244' title='bbox 123 713 205 741; x_wconf 86' lang='lat' dir='ltr'>penes</span> <span class='ocrx_word' id='word_1_245' title='bbox 224 705 355 742; x_wconf 83' lang='lat' dir='ltr'>populum</span> <span class='ocrx_word' id='word_1_246' title='bbox 378 705 436 734; x_wconf 84' lang='lat' dir='ltr'>fuit.</span> <span class='ocrx_word' id='word_1_247' title='bbox 478 706 582 734; x_wconf 87' lang='lat' dir='ltr'>Idcirco</span> <span class='ocrx_word' id='word_1_248' title='bbox 601 706 674 734; x_wconf 84' lang='lat' dir='ltr'>licuit</span> <span class='ocrx_word' id='word_1_249' title='bbox 694 707 761 734; x_wconf 88' lang='lat' dir='ltr'>illius</span> <span class='ocrx_word' id='word_1_250' title='bbox 780 706 865 734; x_wconf 78' lang='lat' dir='ltr'>saeculi</span> <span class='ocrx_word' id='word_1_251' title='bbox 878 706 967 734; x_wconf 73' lang='lat' dir='ltr'>Po‘e&#39;tis</span> <span class='ocrx_word' id='word_1_252' title='bbox 985 706 1062 738; x_wconf 67' lang='lat' dir='ltr'>risum</span> <span class='ocrx_word' id='word_1_253' title='bbox 1082 705 1202 741; x_wconf 72' lang='lat' dir='ltr'>aucupari</span> <span class='ocrx_word' id='word_1_254' title='bbox 1222 717 1255 735; x_wconf 86' lang='lat' dir='ltr'>ex</span> <span class='ocrx_word' id='word_1_255' title='bbox 1274 716 1434 745; x_wconf 83' lang='lat' dir='ltr'>quocunque</span> <span class='ocrx_word' id='word_1_256' title='bbox 1448 718 1545 746; x_wconf 86' lang='lat' dir='ltr'>genere</span> <span class='ocrx_word' id='word_1_257' title='bbox 1560 713 1704 747; x_wconf 87' lang='lat' dir='ltr'>jocorum,</span> 
     </span>
     <span class='ocr_line' id='line_1_18' title="bbox 122 743 1702 788; baseline 0.004 -18"><span class='ocrx_word' id='word_1_258' title='bbox 122 743 178 771; x_wconf 76' lang='lat' dir='ltr'>five</span> <span class='ocrx_word' id='word_1_259' title='bbox 192 743 209 771; x_wconf 85' lang='lat' dir='ltr'>ii</span> <span class='ocrx_word' id='word_1_260' title='bbox 224 744 288 775; x_wconf 71' lang='lat' dir='ltr'>rale,</span> <span class='ocrx_word' id='word_1_261' title='bbox 308 744 360 771; x_wconf 83' lang='lat' dir='ltr'>five</span> <span class='ocrx_word' id='word_1_262' title='bbox 374 744 518 772; x_wconf 70' lang='lat' dir='ltr'>acerbitate</span> <span class='ocrx_word' id='word_1_263' title='bbox 535 743 628 780; x_wconf 73' lang='lat' dir='ltr'>asperii</span> <span class='ocrx_word' id='word_1_264' title='bbox 642 744 731 772; x_wconf 77' lang='lat' dir='ltr'>essent.</span> <span class='ocrx_word' id='word_1_265' title='bbox 773 746 838 772; x_wconf 87' lang='lat' dir='ltr'>Non</span> <span class='ocrx_word' id='word_1_266' title='bbox 854 745 926 771; x_wconf 85' lang='lat' dir='ltr'>enim</span> <span class='ocrx_word' id='word_1_267' title='bbox 941 754 1016 781; x_wconf 76' lang='lat' dir='ltr'>aequo</span> <span class='ocrx_word' id='word_1_268' title='bbox 1028 744 1113 772; x_wconf 89' lang='lat' dir='ltr'>solum</span> <span class='ocrx_word' id='word_1_269' title='bbox 1123 765 1130 776; x_wconf 91' lang='lat'>‚</span> <span class='ocrx_word' id='word_1_270' title='bbox 1149 745 1191 772; x_wconf 88' lang='lat' dir='ltr'>sed</span> <span class='ocrx_word' id='word_1_271' title='bbox 1209 746 1290 773; x_wconf 85' lang='lat' dir='ltr'>etiam</span> <span class='ocrx_word' id='word_1_272' title='bbox 1306 745 1400 774; x_wconf 86' lang='lat' dir='ltr'>libenti</span> <span class='ocrx_word' id='word_1_273' title='bbox 1415 747 1506 774; x_wconf 81' lang='lat' dir='ltr'>animo</span> <span class='ocrx_word' id='word_1_274' title='bbox 1520 751 1639 779; x_wconf 82' lang='lat' dir='ltr'>audiebat</span> <span class='ocrx_word' id='word_1_275' title='bbox 1653 761 1702 788; x_wconf 89' lang='lat' dir='ltr'>po-</span> 
     </span>
     <span class='ocr_line' id='line_1_19' title="bbox 122 781 1706 821; baseline 0.006 -13"><span class='ocrx_word' id='word_1_276' title='bbox 122 781 213 817; x_wconf 84' lang='lat' dir='ltr'>pulus,</span> <span class='ocrx_word' id='word_1_277' title='bbox 234 792 291 819; x_wconf 64' lang='lat' dir='ltr'>quae</span> <span class='ocrx_word' id='word_1_278' title='bbox 310 783 337 809; x_wconf 93' lang='lat' dir='ltr'>in</span> <span class='ocrx_word' id='word_1_279' title='bbox 356 783 476 818; x_wconf 85' lang='lat' dir='ltr'>judicum</span> <span class='ocrx_word' id='word_1_280' title='bbox 498 783 662 819; x_wconf 82' lang='lat' dir='ltr'>iniquitates,</span> <span class='ocrx_word' id='word_1_281' title='bbox 684 787 819 810; x_wconf 63' lang='lat' dir='ltr'>Pratorum</span> <span class='ocrx_word' id='word_1_282' title='bbox 839 782 923 814; x_wconf 84' lang='lat' dir='ltr'>mala,</span> <span class='ocrx_word' id='word_1_283' title='bbox 945 783 987 810; x_wconf 90' lang='lat' dir='ltr'>vel</span> <span class='ocrx_word' id='word_1_284' title='bbox 999 782 1130 814; x_wconf 84' lang='lat' dir='ltr'>facinora,</span> <span class='ocrx_word' id='word_1_285' title='bbox 1151 782 1193 811; x_wconf 89' lang='lat' dir='ltr'>vel</span> <span class='ocrx_word' id='word_1_286' title='bbox 1209 792 1318 815; x_wconf 79' lang='lat' dir='ltr'>eventa,</span> <span class='ocrx_word' id='word_1_287' title='bbox 1339 794 1484 821; x_wconf 78' lang='lat' dir='ltr'>pravorum</span> <span class='ocrx_word' id='word_1_288' title='bbox 1498 786 1599 815; x_wconf 83' lang='lat' dir='ltr'>civium</span> <span class='ocrx_word' id='word_1_289' title='bbox 1615 799 1706 817; x_wconf 83' lang='lat' dir='ltr'>corru-</span> 
     </span>
     <span class='ocr_line' id='line_1_20' title="bbox 121 819 1703 858; baseline 0.006 -12"><span class='ocrx_word' id='word_1_290' title='bbox 121 825 184 855; x_wconf 75' lang='lat' dir='ltr'>ptos</span> <span class='ocrx_word' id='word_1_291' title='bbox 199 829 289 847; x_wconf 86' lang='lat' dir='ltr'>mores</span> <span class='ocrx_word' id='word_1_292' title='bbox 303 820 374 848; x_wconf 65' lang='lat' dir='ltr'>dista</span> <span class='ocrx_word' id='word_1_293' title='bbox 385 821 545 857; x_wconf 83' lang='lat' dir='ltr'>jacerentur.</span> <span class='ocrx_word' id='word_1_294' title='bbox 565 819 594 846; x_wconf 88' lang='lat' dir='ltr'>Id</span> <span class='ocrx_word' id='word_1_295' title='bbox 611 827 669 847; x_wconf 89' lang='lat' dir='ltr'>tum</span> <span class='ocrx_word' id='word_1_296' title='bbox 685 821 795 857; x_wconf 64' lang='lat' dir='ltr'>impune</span> <span class='ocrx_word' id='word_1_297' title='bbox 809 820 859 849; x_wconf 89' lang='lat' dir='ltr'>fuit</span> <span class='ocrx_word' id='word_1_298' title='bbox 873 820 1000 847; x_wconf 78' lang='lat' dir='ltr'>maledicis</span> <span class='ocrx_word' id='word_1_299' title='bbox 1013 820 1110 852; x_wconf 60' lang='lat' dir='ltr'>Poetis,</span> <span class='ocrx_word' id='word_1_300' title='bbox 1132 821 1202 858; x_wconf 83' lang='lat' dir='ltr'>quafi</span> <span class='ocrx_word' id='word_1_301' title='bbox 1217 821 1293 849; x_wconf 71' lang='lat' dir='ltr'>malae</span> <span class='ocrx_word' id='word_1_302' title='bbox 1302 821 1379 849; x_wconf 86' lang='lat' dir='ltr'>famae</span> <span class='ocrx_word' id='word_1_303' title='bbox 1388 829 1463 850; x_wconf 88' lang='lat' dir='ltr'>metu</span> <span class='ocrx_word' id='word_1_304' title='bbox 1471 824 1605 857; x_wconf 84' lang='lat' dir='ltr'>deterriti,</span> <span class='ocrx_word' id='word_1_305' title='bbox 1627 837 1703 855; x_wconf 86' lang='lat' dir='ltr'>com-</span> 
     </span>
     <span class='ocr_line' id='line_1_21' title="bbox 121 857 1702 899; baseline 0.005 -15"><span class='ocrx_word' id='word_1_306' title='bbox 121 865 254 893; x_wconf 88' lang='lat' dir='ltr'>ponerent</span> <span class='ocrx_word' id='word_1_307' title='bbox 268 860 372 886; x_wconf 79' lang='lat' dir='ltr'>animos</span> <span class='ocrx_word' id='word_1_308' title='bbox 386 859 459 886; x_wconf 86' lang='lat' dir='ltr'>avios</span> <span class='ocrx_word' id='word_1_309' title='bbox 474 857 487 885; x_wconf 72' lang='lat' dir='ltr'>a</span> <span class='ocrx_word' id='word_1_310' title='bbox 500 857 656 890; x_wconf 83' lang='lat' dir='ltr'>virtutibus,</span> <span class='ocrx_word' id='word_1_311' title='bbox 676 867 755 896; x_wconf 86' lang='lat' dir='ltr'>atque</span> <span class='ocrx_word' id='word_1_312' title='bbox 769 859 930 895; x_wconf 80' lang='lat' dir='ltr'>appellerent</span> <span class='ocrx_word' id='word_1_313' title='bbox 943 860 974 886; x_wconf 81' lang='lat' dir='ltr'>ad</span> <span class='ocrx_word' id='word_1_314' title='bbox 990 859 1097 896; x_wconf 79' lang='lat' dir='ltr'>frugem</span> <span class='ocrx_word' id='word_1_315' title='bbox 1112 859 1222 887; x_wconf 86' lang='lat' dir='ltr'>bonam.</span> <span class='ocrx_word' id='word_1_316' title='bbox 1257 859 1427 888; x_wconf 67' lang='lat' dir='ltr'>Grass‘abatur</span> <span class='ocrx_word' id='word_1_317' title='bbox 1441 871 1507 899; x_wconf 84' lang='lat' dir='ltr'>ergo</span> <span class='ocrx_word' id='word_1_318' title='bbox 1521 871 1549 889; x_wconf 89' lang='lat' dir='ltr'>ea</span> <span class='ocrx_word' id='word_1_319' title='bbox 1561 863 1660 891; x_wconf 71' lang='lat' dir='ltr'>llse7ltla</span> <span class='ocrx_word' id='word_1_320' title='bbox 1675 867 1702 893; x_wconf 90' lang='lat' dir='ltr'>in</span> 
     </span>
     <span class='ocr_line' id='line_1_22' title="bbox 123 895 1702 938; baseline 0.005 -16"><span class='ocrx_word' id='word_1_321' title='bbox 123 905 220 924; x_wconf 88' lang='lat' dir='ltr'>omnes</span> <span class='ocrx_word' id='word_1_322' title='bbox 238 898 357 929; x_wconf 86' lang='lat' dir='ltr'>ordines,</span> <span class='ocrx_word' id='word_1_323' title='bbox 380 904 480 928; x_wconf 59' lang='lat' dir='ltr'>mate-⁵,</span> <span class='ocrx_word' id='word_1_324' title='bbox 500 895 587 928; x_wconf 71' lang='lat' dir='ltr'>sexus,</span> <span class='ocrx_word' id='word_1_325' title='bbox 609 897 778 925; x_wconf 87' lang='lat' dir='ltr'>conditiones</span> <span class='ocrx_word' id='word_1_326' title='bbox 792 898 903 934; x_wconf 85' lang='lat' dir='ltr'>impune</span> <span class='ocrx_word' id='word_1_327' title='bbox 918 908 922 923; x_wconf 89' lang='lat'>:</span> <span class='ocrx_word' id='word_1_328' title='bbox 943 898 1022 934; x_wconf 87' lang='lat' dir='ltr'>idque</span> <span class='ocrx_word' id='word_1_329' title='bbox 1036 907 1092 925; x_wconf 87' lang='lat' dir='ltr'>non</span> <span class='ocrx_word' id='word_1_330' title='bbox 1108 899 1134 925; x_wconf 91' lang='lat' dir='ltr'>in</span> <span class='ocrx_word' id='word_1_331' title='bbox 1147 897 1293 925; x_wconf 62' lang='lat' dir='ltr'>transcurro</span> <span class='ocrx_word' id='word_1_332' title='bbox 1307 905 1411 926; x_wconf 88' lang='lat' dir='ltr'>tantum</span> <span class='ocrx_word' id='word_1_333' title='bbox 1421 920 1428 931; x_wconf 87' lang='lat'>‚</span> <span class='ocrx_word' id='word_1_334' title='bbox 1448 899 1491 929; x_wconf 77' lang='lat' dir='ltr'>sed</span> <span class='ocrx_word' id='word_1_335' title='bbox 1505 900 1611 938; x_wconf 82' lang='lat' dir='ltr'>integro</span> <span class='ocrx_word' id='word_1_336' title='bbox 1629 903 1702 930; x_wconf 78' lang='lat' dir='ltr'>sabu-</span> 
     </span>
     <span class='ocr_line' id='line_1_23' title="bbox 121 932 1704 974; baseline 0.006 -15"><span class='ocrx_word' id='word_1_337' title='bbox 121 932 210 961; x_wconf 83' lang='lat' dir='ltr'>larum</span> <span class='ocrx_word' id='word_1_338' title='bbox 224 936 325 966; x_wconf 58' lang='lat' dir='ltr'>tractu,</span> <span class='ocrx_word' id='word_1_339' title='bbox 346 945 376 963; x_wconf 84' lang='lat' dir='ltr'>ac</span> <span class='ocrx_word' id='word_1_340' title='bbox 389 935 519 972; x_wconf 80' lang='lat' dir='ltr'>primario</span> <span class='ocrx_word' id='word_1_341' title='bbox 532 936 626 962; x_wconf 86' lang='lat' dir='ltr'>studio.</span> <span class='ocrx_word' id='word_1_342' title='bbox 649 936 730 972; x_wconf 85' lang='lat' dir='ltr'>Qod</span> <span class='ocrx_word' id='word_1_343' title='bbox 746 937 772 963; x_wconf 84' lang='lat' dir='ltr'>in</span> <span class='ocrx_word' id='word_1_344' title='bbox 786 935 880 967; x_wconf 76' lang='lat' dir='ltr'>Ranis,</span> <span class='ocrx_word' id='word_1_345' title='bbox 903 938 928 963; x_wconf 69' lang='lat' dir='ltr'>Sc</span> <span class='ocrx_word' id='word_1_346' title='bbox 943 936 970 963; x_wconf 89' lang='lat' dir='ltr'>in</span> <span class='ocrx_word' id='word_1_347' title='bbox 981 934 1092 962; x_wconf 69' lang='lat' dir='ltr'>Nulnlms</span> <span class='ocrx_word' id='word_1_348' title='bbox 1105 936 1206 963; x_wconf 84' lang='lat' dir='ltr'>constat</span> <span class='ocrx_word' id='word_1_349' title='bbox 1220 935 1401 973; x_wconf 67' lang='lat' dir='ltr'>Aristophanis.</span> <span class='ocrx_word' id='word_1_350' title='bbox 1421 940 1537 966; x_wconf 78' lang='lat' dir='ltr'>Vexatio</span> <span class='ocrx_word' id='word_1_351' title='bbox 1545 948 1635 968; x_wconf 88' lang='lat' dir='ltr'>autem</span> <span class='ocrx_word' id='word_1_352' title='bbox 1645 941 1704 974; x_wconf 80' lang='lat' dir='ltr'>illa,</span> 
     </span>
     <span class='ocr_line' id='line_1_24' title="bbox 122 972 1702 1011; baseline 0.006 -13"><span class='ocrx_word' id='word_1_353' title='bbox 122 972 228 1001; x_wconf 83' lang='lat' dir='ltr'>tametfi</span> <span class='ocrx_word' id='word_1_354' title='bbox 241 973 363 1009; x_wconf 75' lang='lat' dir='ltr'>sparsim,</span> <span class='ocrx_word' id='word_1_355' title='bbox 382 980 461 1010; x_wconf 85' lang='lat' dir='ltr'>atque</span> <span class='ocrx_word' id='word_1_356' title='bbox 476 981 505 1001; x_wconf 91' lang='lat' dir='ltr'>ut</span> <span class='ocrx_word' id='word_1_357' title='bbox 517 973 569 1000; x_wconf 81' lang='lat' dir='ltr'>sese</span> <span class='ocrx_word' id='word_1_358' title='bbox 583 983 624 1000; x_wconf 81' lang='lat' dir='ltr'>res</span> <span class='ocrx_word' id='word_1_359' title='bbox 638 973 726 1006; x_wconf 80' lang='lat' dir='ltr'>daret,</span> <span class='ocrx_word' id='word_1_360' title='bbox 748 974 933 1002; x_wconf 83' lang='lat' dir='ltr'>exercebatur:</span> <span class='ocrx_word' id='word_1_361' title='bbox 948 974 995 1010; x_wconf 75' lang='lat' dir='ltr'>ipfi</span> <span class='ocrx_word' id='word_1_362' title='bbox 1009 982 1101 1002; x_wconf 81' lang='lat' dir='ltr'>tamen</span> <span class='ocrx_word' id='word_1_363' title='bbox 1118 973 1202 1002; x_wconf 93' lang='lat' dir='ltr'>choro</span> <span class='ocrx_word' id='word_1_364' title='bbox 1215 975 1382 1011; x_wconf 81' lang='lat' dir='ltr'>potissimum</span> <span class='ocrx_word' id='word_1_365' title='bbox 1399 975 1435 1003; x_wconf 88' lang='lat' dir='ltr'>est</span> <span class='ocrx_word' id='word_1_366' title='bbox 1445 976 1580 1005; x_wconf 80' lang='lat' dir='ltr'>attributa.</span> <span class='ocrx_word' id='word_1_367' title='bbox 1601 978 1702 1008; x_wconf 73' lang='lat' dir='ltr'>Habuit</span> 
     </span>
     <span class='ocr_line' id='line_1_25' title="bbox 119 1010 1701 1053; baseline 0.005 -16"><span class='ocrx_word' id='word_1_368' title='bbox 119 1016 211 1037; x_wconf 74' lang='lat' dir='ltr'>autem</span> <span class='ocrx_word' id='word_1_369' title='bbox 225 1010 281 1038; x_wconf 81' lang='lat' dir='ltr'>haec</span> <span class='ocrx_word' id='word_1_370' title='bbox 294 1020 401 1048; x_wconf 87' lang='lat' dir='ltr'>quoque</span> <span class='ocrx_word' id='word_1_371' title='bbox 415 1021 505 1040; x_wconf 81' lang='lat' dir='ltr'>vetus,</span> <span class='ocrx_word' id='word_1_372' title='bbox 535 1020 618 1039; x_wconf 56' lang='lat' dir='ltr'>aetates</span> <span class='ocrx_word' id='word_1_373' title='bbox 630 1012 702 1040; x_wconf 73' lang='lat' dir='ltr'>duas.</span> <span class='ocrx_word' id='word_1_374' title='bbox 741 1013 850 1050; x_wconf 78' lang='lat' dir='ltr'>Qppe</span> <span class='ocrx_word' id='word_1_375' title='bbox 863 1012 908 1039; x_wconf 80' lang='lat' dir='ltr'>sub</span> <span class='ocrx_word' id='word_1_376' title='bbox 921 1011 1074 1051; x_wconf 77' lang='lat' dir='ltr'>Sannyrione</span> <span class='ocrx_word' id='word_1_377' title='bbox 1084 1032 1093 1041; x_wconf 82' lang='grc'><em>,</em></span> <span class='ocrx_word' id='word_1_378' title='bbox 1121 1013 1196 1049; x_wconf 85' lang='lat' dir='ltr'>cujus</span> <span class='ocrx_word' id='word_1_379' title='bbox 1208 1022 1311 1040; x_wconf 89' lang='lat' dir='ltr'>nomen</span> <span class='ocrx_word' id='word_1_380' title='bbox 1324 1013 1444 1049; x_wconf 86' lang='lat' dir='ltr'>primurn</span> <span class='ocrx_word' id='word_1_381' title='bbox 1464 1015 1532 1042; x_wconf 88' lang='lat' dir='ltr'>inter</span> <span class='ocrx_word' id='word_1_382' title='bbox 1545 1016 1643 1053; x_wconf 85' lang='lat' dir='ltr'>priscos</span> <span class='ocrx_word' id='word_1_383' title='bbox 1659 1027 1701 1045; x_wconf 86' lang='lat' dir='ltr'>ce·-</span> 
     </span>
     <span class='ocr_line' id='line_1_26' title="bbox 120 1045 1701 1088; baseline 0.005 -14"><span class='ocrx_word' id='word_1_384' title='bbox 120 1045 253 1079; x_wconf 84' lang='lat' dir='ltr'>lebratur,</span> <span class='ocrx_word' id='word_1_385' title='bbox 270 1050 415 1077; x_wconf 21' lang='lat' dir='ltr'>*inconditae</span> <span class='ocrx_word' id='word_1_386' title='bbox 428 1058 529 1086; x_wconf 80' lang='lat' dir='ltr'>partes,</span> <span class='ocrx_word' id='word_1_387' title='bbox 549 1060 580 1078; x_wconf 89' lang='lat' dir='ltr'>ac</span> <span class='ocrx_word' id='word_1_388' title='bbox 594 1050 766 1087; x_wconf 81' lang='lat' dir='ltr'>perionarum</span> <span class='ocrx_word' id='word_1_389' title='bbox 779 1051 1005 1082; x_wconf 67' lang='lat' dir='ltr'>introduetiones,</span> <span class='ocrx_word' id='word_1_390' title='bbox 1024 1060 1111 1088; x_wconf 87' lang='lat' dir='ltr'>neque</span> <span class='ocrx_word' id='word_1_391' title='bbox 1122 1050 1164 1078; x_wconf 84' lang='lat' dir='ltr'>lex</span> <span class='ocrx_word' id='word_1_392' title='bbox 1173 1058 1231 1079; x_wconf 86' lang='lat' dir='ltr'>erat</span> <span class='ocrx_word' id='word_1_393' title='bbox 1244 1060 1334 1078; x_wconf 81' lang='lat' dir='ltr'>earum</span> <span class='ocrx_word' id='word_1_394' title='bbox 1344 1061 1460 1079; x_wconf 86' lang='lat' dir='ltr'>numero</span> <span class='ocrx_word' id='word_1_395' title='bbox 1466 1053 1557 1088; x_wconf 84' lang='lat' dir='ltr'>pofita.</span> <span class='ocrx_word' id='word_1_396' title='bbox 1577 1055 1701 1084; x_wconf 86' lang='lat' dir='ltr'>Primum</span> 
     </span>
     <span class='ocr_line' id='line_1_27' title="bbox 118 1085 1703 1125; baseline 0.004 -14"><span class='ocrx_word' id='word_1_397' title='bbox 118 1085 210 1115; x_wconf 71' lang='lat' dir='ltr'>ferunt</span> <span class='ocrx_word' id='word_1_398' title='bbox 224 1087 364 1114; x_wconf 71' lang='lat' dir='ltr'>Cratinum</span> <span class='ocrx_word' id='word_1_399' title='bbox 380 1090 405 1116; x_wconf 64' lang='grc' dir='ltr'>ἃ</span> <span class='ocrx_word' id='word_1_400' title='bbox 421 1096 507 1124; x_wconf 75' lang='lat' dir='ltr'>partes</span> <span class='ocrx_word' id='word_1_401' title='bbox 521 1088 678 1121; x_wconf 71' lang='lat' dir='ltr'>distinxisse,</span> <span class='ocrx_word' id='word_1_402' title='bbox 701 1091 727 1118; x_wconf 70' lang='grc' dir='ltr'>ὅ(</span> <span class='ocrx_word' id='word_1_403' title='bbox 742 1089 814 1116; x_wconf 66' lang='lat' dir='ltr'>aetus</span> <span class='ocrx_word' id='word_1_404' title='bbox 828 1088 990 1125; x_wconf 65' lang='lat' dir='ltr'>disposuiffie,</span> <span class='ocrx_word' id='word_1_405' title='bbox 1014 1091 1039 1117; x_wconf 65' lang='grc' dir='ltr'>ὃς</span> <span class='ocrx_word' id='word_1_406' title='bbox 1055 1090 1086 1117; x_wconf 83' lang='lat' dir='ltr'>ad</span> <span class='ocrx_word' id='word_1_407' title='bbox 1095 1097 1147 1116; x_wconf 85' lang='lat' dir='ltr'>tres</span> <span class='ocrx_word' id='word_1_408' title='bbox 1155 1096 1260 1117; x_wconf 81' lang='lat' dir='ltr'>tantum</span> <span class='ocrx_word' id='word_1_409' title='bbox 1269 1089 1392 1124; x_wconf 79' lang='lat' dir='ltr'>personas</span> <span class='ocrx_word' id='word_1_410' title='bbox 1399 1100 1544 1118; x_wconf 82' lang='lat' dir='ltr'>numerum</span> <span class='ocrx_word' id='word_1_411' title='bbox 1553 1093 1703 1122; x_wconf 75' lang='lat' dir='ltr'>adstrinxis-</span> 
     </span>
     <span class='ocr_line' id='line_1_28' title="bbox 118 1122 1698 1166; baseline 0.006 -16"><span class='ocrx_word' id='word_1_412' title='bbox 118 1122 160 1156; x_wconf 87' lang='lat' dir='ltr'>se,</span> <span class='ocrx_word' id='word_1_413' title='bbox 180 1134 266 1163; x_wconf 85' lang='lat' dir='ltr'>neque</span> <span class='ocrx_word' id='word_1_414' title='bbox 279 1133 371 1154; x_wconf 81' lang='lat' dir='ltr'>tamen</span> <span class='ocrx_word' id='word_1_415' title='bbox 384 1126 416 1153; x_wconf 88' lang='lat' dir='ltr'>ab</span> <span class='ocrx_word' id='word_1_416' title='bbox 431 1137 463 1153; x_wconf 79' lang='lat' dir='ltr'>eo</span> <span class='ocrx_word' id='word_1_417' title='bbox 478 1135 533 1154; x_wconf 81' lang='lat' dir='ltr'>tam</span> <span class='ocrx_word' id='word_1_418' title='bbox 549 1127 641 1154; x_wconf 55' lang='lat' dir='ltr'>exuite</span> <span class='ocrx_word' id='word_1_419' title='bbox 653 1127 721 1155; x_wconf 88' lang='lat' dir='ltr'>hanc</span> <span class='ocrx_word' id='word_1_420' title='bbox 735 1136 846 1163; x_wconf 82' lang='lat' dir='ltr'>operam</span> <span class='ocrx_word' id='word_1_421' title='bbox 860 1127 972 1164; x_wconf 77' lang='lat' dir='ltr'>pofitam</span> <span class='ocrx_word' id='word_1_422' title='bbox 983 1148 989 1158; x_wconf 90' lang='lat'><em>,</em></span> <span class='ocrx_word' id='word_1_423' title='bbox 1009 1136 1089 1163; x_wconf 79' lang='lat' dir='ltr'>quam</span> <span class='ocrx_word' id='word_1_424' title='bbox 1106 1127 1216 1154; x_wconf 69' lang='lat' dir='ltr'>studioie</span> <span class='ocrx_word' id='word_1_425' title='bbox 1230 1126 1388 1164; x_wconf 79' lang='lat' dir='ltr'>susceperat:</span> <span class='ocrx_word' id='word_1_426' title='bbox 1408 1129 1554 1165; x_wconf 61' lang='lat' dir='ltr'>perfectam</span> <span class='ocrx_word' id='word_1_427' title='bbox 1570 1131 1658 1166; x_wconf 80' lang='lat' dir='ltr'>postea</span> <span class='ocrx_word' id='word_1_428' title='bbox 1666 1132 1698 1159; x_wconf 82' lang='lat' dir='ltr'>ab</span> 
     </span>
     <span class='ocr_line' id='line_1_29' title="bbox 119 1161 1697 1203; baseline 0.005 -14"><span class='ocrx_word' id='word_1_429' title='bbox 119 1161 294 1199; x_wconf 71' lang='lat' dir='ltr'>Aristophane.</span> <span class='ocrx_word' id='word_1_430' title='bbox 314 1164 419 1192; x_wconf 88' lang='lat' dir='ltr'>Attritis</span> <span class='ocrx_word' id='word_1_431' title='bbox 433 1166 529 1192; x_wconf 77' lang='lat' dir='ltr'>dtinde</span> <span class='ocrx_word' id='word_1_432' title='bbox 542 1165 634 1202; x_wconf 86' lang='lat' dir='ltr'>populi</span> <span class='ocrx_word' id='word_1_433' title='bbox 648 1165 756 1201; x_wconf 89' lang='lat' dir='ltr'>opibus,</span> <span class='ocrx_word' id='word_1_434' title='bbox 776 1166 937 1201; x_wconf 75' lang='lat' dir='ltr'>reduetaque</span> <span class='ocrx_word' id='word_1_435' title='bbox 948 1165 1015 1193; x_wconf 86' lang='lat' dir='ltr'>illius</span> <span class='ocrx_word' id='word_1_436' title='bbox 1030 1165 1482 1194; x_wconf 67' lang='lat' dir='ltr'>insanustlicentia&amp;inconstantia</span> <span class='ocrx_word' id='word_1_437' title='bbox 1490 1168 1697 1203; x_wconf 80' lang='lat' dir='ltr'>adtyrannicam</span> 
     </span>
     <span class='ocr_line' id='line_1_30' title="bbox 117 1202 1697 1241; baseline 0.005 -15"><span class='ocrx_word' id='word_1_438' title='bbox 117 1208 266 1235; x_wconf 85' lang='lat' dir='ltr'>paucorum</span> <span class='ocrx_word' id='word_1_439' title='bbox 280 1202 433 1234; x_wconf 86' lang='lat' dir='ltr'>libidinem,</span> <span class='ocrx_word' id='word_1_440' title='bbox 456 1204 588 1230; x_wconf 65' lang='lat' dir='ltr'>centinuit</span> <span class='ocrx_word' id='word_1_441' title='bbox 599 1204 693 1230; x_wconf 81' lang='lat' dir='ltr'>l&#39;o&#39;e&#39;tas</span> <span class='ocrx_word' id='word_1_442' title='bbox 706 1210 793 1230; x_wconf 87' lang='lat' dir='ltr'>metus</span> <span class='ocrx_word' id='word_1_443' title='bbox 806 1203 991 1238; x_wconf 82' lang='lat' dir='ltr'>potentiorum</span> <span class='ocrx_word' id='word_1_444' title='bbox 1003 1203 1029 1229; x_wconf 93' lang='lat' dir='ltr'>in</span> <span class='ocrx_word' id='word_1_445' title='bbox 1037 1203 1129 1230; x_wconf 84' lang='lat' dir='ltr'>officio</span> <span class='ocrx_word' id='word_1_446' title='bbox 1136 1202 1325 1231; x_wconf 87' lang='lat' dir='ltr'>benedicendi.</span> <span class='ocrx_word' id='word_1_447' title='bbox 1346 1204 1479 1241; x_wconf 84' lang='lat' dir='ltr'>roirca</span> <span class='ocrx_word' id='word_1_448' title='bbox 1486 1204 1597 1233; x_wconf 86' lang='lat' dir='ltr'>sublatus</span> <span class='ocrx_word' id='word_1_449' title='bbox 1610 1207 1697 1234; x_wconf 79' lang='lat' dir='ltr'>chorus</span> 
     </span>
     <span class='ocr_line' id='line_1_31' title="bbox 119 1236 1699 1278; baseline 0.002 -13"><span class='ocrx_word' id='word_1_450' title='bbox 119 1236 182 1265; x_wconf 82' lang='lat' dir='ltr'>fuit:</span> <span class='ocrx_word' id='word_1_451' title='bbox 204 1239 279 1274; x_wconf 88' lang='lat' dir='ltr'>cujus</span> <span class='ocrx_word' id='word_1_452' title='bbox 292 1239 342 1266; x_wconf 75' lang='lat' dir='ltr'>illae</span> <span class='ocrx_word' id='word_1_453' title='bbox 355 1240 512 1267; x_wconf 86' lang='lat' dir='ltr'>videbantur</span> <span class='ocrx_word' id='word_1_454' title='bbox 527 1240 578 1267; x_wconf 80' lang='lat' dir='ltr'>esse</span> <span class='ocrx_word' id='word_1_455' title='bbox 590 1241 725 1277; x_wconf 75' lang='lat' dir='ltr'>praecipuae</span> <span class='ocrx_word' id='word_1_456' title='bbox 738 1247 841 1277; x_wconf 87' lang='lat' dir='ltr'>partes,</span> <span class='ocrx_word' id='word_1_457' title='bbox 862 1248 892 1268; x_wconf 87' lang='lat' dir='ltr'>ut</span> <span class='ocrx_word' id='word_1_458' title='bbox 906 1241 1087 1276; x_wconf 72' lang='lat' dir='ltr'>potissimum,</span> <span class='ocrx_word' id='word_1_459' title='bbox 1109 1247 1175 1277; x_wconf 81' lang='lat' dir='ltr'>quos</span> <span class='ocrx_word' id='word_1_460' title='bbox 1189 1240 1298 1272; x_wconf 87' lang='lat' dir='ltr'>liberet,</span> <span class='ocrx_word' id='word_1_461' title='bbox 1319 1240 1432 1270; x_wconf 65' lang='lat' dir='ltr'>laederet.</span> <span class='ocrx_word' id='word_1_462' title='bbox 1454 1243 1544 1278; x_wconf 83' lang='lat' dir='ltr'>Qare</span> <span class='ocrx_word' id='word_1_463' title='bbox 1551 1253 1613 1270; x_wconf 83' lang='lat' dir='ltr'>cum</span> <span class='ocrx_word' id='word_1_464' title='bbox 1623 1254 1699 1273; x_wconf 65' lang='lat' dir='ltr'>caete-</span> 
     </span>
     <span class='ocr_line' id='line_1_32' title="bbox 119 1275 1696 1314; baseline 0.006 -13"><span class='ocrx_word' id='word_1_465' title='bbox 119 1283 148 1301; x_wconf 85' lang='lat' dir='ltr'>ra</span> <span class='ocrx_word' id='word_1_466' title='bbox 161 1275 225 1303; x_wconf 84' lang='lat' dir='ltr'>nihil</span> <span class='ocrx_word' id='word_1_467' title='bbox 239 1284 340 1305; x_wconf 84' lang='lat' dir='ltr'>mutata</span> <span class='ocrx_word' id='word_1_468' title='bbox 354 1278 449 1309; x_wconf 65' lang='lat' dir='ltr'>efflent,</span> <span class='ocrx_word' id='word_1_469' title='bbox 470 1277 566 1305; x_wconf 80' lang='lat' dir='ltr'>mansit</span> <span class='ocrx_word' id='word_1_470' title='bbox 580 1278 679 1314; x_wconf 86' lang='lat' dir='ltr'>species</span> <span class='ocrx_word' id='word_1_471' title='bbox 691 1279 800 1314; x_wconf 85' lang='lat' dir='ltr'>quidem</span> <span class='ocrx_word' id='word_1_472' title='bbox 814 1278 902 1314; x_wconf 86' lang='lat' dir='ltr'>prior,</span> <span class='ocrx_word' id='word_1_473' title='bbox 922 1285 997 1314; x_wconf 80' lang='lat' dir='ltr'>parte</span> <span class='ocrx_word' id='word_1_474' title='bbox 1009 1286 1113 1306; x_wconf 86' lang='lat' dir='ltr'>tantum</span> <span class='ocrx_word' id='word_1_475' title='bbox 1129 1278 1285 1305; x_wconf 85' lang='lat' dir='ltr'>defiderata:</span> <span class='ocrx_word' id='word_1_476' title='bbox 1306 1279 1385 1306; x_wconf 87' lang='lat' dir='ltr'>Unde</span> <span class='ocrx_word' id='word_1_477' title='bbox 1394 1279 1487 1306; x_wconf 73' lang='lat' dir='ltr'>media:</span> <span class='ocrx_word' id='word_1_478' title='bbox 1494 1290 1595 1308; x_wconf 86' lang='lat' dir='ltr'>nomen</span> <span class='ocrx_word' id='word_1_479' title='bbox 1603 1291 1696 1311; x_wconf 89' lang='lat' dir='ltr'>ortum</span> 
     </span>
     <span class='ocr_line' id='line_1_33' title="bbox 119 1312 1697 1354; baseline 0.004 -16"><span class='ocrx_word' id='word_1_480' title='bbox 119 1312 169 1340; x_wconf 82' lang='lat' dir='ltr'>est:</span> <span class='ocrx_word' id='word_1_481' title='bbox 188 1324 244 1342; x_wconf 91' lang='lat' dir='ltr'>non</span> <span class='ocrx_word' id='word_1_482' title='bbox 258 1323 321 1343; x_wconf 80' lang='lat' dir='ltr'>tunc</span> <span class='ocrx_word' id='word_1_483' title='bbox 334 1315 442 1352; x_wconf 83' lang='lat' dir='ltr'>quidem</span> <span class='ocrx_word' id='word_1_484' title='bbox 452 1336 458 1346; x_wconf 91' lang='lat'><em>‚</em></span> <span class='ocrx_word' id='word_1_485' title='bbox 480 1314 523 1342; x_wconf 88' lang='lat' dir='ltr'>sed</span> <span class='ocrx_word' id='word_1_486' title='bbox 536 1317 707 1353; x_wconf 87' lang='lat' dir='ltr'>posteaquam</span> <span class='ocrx_word' id='word_1_487' title='bbox 722 1326 799 1344; x_wconf 78' lang='lat' dir='ltr'>novae</span> <span class='ocrx_word' id='word_1_488' title='bbox 807 1315 924 1342; x_wconf 78' lang='lat' dir='ltr'>comaediae</span> <span class='ocrx_word' id='word_1_489' title='bbox 938 1316 1078 1353; x_wconf 81' lang='lat' dir='ltr'>appellatio</span> <span class='ocrx_word' id='word_1_490' title='bbox 1095 1316 1145 1343; x_wconf 88' lang='lat' dir='ltr'>fuit</span> <span class='ocrx_word' id='word_1_491' title='bbox 1159 1317 1276 1344; x_wconf 79' lang='lat' dir='ltr'>instituta</span> <span class='ocrx_word' id='word_1_492' title='bbox 1289 1327 1294 1343; x_wconf 90' lang='lat'>:</span> <span class='ocrx_word' id='word_1_493' title='bbox 1314 1317 1382 1344; x_wconf 87' lang='lat' dir='ltr'>inter</span> <span class='ocrx_word' id='word_1_494' title='bbox 1395 1326 1475 1354; x_wconf 85' lang='lat' dir='ltr'>quam</span> <span class='ocrx_word' id='word_1_495' title='bbox 1490 1320 1517 1346; x_wconf 70' lang='grc' dir='ltr'>δε</span> <span class='ocrx_word' id='word_1_496' title='bbox 1531 1327 1651 1348; x_wconf 88' lang='lat' dir='ltr'>veterem</span> <span class='ocrx_word' id='word_1_497' title='bbox 1667 1323 1697 1349; x_wconf 68' lang='lat' dir='ltr'>il-</span> 
     </span>
     <span class='ocr_line' id='line_1_34' title="bbox 117 1349 1697 1395; baseline 0.006 -18"><span class='ocrx_word' id='word_1_498' title='bbox 117 1349 189 1385; x_wconf 87' lang='lat' dir='ltr'>lam,</span> <span class='ocrx_word' id='word_1_499' title='bbox 208 1362 266 1390; x_wconf 88' lang='lat' dir='ltr'>quae</span> <span class='ocrx_word' id='word_1_500' title='bbox 279 1353 469 1383; x_wconf 85' lang='lat' dir='ltr'>intercederet,</span> <span class='ocrx_word' id='word_1_501' title='bbox 488 1361 548 1388; x_wconf 65' lang='grc' dir='ltr'>μέση</span> <span class='ocrx_word' id='word_1_502' title='bbox 562 1353 611 1382; x_wconf 82' lang='lat' dir='ltr'>fuit</span> <span class='ocrx_word' id='word_1_503' title='bbox 622 1354 768 1381; x_wconf 86' lang='lat' dir='ltr'>nominata.</span> <span class='ocrx_word' id='word_1_504' title='bbox 788 1354 935 1382; x_wconf 82' lang='lat' dir='ltr'>Intercesfit</span> <span class='ocrx_word' id='word_1_505' title='bbox 945 1362 1035 1381; x_wconf 79' lang='lat' dir='ltr'>autem</span> <span class='ocrx_word' id='word_1_506' title='bbox 1051 1357 1077 1382; x_wconf 62' lang='grc' dir='ltr'>ὃς</span> <span class='ocrx_word' id='word_1_507' title='bbox 1090 1361 1229 1390; x_wconf 84' lang='lat' dir='ltr'>tempore,</span> <span class='ocrx_word' id='word_1_508' title='bbox 1246 1356 1271 1381; x_wconf 66' lang='lat' dir='ltr'>St</span> <span class='ocrx_word' id='word_1_509' title='bbox 1281 1354 1382 1382; x_wconf 84' lang='lat' dir='ltr'>forma:</span> <span class='ocrx_word' id='word_1_510' title='bbox 1395 1356 1502 1392; x_wconf 80' lang='lat' dir='ltr'>quando</span> <span class='ocrx_word' id='word_1_511' title='bbox 1510 1358 1697 1395; x_wconf 87' lang='lat' dir='ltr'>nequehujus,</span> 
     </span>
     <span class='ocr_line' id='line_1_35' title="bbox 117 1390 1694 1436; baseline 0.004 -20"><span class='ocrx_word' id='word_1_512' title='bbox 117 1398 206 1426; x_wconf 88' lang='lat' dir='ltr'>neque</span> <span class='ocrx_word' id='word_1_513' title='bbox 219 1391 287 1418; x_wconf 83' lang='lat' dir='ltr'>illius</span> <span class='ocrx_word' id='word_1_514' title='bbox 301 1390 397 1418; x_wconf 84' lang='lat' dir='ltr'>faciem</span> <span class='ocrx_word' id='word_1_515' title='bbox 409 1391 606 1427; x_wconf 73' lang='lat' dir='ltr'>repraesentaret</span> <span class='ocrx_word' id='word_1_516' title='bbox 618 1402 623 1418; x_wconf 75' lang='grc' dir='ltr'>ι</span> <span class='ocrx_word' id='word_1_517' title='bbox 651 1399 775 1428; x_wconf 84' lang='lat' dir='ltr'>tempore</span> <span class='ocrx_word' id='word_1_518' title='bbox 788 1401 894 1428; x_wconf 86' lang='lat' dir='ltr'>quoque</span> <span class='ocrx_word' id='word_1_519' title='bbox 906 1392 1036 1427; x_wconf 86' lang='lat' dir='ltr'>posterior</span> <span class='ocrx_word' id='word_1_520' title='bbox 1050 1391 1101 1418; x_wconf 85' lang='lat' dir='ltr'>fuit</span> <span class='ocrx_word' id='word_1_521' title='bbox 1117 1391 1265 1428; x_wconf 85' lang='lat' dir='ltr'>superiore,</span> <span class='ocrx_word' id='word_1_522' title='bbox 1285 1394 1310 1419; x_wconf 63' lang='grc' dir='ltr'>ἃ</span> <span class='ocrx_word' id='word_1_523' title='bbox 1325 1393 1458 1428; x_wconf 75' lang='lat' dir='ltr'>postrema</span> <span class='ocrx_word' id='word_1_524' title='bbox 1469 1395 1553 1429; x_wconf 72' lang='lat' dir='ltr'>prior.</span> <span class='ocrx_word' id='word_1_525' title='bbox 1586 1397 1694 1436; x_wconf 84' lang='lat' dir='ltr'>Qippe</span> 
     </span>
     <span class='ocr_line' id='line_1_36' title="bbox 116 1428 1694 1469; baseline 0.004 -16"><span class='ocrx_word' id='word_1_526' title='bbox 116 1436 188 1455; x_wconf 87' lang='lat' dir='ltr'>nova</span> <span class='ocrx_word' id='word_1_527' title='bbox 205 1428 251 1456; x_wconf 88' lang='lat' dir='ltr'>sub</span> <span class='ocrx_word' id='word_1_528' title='bbox 271 1428 424 1457; x_wconf 70' lang='lat' dir='ltr'>Alexandro</span> <span class='ocrx_word' id='word_1_529' title='bbox 443 1429 540 1456; x_wconf 77' lang='lat' dir='ltr'>florere</span> <span class='ocrx_word' id='word_1_530' title='bbox 559 1430 641 1465; x_wconf 64' lang='lat' dir='ltr'>coepit</span> <span class='ocrx_word' id='word_1_531' title='bbox 656 1450 664 1460; x_wconf 93' lang='lat'><em>,</em></span> <span class='ocrx_word' id='word_1_532' title='bbox 693 1430 766 1464; x_wconf 82' lang='lat' dir='ltr'>cujus</span> <span class='ocrx_word' id='word_1_533' title='bbox 785 1437 845 1457; x_wconf 74' lang='lat' dir='ltr'>aetas</span> <span class='ocrx_word' id='word_1_534' title='bbox 864 1428 1024 1466; x_wconf 63' lang='lat' dir='ltr'>oligarchiam</span> <span class='ocrx_word' id='word_1_535' title='bbox 1044 1429 1177 1457; x_wconf 64' lang='lat' dir='ltr'>subsecuta.</span> <span class='ocrx_word' id='word_1_536' title='bbox 1198 1430 1243 1456; x_wconf 87' lang='lat' dir='ltr'>est.</span> <span class='ocrx_word' id='word_1_537' title='bbox 1275 1429 1352 1457; x_wconf 78' lang='lat' dir='ltr'>chori</span> <span class='ocrx_word' id='word_1_538' title='bbox 1370 1438 1459 1459; x_wconf 87' lang='lat' dir='ltr'>autern</span> <span class='ocrx_word' id='word_1_539' title='bbox 1473 1431 1535 1460; x_wconf 85' lang='lat' dir='ltr'>loco</span> <span class='ocrx_word' id='word_1_540' title='bbox 1549 1439 1694 1469; x_wconf 52' lang='lat' dir='ltr'>wafflciffffl</span> 
     </span>
     <span class='ocr_line' id='line_1_37' title="bbox 116 1465 1695 1510; baseline 0.003 -19"><span class='ocrx_word' id='word_1_541' title='bbox 116 1465 238 1501; x_wconf 73' lang='lat' dir='ltr'>quaedam</span> <span class='ocrx_word' id='word_1_542' title='bbox 250 1466 347 1495; x_wconf 75' lang='lat' dir='ltr'>fiebant</span> <span class='ocrx_word' id='word_1_543' title='bbox 359 1488 366 1498; x_wconf 93' lang='lat'><em>,</em></span> <span class='ocrx_word' id='word_1_544' title='bbox 394 1469 422 1495; x_wconf 82' lang='lat' dir='ltr'>in</span> <span class='ocrx_word' id='word_1_545' title='bbox 437 1467 531 1504; x_wconf 84' lang='lat' dir='ltr'>quibus</span> <span class='ocrx_word' id='word_1_546' title='bbox 545 1467 659 1495; x_wconf 83' lang='lat' dir='ltr'>aliorum</span> <span class='ocrx_word' id='word_1_547' title='bbox 675 1468 818 1495; x_wconf 77' lang='lat' dir='ltr'>Poetarum</span> <span class='ocrx_word' id='word_1_548' title='bbox 832 1467 903 1494; x_wconf 66' lang='lat' dir='ltr'>dieta</span> <span class='ocrx_word' id='word_1_549' title='bbox 913 1488 919 1498; x_wconf 95' lang='lat'><em>,</em></span> <span class='ocrx_word' id='word_1_550' title='bbox 941 1466 1089 1504; x_wconf 78' lang='lat' dir='ltr'>scriptaque</span> <span class='ocrx_word' id='word_1_551' title='bbox 1102 1468 1156 1495; x_wconf 84' lang='lat' dir='ltr'>fine</span> <span class='ocrx_word' id='word_1_552' title='bbox 1171 1467 1294 1495; x_wconf 72' lang='lat' dir='ltr'>maleficii</span> <span class='ocrx_word' id='word_1_553' title='bbox 1308 1469 1435 1500; x_wconf 78' lang='lat' dir='ltr'>crimine,</span> <span class='ocrx_word' id='word_1_554' title='bbox 1457 1477 1500 1497; x_wconf 88' lang='lat' dir='ltr'>aut</span> <span class='ocrx_word' id='word_1_555' title='bbox 1514 1479 1601 1507; x_wconf 70' lang='lat' dir='ltr'>pot-*nae</span> <span class='ocrx_word' id='word_1_556' title='bbox 1613 1472 1695 1510; x_wconf 76' lang='lat' dir='ltr'>suspi-</span> 
     </span>
     <span class='ocr_line' id='line_1_38' title="bbox 115 1503 1694 1543; baseline 0.005 -13"><span class='ocrx_word' id='word_1_557' title='bbox 115 1503 194 1531; x_wconf 88' lang='lat' dir='ltr'>cione</span> <span class='ocrx_word' id='word_1_558' title='bbox 207 1504 391 1533; x_wconf 78' lang='lat' dir='ltr'>irridebantur.</span> <span class='ocrx_word' id='word_1_559' title='bbox 418 1506 517 1533; x_wconf 68' lang='lat' dir='ltr'>Differ-t</span> <span class='ocrx_word' id='word_1_560' title='bbox 529 1513 620 1533; x_wconf 87' lang='lat' dir='ltr'>autem</span> <span class='ocrx_word' id='word_1_561' title='bbox 633 1504 646 1532; x_wconf 71' lang='lat' dir='ltr'>a</span> <span class='ocrx_word' id='word_1_562' title='bbox 661 1506 744 1533; x_wconf 81' lang='lat' dir='ltr'>veteri</span> <span class='ocrx_word' id='word_1_563' title='bbox 758 1515 822 1532; x_wconf 77' lang='lat' dir='ltr'>nova</span> <span class='ocrx_word' id='word_1_564' title='bbox 835 1505 926 1532; x_wconf 83' lang='lat' dir='ltr'>multis</span> <span class='ocrx_word' id='word_1_565' title='bbox 939 1507 1042 1533; x_wconf 88' lang='lat' dir='ltr'>modis:</span> <span class='ocrx_word' id='word_1_566' title='bbox 1063 1505 1231 1542; x_wconf 77' lang='lat' dir='ltr'>potissimum</span> <span class='ocrx_word' id='word_1_567' title='bbox 1246 1516 1311 1534; x_wconf 87' lang='lat' dir='ltr'>vero</span> <span class='ocrx_word' id='word_1_568' title='bbox 1325 1507 1528 1543; x_wconf 77' lang='lat' dir='ltr'>compositione.</span> <span class='ocrx_word' id='word_1_569' title='bbox 1554 1509 1694 1538; x_wconf 70' lang='lat' dir='ltr'>AstriCtior</span> 
     </span>
     <span class='ocr_line' id='line_1_39' title="bbox 115 1541 1693 1581; baseline 0.005 -13"><span class='ocrx_word' id='word_1_570' title='bbox 115 1541 189 1569; x_wconf 88' lang='lat' dir='ltr'>enim</span> <span class='ocrx_word' id='word_1_571' title='bbox 204 1544 283 1571; x_wconf 80' lang='lat' dir='ltr'>certis</span> <span class='ocrx_word' id='word_1_572' title='bbox 297 1543 397 1580; x_wconf 77' lang='lat' dir='ltr'>legibus</span> <span class='ocrx_word' id='word_1_573' title='bbox 409 1552 464 1572; x_wconf 84' lang='lat' dir='ltr'>tam</span> <span class='ocrx_word' id='word_1_574' title='bbox 481 1544 512 1571; x_wconf 85' lang='lat' dir='ltr'>ad</span> <span class='ocrx_word' id='word_1_575' title='bbox 527 1551 700 1581; x_wconf 82' lang='lat' dir='ltr'>argumenta,</span> <span class='ocrx_word' id='word_1_576' title='bbox 721 1553 800 1581; x_wconf 80' lang='lat' dir='ltr'>quam</span> <span class='ocrx_word' id='word_1_577' title='bbox 817 1544 848 1571; x_wconf 86' lang='lat' dir='ltr'>ad</span> <span class='ocrx_word' id='word_1_578' title='bbox 862 1543 1018 1571; x_wconf 67' lang='lat' dir='ltr'>dietionem.</span> <span class='ocrx_word' id='word_1_579' title='bbox 1046 1544 1112 1571; x_wconf 81' lang='lat' dir='ltr'>Non</span> <span class='ocrx_word' id='word_1_580' title='bbox 1123 1544 1195 1570; x_wconf 86' lang='lat' dir='ltr'>enim</span> <span class='ocrx_word' id='word_1_581' title='bbox 1212 1545 1319 1572; x_wconf 83' lang='lat' dir='ltr'>ridicula</span> <span class='ocrx_word' id='word_1_582' title='bbox 1333 1544 1454 1571; x_wconf 69' lang='lat' dir='ltr'>dramata</span> <span class='ocrx_word' id='word_1_583' title='bbox 1468 1547 1495 1573; x_wconf 91' lang='lat' dir='ltr'>in</span> <span class='ocrx_word' id='word_1_584' title='bbox 1510 1555 1594 1578; x_wconf 78' lang='lat' dir='ltr'>nova,</span> <span class='ocrx_word' id='word_1_585' title='bbox 1615 1555 1645 1575; x_wconf 86' lang='lat' dir='ltr'>ut</span> <span class='ocrx_word' id='word_1_586' title='bbox 1659 1558 1693 1578; x_wconf 85' lang='lat' dir='ltr'>ex</span> 
     </span>
     <span class='ocr_line' id='line_1_40' title="bbox 114 1580 1692 1619; baseline 0.006 -13"><span class='ocrx_word' id='word_1_587' title='bbox 114 1580 231 1615; x_wconf 89' lang='lat' dir='ltr'>qualibet</span> <span class='ocrx_word' id='word_1_588' title='bbox 244 1582 355 1609; x_wconf 79' lang='lat' dir='ltr'>materia</span> <span class='ocrx_word' id='word_1_589' title='bbox 368 1582 449 1609; x_wconf 82' lang='lat' dir='ltr'>risum</span> <span class='ocrx_word' id='word_1_590' title='bbox 463 1589 560 1618; x_wconf 81' lang='lat' dir='ltr'>captet.</span> <span class='ocrx_word' id='word_1_591' title='bbox 592 1582 720 1619; x_wconf 84' lang='lat' dir='ltr'>Qinque</span> <span class='ocrx_word' id='word_1_592' title='bbox 733 1581 918 1618; x_wconf 71' lang='lat' dir='ltr'>partitionibus</span> <span class='ocrx_word' id='word_1_593' title='bbox 932 1581 1015 1614; x_wconf 67' lang='lat' dir='ltr'>secta,</span> <span class='ocrx_word' id='word_1_594' title='bbox 1033 1582 1171 1610; x_wconf 83' lang='lat' dir='ltr'>tibicinem</span> <span class='ocrx_word' id='word_1_595' title='bbox 1181 1581 1321 1610; x_wconf 62' lang='lat' dir='ltr'>interserit.</span> <span class='ocrx_word' id='word_1_596' title='bbox 1348 1585 1371 1609; x_wconf 88' lang='lat' dir='ltr'>V</span> <span class='ocrx_word' id='word_1_597' title='bbox 1375 1583 1483 1611; x_wconf 78' lang='lat' dir='ltr'>ocabula</span> <span class='ocrx_word' id='word_1_598' title='bbox 1496 1594 1568 1612; x_wconf 89' lang='lat' dir='ltr'>nova</span> <span class='ocrx_word' id='word_1_599' title='bbox 1582 1595 1637 1614; x_wconf 89' lang='lat' dir='ltr'>non</span> <span class='ocrx_word' id='word_1_600' title='bbox 1651 1587 1692 1615; x_wconf 81' lang='lat' dir='ltr'>fa-</span> 
     </span>
     <span class='ocr_line' id='line_1_41' title="bbox 113 1616 1694 1658; baseline 0.006 -15"><span class='ocrx_word' id='word_1_601' title='bbox 113 1616 198 1646; x_wconf 82' lang='lat' dir='ltr'>bricat</span> <span class='ocrx_word' id='word_1_602' title='bbox 210 1619 242 1645; x_wconf 83' lang='lat' dir='ltr'>ad</span> <span class='ocrx_word' id='word_1_603' title='bbox 257 1620 338 1645; x_wconf 83' lang='lat' dir='ltr'>risum</span> <span class='ocrx_word' id='word_1_604' title='bbox 348 1639 354 1649; x_wconf 94' lang='lat'><strong>‚</strong></span> <span class='ocrx_word' id='word_1_605' title='bbox 375 1627 420 1646; x_wconf 77' lang='lat' dir='ltr'>aut</span> <span class='ocrx_word' id='word_1_606' title='bbox 434 1620 465 1646; x_wconf 87' lang='lat' dir='ltr'>ad</span> <span class='ocrx_word' id='word_1_607' title='bbox 481 1619 613 1647; x_wconf 83' lang='lat' dir='ltr'>cavillum.</span> <span class='ocrx_word' id='word_1_608' title='bbox 638 1621 673 1648; x_wconf 88' lang='lat' dir='ltr'>Et</span> <span class='ocrx_word' id='word_1_609' title='bbox 685 1620 806 1656; x_wconf 82' lang='lat' dir='ltr'>populari</span> <span class='ocrx_word' id='word_1_610' title='bbox 820 1619 938 1647; x_wconf 81' lang='lat' dir='ltr'>sermoni</span> <span class='ocrx_word' id='word_1_611' title='bbox 951 1621 984 1647; x_wconf 91' lang='lat' dir='ltr'>de</span> <span class='ocrx_word' id='word_1_612' title='bbox 998 1620 1091 1647; x_wconf 85' lang='lat' dir='ltr'>medio</span> <span class='ocrx_word' id='word_1_613' title='bbox 1104 1620 1212 1657; x_wconf 76' lang='lat' dir='ltr'>sumpto</span> <span class='ocrx_word' id='word_1_614' title='bbox 1226 1623 1338 1658; x_wconf 81' lang='lat' dir='ltr'>propior</span> <span class='ocrx_word' id='word_1_615' title='bbox 1350 1630 1420 1648; x_wconf 84' lang='lat' dir='ltr'>nova</span> <span class='ocrx_word' id='word_1_616' title='bbox 1431 1621 1480 1649; x_wconf 82' lang='lat' dir='ltr'>fuit</span> <span class='ocrx_word' id='word_1_617' title='bbox 1493 1624 1561 1658; x_wconf 83' lang='lat' dir='ltr'>apud</span> <span class='ocrx_word' id='word_1_618' title='bbox 1574 1625 1694 1653; x_wconf 70' lang='lat' dir='ltr'>Grrecos.</span> 
     </span>
     <span class='ocr_line' id='line_1_42' title="bbox 117 1656 1691 1694; baseline 0.005 -12"><span class='ocrx_word' id='word_1_619' title='bbox 117 1656 213 1692; x_wconf 79' lang='lat' dir='ltr'>Neque</span> <span class='ocrx_word' id='word_1_620' title='bbox 226 1658 342 1684; x_wconf 82' lang='lat' dir='ltr'>excurrit</span> <span class='ocrx_word' id='word_1_621' title='bbox 356 1667 423 1684; x_wconf 80' lang='lat' dir='ltr'>nova</span> <span class='ocrx_word' id='word_1_622' title='bbox 438 1658 470 1684; x_wconf 82' lang='lat' dir='ltr'>ad</span> <span class='ocrx_word' id='word_1_623' title='bbox 484 1657 549 1684; x_wconf 85' lang='lat' dir='ltr'>alios</span> <span class='ocrx_word' id='word_1_624' title='bbox 563 1656 666 1688; x_wconf 87' lang='lat' dir='ltr'>versus,</span> <span class='ocrx_word' id='word_1_625' title='bbox 687 1657 747 1685; x_wconf 86' lang='lat' dir='ltr'>solis</span> <span class='ocrx_word' id='word_1_626' title='bbox 761 1658 899 1694; x_wconf 56' lang='lat' dir='ltr'>jambre-s,</span> <span class='ocrx_word' id='word_1_627' title='bbox 920 1665 964 1686; x_wconf 90' lang='lat' dir='ltr'>aut</span> <span class='ocrx_word' id='word_1_628' title='bbox 979 1657 1119 1686; x_wconf 81' lang='lat' dir='ltr'>trochaicis</span> <span class='ocrx_word' id='word_1_629' title='bbox 1132 1666 1267 1687; x_wconf 82' lang='lat' dir='ltr'>contenta.</span> <span class='ocrx_word' id='word_1_630' title='bbox 1287 1660 1317 1686; x_wconf 87' lang='lat' dir='ltr'>In</span> <span class='ocrx_word' id='word_1_631' title='bbox 1332 1667 1411 1686; x_wconf 72' lang='lat' dir='ltr'>veteri</span> <span class='ocrx_word' id='word_1_632' title='bbox 1425 1659 1521 1689; x_wconf 79' lang='lat' dir='ltr'>multas</span> <span class='ocrx_word' id='word_1_633' title='bbox 1536 1662 1691 1690; x_wconf 83' lang='lat' dir='ltr'>carminum</span> 
     </span>
     <span class='ocr_line' id='line_1_43' title="bbox 111 1691 1689 1735; baseline 0.006 -16"><span class='ocrx_word' id='word_1_634' title='bbox 111 1691 212 1728; x_wconf 85' lang='lat' dir='ltr'>:species</span> <span class='ocrx_word' id='word_1_635' title='bbox 227 1695 358 1722; x_wconf 78' lang='lat' dir='ltr'>videmus.</span> <span class='ocrx_word' id='word_1_636' title='bbox 395 1697 493 1723; x_wconf 83' lang='lat' dir='ltr'>Ortam</span> <span class='ocrx_word' id='word_1_637' title='bbox 508 1703 599 1722; x_wconf 79' lang='lat' dir='ltr'>tamen</span> <span class='ocrx_word' id='word_1_638' title='bbox 613 1705 645 1722; x_wconf 54' lang='lat' dir='ltr'>ea</span> <span class='ocrx_word' id='word_1_639' title='bbox 656 1696 762 1731; x_wconf 77' lang='lat' dir='ltr'>amiqua</span> <span class='ocrx_word' id='word_1_640' title='bbox 775 1705 874 1722; x_wconf 82' lang='lat' dir='ltr'>novam</span> <span class='ocrx_word' id='word_1_641' title='bbox 892 1695 952 1724; x_wconf 73' lang='lat' dir='ltr'>fitis</span> <span class='ocrx_word' id='word_1_642' title='bbox 966 1703 1074 1733; x_wconf 84' lang='lat' dir='ltr'>apparet</span> <span class='ocrx_word' id='word_1_643' title='bbox 1087 1706 1119 1725; x_wconf 86' lang='lat' dir='ltr'>ex</span> <span class='ocrx_word' id='word_1_644' title='bbox 1131 1697 1163 1723; x_wconf 86' lang='lat' dir='ltr'>iis</span> <span class='ocrx_word' id='word_1_645' title='bbox 1172 1710 1182 1728; x_wconf 77' lang='lat'><em>9</em></span> <span class='ocrx_word' id='word_1_646' title='bbox 1200 1706 1257 1734; x_wconf 84' lang='lat' dir='ltr'>quae</span> <span class='ocrx_word' id='word_1_647' title='bbox 1269 1705 1371 1726; x_wconf 84' lang='lat' dir='ltr'>veteres</span> <span class='ocrx_word' id='word_1_648' title='bbox 1385 1699 1524 1726; x_wconf 66' lang='lat' dir='ltr'>memoria:</span> <span class='ocrx_word' id='word_1_649' title='bbox 1538 1700 1689 1735; x_wconf 85' lang='lat' dir='ltr'>prodidere.</span> 
     </span>
     <span class='ocr_line' id='line_1_44' title="bbox 113 1731 1688 1773; baseline 0.003 -14"><span class='ocrx_word' id='word_1_650' title='bbox 113 1732 198 1768; x_wconf 88' lang='lat' dir='ltr'>Ajunt</span> <span class='ocrx_word' id='word_1_651' title='bbox 218 1734 291 1759; x_wconf 89' lang='lat' dir='ltr'>enim</span> <span class='ocrx_word' id='word_1_652' title='bbox 311 1731 496 1769; x_wconf 72' lang='lat' dir='ltr'>Aristophanem</span> <span class='ocrx_word' id='word_1_653' title='bbox 515 1732 639 1769; x_wconf 75' lang='lat' dir='ltr'>scripfifl&#39;e</span> <span class='ocrx_word' id='word_1_654' title='bbox 658 1733 772 1760; x_wconf 79' lang='lat' dir='ltr'>fabulam</span> <span class='ocrx_word' id='word_1_655' title='bbox 794 1734 925 1766; x_wconf 73' lang='lat' dir='ltr'>Cocalum,</span> <span class='ocrx_word' id='word_1_656' title='bbox 945 1735 1020 1770; x_wconf 82' lang='lat' dir='ltr'>eujus</span> <span class='ocrx_word' id='word_1_657' title='bbox 1039 1734 1114 1762; x_wconf 84' lang='lat' dir='ltr'>filum</span> <span class='ocrx_word' id='word_1_658' title='bbox 1133 1734 1214 1762; x_wconf 86' lang='lat' dir='ltr'>fuerlt</span> <span class='ocrx_word' id='word_1_659' title='bbox 1233 1736 1339 1763; x_wconf 77' lang='lat' dir='ltr'>amuffis</span> <span class='ocrx_word' id='word_1_660' title='bbox 1351 1756 1358 1767; x_wconf 83' lang='lat'><em>,</em></span> <span class='ocrx_word' id='word_1_661' title='bbox 1380 1737 1406 1763; x_wconf 71' lang='grc' dir='ltr'>δε</span> <span class='ocrx_word' id='word_1_662' title='bbox 1425 1736 1514 1773; x_wconf 81' lang='lat' dir='ltr'>regula</span> <span class='ocrx_word' id='word_1_663' title='bbox 1533 1739 1688 1768; x_wconf 68' lang='lat' dir='ltr'>Menandro,</span> 
     </span>
     <span class='ocr_line' id='line_1_45' title="bbox 112 1770 1688 1810; baseline 0.005 -14"><span class='ocrx_word' id='word_1_664' title='bbox 112 1777 191 1807; x_wconf 87' lang='lat' dir='ltr'>atque</span> <span class='ocrx_word' id='word_1_665' title='bbox 205 1770 346 1798; x_wconf 78' lang='lat' dir='ltr'>Ph:lome71i</span> <span class='ocrx_word' id='word_1_666' title='bbox 358 1772 389 1798; x_wconf 78' lang='lat' dir='ltr'>au</span> <span class='ocrx_word' id='word_1_667' title='bbox 404 1781 504 1798; x_wconf 77' lang='lat' dir='ltr'>novam</span> <span class='ocrx_word' id='word_1_668' title='bbox 516 1771 666 1798; x_wconf 73' lang='lat' dir='ltr'>comoediam</span> <span class='ocrx_word' id='word_1_669' title='bbox 678 1771 946 1799; x_wconf 72' lang='lat' dir='ltr'>comminiscendam.</span> <span class='ocrx_word' id='word_1_670' title='bbox 965 1775 1027 1801; x_wconf 92' lang='lat' dir='ltr'>Hoc</span> <span class='ocrx_word' id='word_1_671' title='bbox 1041 1782 1126 1801; x_wconf 88' lang='lat' dir='ltr'>unum</span> <span class='ocrx_word' id='word_1_672' title='bbox 1139 1781 1222 1810; x_wconf 85' lang='lat' dir='ltr'>genus</span> <span class='ocrx_word' id='word_1_673' title='bbox 1237 1774 1326 1801; x_wconf 85' lang='lat' dir='ltr'>Latini</span> <span class='ocrx_word' id='word_1_674' title='bbox 1340 1782 1489 1810; x_wconf 76' lang='lat' dir='ltr'>quanquam</span> <span class='ocrx_word' id='word_1_675' title='bbox 1499 1775 1629 1810; x_wconf 77' lang='lat' dir='ltr'>amplexi,</span> <span class='ocrx_word' id='word_1_676' title='bbox 1649 1784 1688 1804; x_wconf 86' lang='lat' dir='ltr'>at—</span> 
     </span>
     <span class='ocr_line' id='line_1_46' title="bbox 113 1809 1686 1850; baseline 0.004 -16"><span class='ocrx_word' id='word_1_677' title='bbox 113 1816 165 1843; x_wconf 85' lang='lat' dir='ltr'>que</span> <span class='ocrx_word' id='word_1_678' title='bbox 178 1809 275 1837; x_wconf 82' lang='lat' dir='ltr'>imitati</span> <span class='ocrx_word' id='word_1_679' title='bbox 287 1810 359 1837; x_wconf 83' lang='lat' dir='ltr'>sunt:</span> <span class='ocrx_word' id='word_1_680' title='bbox 381 1817 471 1837; x_wconf 86' lang='lat' dir='ltr'>tamen</span> <span class='ocrx_word' id='word_1_681' title='bbox 486 1809 630 1837; x_wconf 82' lang='lat' dir='ltr'>secundum</span> <span class='ocrx_word' id='word_1_682' title='bbox 644 1817 732 1838; x_wconf 73' lang='lat' dir='ltr'>aetates</span> <span class='ocrx_word' id='word_1_683' title='bbox 746 1810 868 1837; x_wconf 71' lang='lat' dir='ltr'>comoedi-e</span> <span class='ocrx_word' id='word_1_684' title='bbox 881 1811 977 1838; x_wconf 87' lang='lat' dir='ltr'>modos</span> <span class='ocrx_word' id='word_1_685' title='bbox 992 1820 1099 1848; x_wconf 87' lang='lat' dir='ltr'>quoque</span> <span class='ocrx_word' id='word_1_686' title='bbox 1113 1810 1126 1838; x_wconf 69' lang='grc' dir='ltr'>ὲ</span> <span class='ocrx_word' id='word_1_687' title='bbox 1141 1811 1306 1847; x_wconf 85' lang='lat' dir='ltr'>temporibus</span> <span class='ocrx_word' id='word_1_688' title='bbox 1320 1819 1447 1840; x_wconf 76' lang='lat' dir='ltr'>notavere</span> <span class='ocrx_word' id='word_1_689' title='bbox 1461 1823 1466 1838; x_wconf 84' lang='lat' dir='ltr'>z</span> <span class='ocrx_word' id='word_1_690' title='bbox 1489 1822 1544 1850; x_wconf 84' lang='lat' dir='ltr'>quae</span> <span class='ocrx_word' id='word_1_691' title='bbox 1559 1814 1596 1841; x_wconf 85' lang='lat' dir='ltr'>cis</span> <span class='ocrx_word' id='word_1_692' title='bbox 1609 1813 1686 1841; x_wconf 82' lang='lat' dir='ltr'>diffe-</span> 
     </span>
     <span class='ocr_line' id='line_1_47' title="bbox 110 1846 1686 1886; baseline 0.004 -13"><span class='ocrx_word' id='word_1_693' title='bbox 110 1847 209 1874; x_wconf 73' lang='lat' dir='ltr'>sentias</span> <span class='ocrx_word' id='word_1_694' title='bbox 229 1856 283 1875; x_wconf 86' lang='lat' dir='ltr'>non</span> <span class='ocrx_word' id='word_1_695' title='bbox 297 1847 310 1875; x_wconf 61' lang='grc' dir='ltr'>εὶ</span> <span class='ocrx_word' id='word_1_696' title='bbox 323 1847 424 1884; x_wconf 79' lang='lat' dir='ltr'>specie,</span> <span class='ocrx_word' id='word_1_697' title='bbox 445 1847 490 1875; x_wconf 83' lang='lat' dir='ltr'>sed</span> <span class='ocrx_word' id='word_1_698' title='bbox 503 1846 516 1875; x_wconf 71' lang='lat' dir='ltr'>a</span> <span class='ocrx_word' id='word_1_699' title='bbox 530 1847 597 1883; x_wconf 75' lang='lat' dir='ltr'>stylo</span> <span class='ocrx_word' id='word_1_700' title='bbox 612 1848 810 1876; x_wconf 85' lang='lat' dir='ltr'>constituerent.</span> <span class='ocrx_word' id='word_1_701' title='bbox 850 1850 943 1886; x_wconf 82' lang='lat' dir='ltr'>Itaque</span> <span class='ocrx_word' id='word_1_702' title='bbox 957 1856 1058 1877; x_wconf 88' lang='lat' dir='ltr'>veteres</span> <span class='ocrx_word' id='word_1_703' title='bbox 1071 1848 1170 1877; x_wconf 84' lang='lat' dir='ltr'>fabulas</span> <span class='ocrx_word' id='word_1_704' title='bbox 1180 1848 1252 1876; x_wconf 76' lang='lat' dir='ltr'>Livii</span> <span class='ocrx_word' id='word_1_705' title='bbox 1266 1848 1406 1876; x_wconf 74' lang='lat' dir='ltr'>Andronici</span> <span class='ocrx_word' id='word_1_706' title='bbox 1418 1851 1532 1877; x_wconf 85' lang='lat' dir='ltr'>dicimus</span> <span class='ocrx_word' id='word_1_707' title='bbox 1545 1871 1553 1882; x_wconf 91' lang='lat'>‚</span> <span class='ocrx_word' id='word_1_708' title='bbox 1580 1851 1686 1879; x_wconf 61' lang='lat' dir='ltr'>Pacuvii</span> 
     </span>
     <span class='ocr_line' id='line_1_48' title="bbox 110 1884 1687 1924; baseline 0.003 -13"><span class='ocrx_word' id='word_1_709' title='bbox 110 1884 215 1912; x_wconf 85' lang='lat' dir='ltr'>medias</span> <span class='ocrx_word' id='word_1_710' title='bbox 228 1904 236 1913; x_wconf 93' lang='lat'><em>,</em></span> <span class='ocrx_word' id='word_1_711' title='bbox 261 1885 373 1913; x_wconf 66' lang='lat' dir='ltr'>Terentii</span> <span class='ocrx_word' id='word_1_712' title='bbox 386 1896 482 1918; x_wconf 82' lang='lat' dir='ltr'>novas,</span> <span class='ocrx_word' id='word_1_713' title='bbox 501 1887 562 1923; x_wconf 82' lang='lat' dir='ltr'>quia</span> <span class='ocrx_word' id='word_1_714' title='bbox 575 1885 618 1913; x_wconf 86' lang='lat' dir='ltr'>hic</span> <span class='ocrx_word' id='word_1_715' title='bbox 632 1887 768 1922; x_wconf 68' lang='lat' dir='ltr'>postremo</span> <span class='ocrx_word' id='word_1_716' title='bbox 780 1886 887 1918; x_wconf 61' lang='lat' dir='ltr'>itt-culo,</span> <span class='ocrx_word' id='word_1_717' title='bbox 908 1887 952 1915; x_wconf 86' lang='lat' dir='ltr'>ille</span> <span class='ocrx_word' id='word_1_718' title='bbox 965 1887 1051 1924; x_wconf 84' lang='lat' dir='ltr'>prisco</span> <span class='ocrx_word' id='word_1_719' title='bbox 1060 1907 1066 1917; x_wconf 90' lang='lat'><em>,</em></span> <span class='ocrx_word' id='word_1_720' title='bbox 1087 1886 1214 1915; x_wconf 68' lang='lat' dir='ltr'>Pacuvius</span> <span class='ocrx_word' id='word_1_721' title='bbox 1228 1888 1320 1915; x_wconf 90' lang='lat' dir='ltr'>medio</span> <span class='ocrx_word' id='word_1_722' title='bbox 1335 1895 1411 1915; x_wconf 75' lang='lat' dir='ltr'>natus</span> <span class='ocrx_word' id='word_1_723' title='bbox 1424 1889 1494 1915; x_wconf 78' lang='lat' dir='ltr'>effer.</span> <span class='ocrx_word' id='word_1_724' title='bbox 1525 1889 1687 1917; x_wconf 70' lang='lat' dir='ltr'>Andronicus</span> 
     </span>
     <span class='ocr_line' id='line_1_49' title="bbox 111 1923 1684 1964; baseline 0.004 -15"><span class='ocrx_word' id='word_1_725' title='bbox 111 1923 185 1950; x_wconf 86' lang='lat' dir='ltr'>enim</span> <span class='ocrx_word' id='word_1_726' title='bbox 198 1924 301 1959; x_wconf 80' lang='lat' dir='ltr'>primus</span> <span class='ocrx_word' id='word_1_727' title='bbox 314 1925 387 1952; x_wconf 89' lang='lat' dir='ltr'>dedit</span> <span class='ocrx_word' id='word_1_728' title='bbox 399 1924 528 1955; x_wconf 77' lang='lat' dir='ltr'>fabulam,</span> <span class='ocrx_word' id='word_1_729' title='bbox 548 1933 629 1961; x_wconf 86' lang='lat' dir='ltr'>quam</span> <span class='ocrx_word' id='word_1_730' title='bbox 643 1925 800 1952; x_wconf 64' lang='lat' dir='ltr'>Graecorum</span> <span class='ocrx_word' id='word_1_731' title='bbox 817 1934 895 1952; x_wconf 90' lang='lat' dir='ltr'>more</span> <span class='ocrx_word' id='word_1_732' title='bbox 908 1926 1000 1954; x_wconf 90' lang='lat' dir='ltr'>docuit</span> <span class='ocrx_word' id='word_1_733' title='bbox 1013 1926 1162 1958; x_wconf 85' lang='lat' dir='ltr'>histriones,</span> <span class='ocrx_word' id='word_1_734' title='bbox 1184 1927 1221 1953; x_wconf 84' lang='lat' dir='ltr'>ita</span> <span class='ocrx_word' id='word_1_735' title='bbox 1234 1934 1264 1953; x_wconf 88' lang='lat' dir='ltr'>ut</span> <span class='ocrx_word' id='word_1_736' title='bbox 1278 1925 1341 1952; x_wconf 84' lang='lat' dir='ltr'>ess&#39;et</span> <span class='ocrx_word' id='word_1_737' title='bbox 1354 1927 1455 1956; x_wconf 75' lang='lat' dir='ltr'>instem</span> <span class='ocrx_word' id='word_1_738' title='bbox 1463 1925 1530 1962; x_wconf 75' lang='lat' dir='ltr'>ipse,</span> <span class='ocrx_word' id='word_1_739' title='bbox 1551 1934 1629 1964; x_wconf 85' lang='lat' dir='ltr'>atque</span> <span class='ocrx_word' id='word_1_740' title='bbox 1638 1937 1684 1956; x_wconf 83' lang='lat' dir='ltr'>eos</span> 
     </span>
     <span class='ocr_line' id='line_1_50' title="bbox 111 1961 1686 2003; baseline 0.004 -17"><span class='ocrx_word' id='word_1_741' title='bbox 111 1961 258 1997; x_wconf 73' lang='lat' dir='ltr'>castigaret.</span> <span class='ocrx_word' id='word_1_742' title='bbox 291 1962 351 1990; x_wconf 91' lang='lat' dir='ltr'>Nec</span> <span class='ocrx_word' id='word_1_743' title='bbox 363 1962 485 1990; x_wconf 83' lang='lat' dir='ltr'>abstinuit</span> <span class='ocrx_word' id='word_1_744' title='bbox 499 1970 591 1990; x_wconf 86' lang='lat' dir='ltr'>tamen</span> <span class='ocrx_word' id='word_1_745' title='bbox 601 1971 672 1989; x_wconf 80' lang='lat' dir='ltr'>nova</span> <span class='ocrx_word' id='word_1_746' title='bbox 685 1964 875 1990; x_wconf 80' lang='lat' dir='ltr'>Romanorum</span> <span class='ocrx_word' id='word_1_747' title='bbox 890 1963 903 1991; x_wconf 69' lang='grc' dir='ltr'>ὲ</span> <span class='ocrx_word' id='word_1_748' title='bbox 918 1963 1026 1991; x_wconf 84' lang='lat' dir='ltr'>censura</span> <span class='ocrx_word' id='word_1_749' title='bbox 1039 1984 1046 1994; x_wconf 92' lang='lat'>,</span> <span class='ocrx_word' id='word_1_750' title='bbox 1072 1971 1151 2000; x_wconf 88' lang='lat' dir='ltr'>atque</span> <span class='ocrx_word' id='word_1_751' title='bbox 1166 1962 1392 1991; x_wconf 68' lang='lat' dir='ltr'>animadversione</span> <span class='ocrx_word' id='word_1_752' title='bbox 1406 1965 1533 1992; x_wconf 80' lang='lat' dir='ltr'>vitiorum</span> <span class='ocrx_word' id='word_1_753' title='bbox 1548 1986 1556 1996; x_wconf 89' lang='lat'>‚</span> <span class='ocrx_word' id='word_1_754' title='bbox 1576 1973 1605 1993; x_wconf 87' lang='lat' dir='ltr'>ut</span> <span class='ocrx_word' id='word_1_755' title='bbox 1618 1965 1686 2003; x_wconf 69' lang='lat' dir='ltr'>saepo</span> 
     </span>
     <span class='ocr_line' id='line_1_51' title="bbox 112 1999 1683 2037; baseline 0.004 -12"><span class='ocrx_word' id='word_1_756' title='bbox 112 1999 148 2025; x_wconf 90' lang='lat' dir='ltr'>est</span> <span class='ocrx_word' id='word_1_757' title='bbox 161 1999 229 2034; x_wconf 82' lang='lat' dir='ltr'>apud</span> <span class='ocrx_word' id='word_1_758' title='bbox 245 1999 375 2027; x_wconf 68' lang='lat' dir='ltr'>Plausum.</span> <span class='ocrx_word' id='word_1_759' title='bbox 397 2001 536 2028; x_wconf 72' lang='lat' dir='ltr'>Romanus</span> <span class='ocrx_word' id='word_1_760' title='bbox 549 1999 622 2027; x_wconf 67' lang='lat' dir='ltr'>auius</span> <span class='ocrx_word' id='word_1_761' title='bbox 636 2000 672 2027; x_wconf 87' lang='lat' dir='ltr'>est</span> <span class='ocrx_word' id='word_1_762' title='bbox 686 2001 807 2029; x_wconf 90' lang='lat' dir='ltr'>emollire</span> <span class='ocrx_word' id='word_1_763' title='bbox 820 2002 925 2037; x_wconf 82' lang='lat' dir='ltr'>epicam</span> <span class='ocrx_word' id='word_1_764' title='bbox 940 2001 1107 2029; x_wconf 84' lang='lat' dir='ltr'>severitatem</span> <span class='ocrx_word' id='word_1_765' title='bbox 1116 2022 1123 2033; x_wconf 90' lang='lat'><em>,</em></span> <span class='ocrx_word' id='word_1_766' title='bbox 1142 2011 1173 2029; x_wconf 88' lang='lat' dir='ltr'>ac</span> <span class='ocrx_word' id='word_1_767' title='bbox 1185 2003 1296 2029; x_wconf 79' lang='lat' dir='ltr'>nomina</span> <span class='ocrx_word' id='word_1_768' title='bbox 1309 2000 1386 2029; x_wconf 84' lang='lat' dir='ltr'>fimul</span> <span class='ocrx_word' id='word_1_769' title='bbox 1397 2010 1460 2029; x_wconf 87' lang='lat' dir='ltr'>curn</span> <span class='ocrx_word' id='word_1_770' title='bbox 1475 2003 1594 2032; x_wconf 88' lang='lat' dir='ltr'>moribus</span> <span class='ocrx_word' id='word_1_771' title='bbox 1602 2004 1683 2032; x_wconf 87' lang='lat' dir='ltr'>infer-</span> 
     </span>
     <span class='ocr_line' id='line_1_52' title="bbox 110 2037 1681 2076; baseline 0.004 -13"><span class='ocrx_word' id='word_1_772' title='bbox 110 2045 141 2063; x_wconf 89' lang='lat' dir='ltr'>re</span> <span class='ocrx_word' id='word_1_773' title='bbox 154 2037 182 2064; x_wconf 90' lang='lat' dir='ltr'>in</span> <span class='ocrx_word' id='word_1_774' title='bbox 194 2037 299 2066; x_wconf 81' lang='lat' dir='ltr'>scenam</span> <span class='ocrx_word' id='word_1_775' title='bbox 314 2039 328 2064; x_wconf 77' lang='lat' dir='ltr'>e</span> <span class='ocrx_word' id='word_1_776' title='bbox 342 2039 436 2069; x_wconf 86' lang='lat' dir='ltr'>Latio,</span> <span class='ocrx_word' id='word_1_777' title='bbox 455 2041 481 2067; x_wconf 57' lang='grc' dir='ltr'>ὃς</span> <span class='ocrx_word' id='word_1_778' title='bbox 493 2039 625 2066; x_wconf 73' lang='lat' dir='ltr'>deducere</span> <span class='ocrx_word' id='word_1_779' title='bbox 639 2039 665 2065; x_wconf 91' lang='lat' dir='ltr'>in</span> <span class='ocrx_word' id='word_1_780' title='bbox 679 2039 756 2066; x_wconf 84' lang='lat' dir='ltr'>festos</span> <span class='ocrx_word' id='word_1_781' title='bbox 769 2040 852 2067; x_wconf 89' lang='lat' dir='ltr'>ludos.</span> <span class='ocrx_word' id='word_1_782' title='bbox 872 2040 951 2067; x_wconf 89' lang='lat' dir='ltr'>Unde</span> <span class='ocrx_word' id='word_1_783' title='bbox 964 2046 1022 2066; x_wconf 84' lang='lat' dir='ltr'>orta</span> <span class='ocrx_word' id='word_1_784' title='bbox 1032 2039 1106 2066; x_wconf 88' lang='lat' dir='ltr'>fuere</span> <span class='ocrx_word' id='word_1_785' title='bbox 1112 2048 1209 2076; x_wconf 85' lang='lat' dir='ltr'>genera</span> <span class='ocrx_word' id='word_1_786' title='bbox 1216 2038 1379 2071; x_wconf 84' lang='lat' dir='ltr'>fabularum,</span> <span class='ocrx_word' id='word_1_787' title='bbox 1395 2039 1426 2066; x_wconf 77' lang='lat' dir='ltr'>ab</span> <span class='ocrx_word' id='word_1_788' title='bbox 1434 2048 1528 2068; x_wconf 87' lang='lat' dir='ltr'>ornatu</span> <span class='ocrx_word' id='word_1_789' title='bbox 1537 2042 1681 2074; x_wconf 69' lang='lat' dir='ltr'>veststuve,</span> 
     </span>
     <span class='ocr_line' id='line_1_53' title="bbox 109 2076 1684 2114; baseline 0.005 -13"><span class='ocrx_word' id='word_1_790' title='bbox 109 2083 191 2112; x_wconf 87' lang='lat' dir='ltr'>quem</span> <span class='ocrx_word' id='word_1_791' title='bbox 199 2084 337 2112; x_wconf 85' lang='lat' dir='ltr'>gererent,</span> <span class='ocrx_word' id='word_1_792' title='bbox 356 2077 500 2104; x_wconf 82' lang='lat' dir='ltr'>nominata.</span> <span class='ocrx_word' id='word_1_793' title='bbox 523 2079 596 2104; x_wconf 66' lang='lat' dir='ltr'>Nam</span> <span class='ocrx_word' id='word_1_794' title='bbox 604 2078 837 2114; x_wconf 87' lang='lat' dir='ltr'>quemadmodum</span> <span class='ocrx_word' id='word_1_795' title='bbox 846 2081 939 2105; x_wconf 71' lang='lat' dir='ltr'>Graecas</span> <span class='ocrx_word' id='word_1_796' title='bbox 946 2076 1081 2111; x_wconf 72' lang='lat' dir='ltr'>palliatas,</span> <span class='ocrx_word' id='word_1_797' title='bbox 1103 2077 1209 2114; x_wconf 71' lang='lat' dir='ltr'>agentis</span> <span class='ocrx_word' id='word_1_798' title='bbox 1216 2077 1286 2104; x_wconf 87' lang='lat' dir='ltr'>veste</span> <span class='ocrx_word' id='word_1_799' title='bbox 1293 2076 1684 2110; x_wconf 69' lang='lat' dir='ltr'>vocabant,ita-21Romanato-</span> 
     </span>
     <span class='ocr_line' id='line_1_54' title="bbox 109 2114 1680 2154; baseline 0.005 -15"><span class='ocrx_word' id='word_1_800' title='bbox 109 2122 158 2150; x_wconf 77' lang='lat' dir='ltr'>ga,</span> <span class='ocrx_word' id='word_1_801' title='bbox 177 2122 264 2151; x_wconf 71' lang='lat' dir='ltr'>togatae</span> <span class='ocrx_word' id='word_1_802' title='bbox 276 2114 352 2141; x_wconf 63' lang='lat' dir='ltr'>dierae</span> <span class='ocrx_word' id='word_1_803' title='bbox 365 2114 432 2142; x_wconf 81' lang='lat' dir='ltr'>sunt.</span> <span class='ocrx_word' id='word_1_804' title='bbox 451 2115 606 2142; x_wconf 81' lang='lat' dir='ltr'>Latinarum</span> <span class='ocrx_word' id='word_1_805' title='bbox 622 2116 702 2152; x_wconf 84' lang='lat' dir='ltr'>igitur</span> <span class='ocrx_word' id='word_1_806' title='bbox 714 2116 811 2152; x_wconf 84' lang='lat' dir='ltr'>species</span> <span class='ocrx_word' id='word_1_807' title='bbox 824 2116 874 2142; x_wconf 70' lang='lat' dir='ltr'>hae:</span> <span class='ocrx_word' id='word_1_808' title='bbox 896 2115 1036 2147; x_wconf 75' lang='lat' dir='ltr'>nobiliores,</span> <span class='ocrx_word' id='word_1_809' title='bbox 1057 2124 1114 2152; x_wconf 84' lang='lat' dir='ltr'>quae</span> <span class='ocrx_word' id='word_1_810' title='bbox 1127 2116 1141 2142; x_wconf 70' lang='grc' dir='ltr'>ὲ</span> <span class='ocrx_word' id='word_1_811' title='bbox 1152 2114 1269 2151; x_wconf 85' lang='lat' dir='ltr'>personis</span> <span class='ocrx_word' id='word_1_812' title='bbox 1276 2116 1562 2152; x_wconf 69' lang='lat' dir='ltr'>primariispraetexmtae</span> <span class='ocrx_word' id='word_1_813' title='bbox 1569 2118 1680 2154; x_wconf 80' lang='lat' dir='ltr'>appella-</span> 
     </span>
     <span class='ocr_line' id='line_1_55' title="bbox 109 2152 1681 2191; baseline 0.003 -12"><span class='ocrx_word' id='word_1_814' title='bbox 109 2152 213 2179; x_wconf 84' lang='lat' dir='ltr'>bantur.</span> <span class='ocrx_word' id='word_1_815' title='bbox 246 2153 309 2180; x_wconf 87' lang='lat' dir='ltr'>Erat</span> <span class='ocrx_word' id='word_1_816' title='bbox 323 2153 396 2179; x_wconf 84' lang='lat' dir='ltr'>enim</span> <span class='ocrx_word' id='word_1_817' title='bbox 405 2160 526 2186; x_wconf 63' lang='lat' dir='ltr'>protextu</span> <span class='ocrx_word' id='word_1_818' title='bbox 542 2154 742 2190; x_wconf 76' lang='lat' dir='ltr'>Magillratuum</span> <span class='ocrx_word' id='word_1_819' title='bbox 759 2162 822 2191; x_wconf 84' lang='lat' dir='ltr'>toga</span> <span class='ocrx_word' id='word_1_820' title='bbox 835 2174 842 2186; x_wconf 90' lang='lat'><em>,</em></span> <span class='ocrx_word' id='word_1_821' title='bbox 862 2155 904 2182; x_wconf 92' lang='lat' dir='ltr'>cui</span> <span class='ocrx_word' id='word_1_822' title='bbox 919 2162 1034 2191; x_wconf 84' lang='lat' dir='ltr'>purpura</span> <span class='ocrx_word' id='word_1_823' title='bbox 1046 2154 1243 2189; x_wconf 57' lang='lat' dir='ltr'>praetexebatur.</span> <span class='ocrx_word' id='word_1_824' title='bbox 1262 2157 1292 2180; x_wconf 88' lang='lat' dir='ltr'>C.</span> <span class='ocrx_word' id='word_1_825' title='bbox 1307 2152 1419 2190; x_wconf 60' lang='lat' dir='ltr'>Meliffiks</span> <span class='ocrx_word' id='word_1_826' title='bbox 1428 2176 1435 2186; x_wconf 82' lang='lat'>,</span> <span class='ocrx_word' id='word_1_827' title='bbox 1456 2155 1501 2191; x_wconf 89' lang='lat' dir='ltr'>qui</span> <span class='ocrx_word' id='word_1_828' title='bbox 1515 2155 1565 2182; x_wconf 83' lang='lat' dir='ltr'>fuit</span> <span class='ocrx_word' id='word_1_829' title='bbox 1579 2156 1612 2183; x_wconf 86' lang='lat' dir='ltr'>ab</span> <span class='ocrx_word' id='word_1_830' title='bbox 1626 2158 1681 2184; x_wconf 89' lang='lat' dir='ltr'>Au-</span> 
     </span>
     <span class='ocr_line' id='line_1_56' title="bbox 107 2190 1680 2230; baseline 0.001 -14"><span class='ocrx_word' id='word_1_831' title='bbox 107 2191 184 2227; x_wconf 77' lang='lat' dir='ltr'>gusto</span> <span class='ocrx_word' id='word_1_832' title='bbox 203 2190 341 2226; x_wconf 62' lang='lat' dir='ltr'>praesectus</span> <span class='ocrx_word' id='word_1_833' title='bbox 362 2191 525 2219; x_wconf 75' lang='lat' dir='ltr'>bibliothecae</span> <span class='ocrx_word' id='word_1_834' title='bbox 543 2191 570 2218; x_wconf 89' lang='lat' dir='ltr'>in</span> <span class='ocrx_word' id='word_1_835' title='bbox 583 2192 688 2227; x_wconf 89' lang='lat' dir='ltr'>porticu</span> <span class='ocrx_word' id='word_1_836' title='bbox 703 2191 826 2224; x_wconf 52' lang='lat' dir='ltr'>Ostium,</span> <span class='ocrx_word' id='word_1_837' title='bbox 847 2192 931 2220; x_wconf 90' lang='lat' dir='ltr'>edidit</span> <span class='ocrx_word' id='word_1_838' title='bbox 944 2201 1047 2219; x_wconf 89' lang='lat' dir='ltr'>novum</span> <span class='ocrx_word' id='word_1_839' title='bbox 1063 2201 1146 2229; x_wconf 88' lang='lat' dir='ltr'>genus</span> <span class='ocrx_word' id='word_1_840' title='bbox 1159 2198 1326 2228; x_wconf 84' lang='lat' dir='ltr'>togatarum,</span> <span class='ocrx_word' id='word_1_841' title='bbox 1348 2200 1412 2228; x_wconf 83' lang='lat' dir='ltr'>quas</span> <span class='ocrx_word' id='word_1_842' title='bbox 1425 2192 1553 2220; x_wconf 70' lang='lat' dir='ltr'>trabeatas</span> <span class='ocrx_word' id='word_1_843' title='bbox 1566 2195 1680 2230; x_wconf 73' lang='lat' dir='ltr'>appella-</span> 
     </span>
     <span class='ocr_line' id='line_1_57' title="bbox 108 2228 1678 2267; baseline 0.001 -12"><span class='ocrx_word' id='word_1_844' title='bbox 108 2229 160 2256; x_wconf 81' lang='lat' dir='ltr'>vit:</span> <span class='ocrx_word' id='word_1_845' title='bbox 181 2229 412 2264; x_wconf 79' lang='lat' dir='ltr'>quemadmodum</span> <span class='ocrx_word' id='word_1_846' title='bbox 426 2228 540 2265; x_wconf 83' lang='lat' dir='ltr'>legimus</span> <span class='ocrx_word' id='word_1_847' title='bbox 554 2231 581 2256; x_wconf 90' lang='lat' dir='ltr'>in</span> <span class='ocrx_word' id='word_1_848' title='bbox 593 2229 637 2256; x_wconf 89' lang='lat' dir='ltr'>lib.</span> <span class='ocrx_word' id='word_1_849' title='bbox 651 2230 684 2257; x_wconf 91' lang='lat' dir='ltr'>de</span> <span class='ocrx_word' id='word_1_850' title='bbox 698 2230 768 2257; x_wconf 86' lang='lat' dir='ltr'>Clar.</span> <span class='ocrx_word' id='word_1_851' title='bbox 780 2232 906 2257; x_wconf 85' lang='lat' dir='ltr'>Gramm.</span> <span class='ocrx_word' id='word_1_852' title='bbox 929 2231 1018 2257; x_wconf 83' lang='lat' dir='ltr'>Minus</span> <span class='ocrx_word' id='word_1_853' title='bbox 1030 2230 1144 2261; x_wconf 79' lang='lat' dir='ltr'>nobiles,</span> <span class='ocrx_word' id='word_1_854' title='bbox 1165 2231 1192 2257; x_wconf 86' lang='lat' dir='ltr'>in</span> <span class='ocrx_word' id='word_1_855' title='bbox 1208 2229 1434 2266; x_wconf 67' lang='lat' dir='ltr'>quibusst’natores</span> <span class='ocrx_word' id='word_1_856' title='bbox 1445 2232 1541 2267; x_wconf 82' lang='lat' dir='ltr'>privati</span> <span class='ocrx_word' id='word_1_857' title='bbox 1556 2242 1619 2260; x_wconf 87' lang='lat' dir='ltr'>cum</span> <span class='ocrx_word' id='word_1_858' title='bbox 1636 2241 1678 2262; x_wconf 78' lang='lat' dir='ltr'>to-</span> 
     </span>
     <span class='ocr_line' id='line_1_58' title="bbox 106 2266 1681 2305; baseline 0.003 -12"><span class='ocrx_word' id='word_1_859' title='bbox 106 2266 148 2302; x_wconf 84' lang='lat' dir='ltr'>gis</span> <span class='ocrx_word' id='word_1_860' title='bbox 159 2267 403 2294; x_wconf 82' lang='lat' dir='ltr'>introducebantur.</span> <span class='ocrx_word' id='word_1_861' title='bbox 438 2267 573 2294; x_wconf 87' lang='lat' dir='ltr'>Ultimum</span> <span class='ocrx_word' id='word_1_862' title='bbox 586 2275 669 2304; x_wconf 90' lang='lat' dir='ltr'>genus</span> <span class='ocrx_word' id='word_1_863' title='bbox 681 2269 798 2305; x_wconf 77' lang='lat' dir='ltr'>capiebat</span> <span class='ocrx_word' id='word_1_864' title='bbox 809 2268 943 2297; x_wconf 83' lang='lat' dir='ltr'>humilem</span> <span class='ocrx_word' id='word_1_865' title='bbox 958 2267 1093 2295; x_wconf 77' lang='lat' dir='ltr'>fortunam</span> <span class='ocrx_word' id='word_1_866' title='bbox 1107 2289 1116 2301; x_wconf 92' lang='lat'><em>,</em></span> <span class='ocrx_word' id='word_1_867' title='bbox 1135 2268 1304 2305; x_wconf 86' lang='lat' dir='ltr'>popularium</span> <span class='ocrx_word' id='word_1_868' title='bbox 1318 2269 1490 2305; x_wconf 88' lang='lat' dir='ltr'>negotiorum</span> <span class='ocrx_word' id='word_1_869' title='bbox 1505 2280 1568 2298; x_wconf 89' lang='lat' dir='ltr'>cum</span> <span class='ocrx_word' id='word_1_870' title='bbox 1584 2272 1681 2299; x_wconf 81' lang='lat' dir='ltr'>tunicis</span> 
     </span>
     <span class='ocr_line' id='line_1_59' title="bbox 106 2303 1678 2346; baseline 0.003 -14"><span class='ocrx_word' id='word_1_871' title='bbox 106 2303 211 2332; x_wconf 77' lang='lat' dir='ltr'>tantum</span> <span class='ocrx_word' id='word_1_872' title='bbox 221 2326 228 2337; x_wconf 89' lang='lat'>‚</span> <span class='ocrx_word' id='word_1_873' title='bbox 249 2314 305 2342; x_wconf 77' lang='lat' dir='ltr'>quae</span> <span class='ocrx_word' id='word_1_874' title='bbox 317 2312 410 2332; x_wconf 83' lang='lat' dir='ltr'>tamen</span> <span class='ocrx_word' id='word_1_875' title='bbox 422 2304 623 2341; x_wconf 80' lang='lat' dir='ltr'>haudquaquam</span> <span class='ocrx_word' id='word_1_876' title='bbox 636 2307 758 2334; x_wconf 81' lang='lat' dir='ltr'>tunicatae</span> <span class='ocrx_word' id='word_1_877' title='bbox 773 2308 868 2335; x_wconf 85' lang='lat' dir='ltr'>eadem</span> <span class='ocrx_word' id='word_1_878' title='bbox 882 2307 1000 2338; x_wconf 84' lang='lat' dir='ltr'>ratione,</span> <span class='ocrx_word' id='word_1_879' title='bbox 1023 2307 1066 2334; x_wconf 77' lang='lat' dir='ltr'>led</span> <span class='ocrx_word' id='word_1_880' title='bbox 1078 2306 1109 2333; x_wconf 88' lang='lat' dir='ltr'>ab</span> <span class='ocrx_word' id='word_1_881' title='bbox 1123 2306 1275 2334; x_wconf 84' lang='lat' dir='ltr'>habitaculis</span> <span class='ocrx_word' id='word_1_882' title='bbox 1287 2315 1389 2334; x_wconf 86' lang='lat' dir='ltr'>nomen</span> <span class='ocrx_word' id='word_1_883' title='bbox 1398 2307 1498 2343; x_wconf 81' lang='lat' dir='ltr'>adeptae</span> <span class='ocrx_word' id='word_1_884' title='bbox 1506 2307 1573 2336; x_wconf 87' lang='lat' dir='ltr'>sunt.</span> <span class='ocrx_word' id='word_1_885' title='bbox 1594 2310 1678 2346; x_wconf 82' lang='lat' dir='ltr'>Igitur</span> 
     </span>
     <span class='ocr_line' id='line_1_60' title="bbox 106 2341 1679 2381; baseline 0.004 -13"><span class='ocrx_word' id='word_1_886' title='bbox 106 2341 263 2374; x_wconf 66' lang='lat' dir='ltr'>tabernaria,</span> <span class='ocrx_word' id='word_1_887' title='bbox 285 2341 358 2380; x_wconf 71' lang='lat' dir='ltr'>quod</span> <span class='ocrx_word' id='word_1_888' title='bbox 372 2353 433 2371; x_wconf 86' lang='lat' dir='ltr'>cum</span> <span class='ocrx_word' id='word_1_889' title='bbox 445 2342 559 2370; x_wconf 88' lang='lat' dir='ltr'>tabernis</span> <span class='ocrx_word' id='word_1_890' title='bbox 569 2342 650 2371; x_wconf 87' lang='lat' dir='ltr'>scenae</span> <span class='ocrx_word' id='word_1_891' title='bbox 662 2343 876 2380; x_wconf 73' lang='lat' dir='ltr'>disponebantur.</span> <span class='ocrx_word' id='word_1_892' title='bbox 897 2345 956 2372; x_wconf 87' lang='lat' dir='ltr'>Fuit</span> <span class='ocrx_word' id='word_1_893' title='bbox 968 2351 1059 2372; x_wconf 85' lang='lat' dir='ltr'>autem</span> <span class='ocrx_word' id='word_1_894' title='bbox 1071 2344 1103 2372; x_wconf 84' lang='lat' dir='ltr'>ab</span> <span class='ocrx_word' id='word_1_895' title='bbox 1114 2344 1155 2372; x_wconf 89' lang='lat' dir='ltr'>his</span> <span class='ocrx_word' id='word_1_896' title='bbox 1166 2344 1298 2372; x_wconf 85' lang='lat' dir='ltr'>diversum</span> <span class='ocrx_word' id='word_1_897' title='bbox 1311 2353 1395 2381; x_wconf 86' lang='lat' dir='ltr'>genus</span> <span class='ocrx_word' id='word_1_898' title='bbox 1405 2346 1544 2379; x_wconf 63' lang='lat' dir='ltr'>Atellam,</span> <span class='ocrx_word' id='word_1_899' title='bbox 1565 2346 1597 2373; x_wconf 85' lang='lat' dir='ltr'>ab</span> <span class='ocrx_word' id='word_1_900' title='bbox 1606 2346 1679 2374; x_wconf 79' lang='lat' dir='ltr'>Atel-</span> 
     </span>
     <span class='ocr_line' id='line_1_61' title="bbox 106 2379 1681 2427; baseline 0.002 -19"><span class='ocrx_word' id='word_1_901' title='bbox 106 2379 132 2408; x_wconf 88' lang='lat' dir='ltr'>la</span> <span class='ocrx_word' id='word_1_902' title='bbox 143 2380 276 2409; x_wconf 67' lang='lat' dir='ltr'>Oscorum</span> <span class='ocrx_word' id='word_1_903' title='bbox 289 2382 406 2418; x_wconf 83' lang='lat' dir='ltr'>oppido,</span> <span class='ocrx_word' id='word_1_904' title='bbox 427 2389 520 2410; x_wconf 81' lang='lat' dir='ltr'>natura</span> <span class='ocrx_word' id='word_1_905' title='bbox 531 2381 656 2410; x_wconf 75' lang='lat' dir='ltr'>omnium</span> <span class='ocrx_word' id='word_1_906' title='bbox 671 2381 790 2412; x_wconf 73' lang='lat' dir='ltr'>maxime</span> <span class='ocrx_word' id='word_1_907' title='bbox 803 2386 829 2413; x_wconf 62' lang='grc' dir='ltr'>ὃς</span> <span class='ocrx_word' id='word_1_908' title='bbox 841 2382 933 2421; x_wconf 82' lang='lat' dir='ltr'>jocosa</span> <span class='ocrx_word' id='word_1_909' title='bbox 948 2384 975 2413; x_wconf 67' lang='grc' dir='ltr'>ὃς</span> <span class='ocrx_word' id='word_1_910' title='bbox 990 2382 1083 2412; x_wconf 84' lang='lat' dir='ltr'>dicaci.</span> <span class='ocrx_word' id='word_1_911' title='bbox 1102 2384 1192 2423; x_wconf 85' lang='lat' dir='ltr'>Qare</span> <span class='ocrx_word' id='word_1_912' title='bbox 1204 2382 1267 2413; x_wconf 72' lang='lat' dir='ltr'>cum</span> <span class='ocrx_word' id='word_1_913' title='bbox 1280 2382 1388 2422; x_wconf 75' lang='lat' dir='ltr'>facetias</span> <span class='ocrx_word' id='word_1_914' title='bbox 1400 2383 1455 2424; x_wconf 77' lang='lat' dir='ltr'>suas</span> <span class='ocrx_word' id='word_1_915' title='bbox 1469 2384 1497 2413; x_wconf 85' lang='lat' dir='ltr'>in</span> <span class='ocrx_word' id='word_1_916' title='bbox 1511 2384 1613 2426; x_wconf 69' lang='lat' dir='ltr'>theatra¹</span> <span class='ocrx_word' id='word_1_917' title='bbox 1620 2394 1681 2427; x_wconf 51' lang='lat' dir='ltr'>⁰2¹¹.ss</span> 
     </span>
     <span class='ocr_line' id='line_1_62' title="bbox 1006 2422 1681 2460; baseline 0.001 -11"><span class='ocrx_word' id='word_1_918' title='bbox 1006 2422 1032 2450; x_wconf 91' lang='lat' dir='ltr'>T</span> <span class='ocrx_word' id='word_1_919' title='bbox 1041 2428 1053 2449; x_wconf 90' lang='lat' dir='ltr'>t</span> <span class='ocrx_word' id='word_1_920' title='bbox 1588 2431 1681 2460; x_wconf 78' lang='lat' dir='ltr'>nicrpu</span> 
     </span>
    </p>
   </div>
  </div>
 </body>
</html>
