2075 2734
0 93 11 116 u
283 76 399 118 Lecta
420 95 613 116 υυουεοινι
634 85 817 114 Tiamaa.
837 92 909 112 cUM
929 93 1034 114 naevi
1056 93 1243 115 connitur.
1282 87 1365 117 Car.
1384 90 1410 116 6.
1592 92 1645 131 587

114 146 163 176 Sed
174 144 208 176 ,ad
221 143 337 172 nostram
353 142 441 180 legem
457 147 630 171 revertamur.
1023 176 1027 180 ι

112 182 302 218 Adimam]
323 183 367 210 Sic
379 182 476 218 legitur
487 182 516 208 in
529 177 679 215 Augustino.
712 178 809 205 Monet
822 181 912 220 autem
928 177 1066 204 ludovicus
1080 176 1152 205 Vires
1165 178 1190 207 se
1206 179 1233 207 in
1248 181 1332 209 veteri
1348 180 1415 210 libro
1427 180 1556 218 scn'ptu'm
1570 191 1646 221 repe-

73 223 147 254 risse,
165 219 352 263 occentmverit:
372 228 485 257 eamque
497 218 640 246 lectionem
655 214 760 252 probat.
791 216 864 242 Hmc
876 215 988 249 Joftl’hm
1002 215 1110 253 Scaliger
1126 217 1153 244 in
1167 217 1217 246 suis
1231 219 1263 247 ad
1275 218 1374 256 Festum
1386 221 1599 259 castigationibus
1611 222 1645 252 fic

10 303 14 336 ξ
73 259 433 334 hanS‘ilffi-Jsssregleigl-WEN
453 292 716 320 OCCENTASSIT
730 312 738 326 ,
766 292 876 329 QJOD
896 291 1061 319 ALTEREI
1081 292 1294 329 FLAGITIUM
1321 275 1435 325 FAXIT
1449 317 1457 329 ,
1483 299 1646 327 CAPITAL-

10 348 13 373 ζ
76 337 289 408 ESOTcPeiztaffit]
308 368 470 406 occenmffint
482 368 582 404 antiqui
594 367 731 399 dicebant,
752 368 823 404 quod
837 377 909 395 nunc
923 366 1186 404 comitiumsecerint,
1205 370 1333 403 dicimus,
1342 374 1414 409 quod
1427 374 1452 402 id
1465 374 1533 402 clare
1547 376 1643 403 &cum

74 412 193 449 quodam
210 418 305 438 canore
317 409 361 442 fit,
380 416 410 435 ut
422 406 516 444 procul
527 406 643 434 exaudiri
660 406 753 447 potiit,
775 405 845 447 quod
860 413 936 441 turpe
950 405 1072 433 habetur:
1092 407 1153 443 quia
1167 417 1221 435 non
1238 408 1291 436 fine
1307 410 1380 438 caula
1393 411 1449 439 fieri
1463 418 1577 448 putatur.
1603 414 1645 441 In-

74 451 108 478 de
119 449 276 477 cantilenam
288 447 353 477 dici,
374 445 434 482 quia
448 444 520 472 illam
533 454 589 471 non
601 451 692 472 cantus
703 443 898 480 jucunditatem
911 451 987 479 puto.
1013 443 1107 478 festm.

113 486 280 525 fligitiumd
301 482 439 521 Flagitium
452 483 520 519 apud
536 490 639 522 ueteres
650 480 809 519 significabat
821 480 966 517 infamiam.
1003 480 1145 518 Flagitium
1164 482 1251 510 facere
1264 504 1271 515 ,
1292 486 1418 515 conviciis
1431 487 1541 525 alicujus
1557 488 1645 517 existi-

72 526 223 554 mationem
236 523 337 551 Jaedere.
361 522 472 556 Joftphm
483 521 602 557 Scalrger.

113 562 220 598 Capita!
227 559 296 597 esta]
317 559 422 594 Capita!
432 560 532 587 facinus
546 559 597 591 est,
616 558 687 596 quod
702 558 794 596 capitis
809 567 891 595 poena
901 557 991 586 luitur.

358 622 388 654 L
399 622 416 654 I
425 624 453 655 I.
477 623 512 654 Si
529 621 677 668 injuriam
697 620 791 653 alteri
797 619 889 666 faxit
899 643 911 665 ,
936 619 1052 655 XXV.
1079 621 1143 652 aeris
1155 621 1346 667 poenaefimto,

110 686 188 715 Extat
202 685 271 722 apud
285 682 415 721 Agellium
428 683 472 712 lib.
482 694 526 712 20.
537 693 593 721 cap.
606 695 626 712 1.

106 724 189 752 'Levis
203 733 282 760 poena
294 722 342 750 hac
355 723 413 760 lege
427 724 453 750 in
471 731 532 749 eum
548 723 669 751 statuitur
680 742 689 754 ,
710 722 755 759 qui
770 719 884 748 alterum
899 720 994 759 insigni
1015 722 1110 758 injuria
1125 722 1250 752 affecisset
1263 745 1270 755 ,
1296 734 1347 762 pro
1363 724 1529 761 simplicitate
1542 724 1642 753 scilieet

71 761 178 790 illorum
194 770 350 798 temporum
368 779 374 790 ‚
401 768 430 788 ut
436 768 549 794 putores
562 769 621 787 eam
635 759 729 788 tollere
740 759 826 787 coacti
841 758 948 788 fuerint.
987 761 1048 797 Qa
1060 761 1094 788 de
1106 770 1135 788 re
1148 760 1212 788 libet
1234 762 1369 789 Phar-orm!
1383 763 1462 790 verba
1479 784 1486 794 ‚
1513 773 1569 800 quae
1583 764 1641 791 sunt

69 802 138 837 apud
154 799 300 838 Agellmm,
319 798 473 826 adscribere.
493 799 536 826 Sic
546 799 628 834 igitur
640 799 661 825 is
673 798 774 835 inquit:
796 797 877 834 Qod
891 798 961 829 dixi,
982 799 1066 826 videri
1078 799 1198 835 quaedam
1214 800 1265 827 effe
1275 800 1415 836 impendio
1431 801 1642 832 molliora‚non-

69 848 104 866 ne
113 839 275 875 tibiquoque
283 837 387 865 videtur
394 837 476 863 nimis
486 836 537 863 effe
544 835 747 872 dilutum‚quod
755 836 792 863 ita
799 835 1074 873 deinjuriapunienda
1082 837 1211 874 scriptum
1220 838 1269 865 est:
1290 841 1318 864 δι
1331 837 1454 872 injuriam
1467 839 1544 866 alters
1552 839 1644 874 faxit,

69 876 277 915 vigintiquinque
288 875 510 908 erispa-nefianto.
550 875 617 909 Qis
630 875 701 901 enim
717 875 769 901 elit
781 882 836 902 tam
853 874 944 909 inops,
966 883 1047 911 quem
1062 875 1094 902 ab
1110 876 1205 912 injuria
1223 875 1342 903 facienda
1355 877 1568 914 vigintiquinque
1580 878 1644 905 aises

71 917 221 942 deterreant
236 916 245 941 ?
264 914 356 948 Itaque
368 932 375 943 ‚
395 922 463 940 mm·
472 920 531 939 eam
543 911 632 949 legem
646 911 772 950 Qinffius
786 921 894 949 quoque
906 910 986 939 Labeo
1004 914 1087 940 vester
1102 914 1129 940 in
1144 913 1216 941 libris
1228 934 1235 945 ‚
1255 923 1321 950 quos
1335 914 1367 941 ad
1381 924 1414 942 xi
1425 925 1445 942 t.
1464 915 1564 943 tabulas
1577 922 1644 941 con-

71 951 183 988 scripsit,
204 960 258 978 non
265 950 682 987 probaret,Quidaminquit‚L.
693 949 882 981 Ver-atim‚fuit
889 952 996 987 egregie
1003 950 1234 987 homoimprobus
1250 953 1453 989 atqueimmani
1464 953 1595 980 vecordia.
1616 953 1642 980 1⁸

71 999 121 1028 pro
132 989 330 1018 dele&amento
345 987 471 1020 habebat,
491 997 521 1015 os
533 988 653 1016 hominis
666 988 741 1016 liberi
756 997 851 1016 manus
863 987 912 1014 suae
924 988 1013 1025 palma
1026 989 1173 1017 verberare.
1214 990 1285 1016 Eum
1299 990 1389 1018 lervug
1398 990 1568 1028 sequebatur,
1583 1000 1642 1019 cru-

71 1037 179 1057 menam
191 1027 298 1064 plenam
310 1027 400 1055 affium
416 1027 546 1062 portitans
555 1037 563 1053 z
584 1029 609 1055 ὃς
625 1035 812 1064 quemcunque
823 1025 1025 1060 depalmaverat,
1045 1028 1181 1056 numerari
1192 1027 1279 1056 statim
1290 1028 1436 1056 secundum
1450 1039 1482 1057 x1
1491 1039 1512 1057 1.
1525 1028 1624 1056 tabulas
1633 1049 1641 1059 ‚

70 1076 132 1096 xxv.
145 1066 207 1093 afl'es
219 1065 335 1102 jubebat.
355 1066 509 1100 Propterea,
529 1065 630 1102 inquit,
645 1073 771 1098 pretores,
791 1064 880 1102 postea
889 1063 957 1092 hanc
970 1065 1118 1094 abolescere
1130 1086 1138 1098 ,
1163 1068 1188 1094 ὃς
1203 1065 1316 1106 relinqui
1330 1065 1486 1095 censuerunt
1500 1087 1506 1098 ‚
1527 1066 1642 1103 injuriis-

71 1113 124 1142 que
136 1104 292 1132 aestimandis
306 1110 504 1138 recuperatores
515 1102 541 1130 se
554 1103 662 1131 daturos
675 1103 824 1131 edixerunt.
841 1105 906 1131 Haee
921 1103 972 1131 ille.
992 1107 1086 1131 Sextus
1098 1112 1188 1132 autem
1203 1103 1310 1131 camus
1323 1105 1411 1143 legem
1424 1105 1583 1137 defendens,
1606 1105 1643 1132 ait

70 1152 126 1171 non
140 1151 236 1170 omnes
247 1141 355 1177 injurias
367 1140 416 1169 hac
428 1150 508 1178 poena
519 1141 656 1169 aestimatas
673 1141 762 1172 fuisse,
782 1141 825 1175 sed
839 1140 950 1169 leviores
965 1149 1069 1170 tantum
1078 1164 1084 1174 ‚
1105 1142 1173 1170 hanc
1184 1143 1347 1178 paucitatem
1361 1144 1467 1172 affium,
1488 1152 1546 1181 grai
1554 1153 1568 1171 e
1574 1152 1642 1180 pon·

72 1181 120 1209 dus
130 1181 187 1209 aeris
199 1180 288 1211 fuisse,
308 1189 371 1208 cum
384 1179 495 1216 populus
508 1180 647 1208 Romanus
660 1189 690 1207 ea
703 1180 859 1216 tempestate
870 1178 979 1207 librariis
991 1180 1085 1208 affibus
1097 1181 1155 1209 usus
1168 1179 1258 1209 fuerit.

108 1218 136 1244 Si
147 1216 298 1253 injuriam]
324 1217 419 1252 Injuria
432 1217 502 1244 diem
516 1218 567 1248 est,
587 1218 660 1253 quod
673 1226 728 1244 non
744 1217 804 1252 jure
817 1217 870 1243 fiat.
911 1218 1014 1245 Author
1027 1218 1213 1245 Rhetoricorum
1231 1220 1263 1247 ad
1279 1219 1462 1250 Herennium,
1483 1219 1527 1247 lib.
1542 1228 1570 1254 4-
1591 1220 1643 1250 ait.

70 1255 178 1291 injurias
189 1255 255 1286 effe,
275 1264 332 1291 quae
344 1262 389 1282 aut
402 1254 547 1290 pulsatione
562 1263 674 1289 corpus,
695 1261 739 1281 aut
753 1254 878 1281 convicio
890 1263 979 1286 aures,
1000 1264 1045 1284 aut
1057 1256 1141 1292 aliqua
1155 1257 1319 1292 turpitudine
1331 1258 1414 1284 vitam
1430 1257 1575 1293 cujuspiam
1586 1259 1643 1285 vio-

72 1293 137 1320 lant.
158 1292 276 1328 Ideoque
290 1290 368 1318 Labeo
382 1292 477 1323 docet,
498 1292 623 1326 injuriam
638 1299 683 1319 aut
698 1301 726 1318 re
741 1292 809 1323 fieri,
822 1299 866 1318 aut
874 1292 968 1319 verbis.
989 1294 1045 1325 Re,
1065 1294 1169 1329 quoties
1183 1302 1278 1321 manus
1287 1293 1452 1322 inferuntur:
1474 1295 1560 1322 verbis
1567 1304 1641 1327 vero,

72 1330 175 1367 quoties
189 1339 243 1357 non
257 1329 406 1357 inferuntur
420 1339 513 1356 manus
526 1350 535 1361 ,
555 1336 584 1357 ut
601 1339 662 1357 cun]
681 1329 833 1357 convicium
849 1329 878 1358 fit
888 1351 895 1362 ,
914 1332 966 1358 &a
1004 1333 1068 1359 Haec
1081 1330 1123 1358 lex
1142 1331 1175 1359 dc
1188 1330 1289 1360 levibus
1303 1352 1311 1364 ‚
1331 1341 1359 1360 ut
1372 1342 1434 1362 ante
1447 1331 1539 1361 cecilii
1556 1333 1641 1362 verbis

71 1369 138 1399 dixi,
159 1367 262 1404 injuriis
275 1368 404 1404 loquitur,
425 1377 480 1395 non
493 1367 526 1394 de
538 1367 679 1395 atrocibus.

428 1421 458 1452 L
469 1421 491 1452 I
495 1421 514 1451 l
520 1420 548 1452 I.
575 1421 610 1452 Si
625 1417 791 1452 membrum
806 1419 932 1467 rapserit
947 1443 956 1460 ‚
984 1418 997 1452 ἑ
1009 1419 1098 1466 ραῐὲο
1115 1420 1190 1453 talio
1203 1418 1268 1465 esto.

108 1475 189 1502 Extat
202 1474 270 1510 apud
286 1472 416 1509 Agellium
427 1473 496 1501 libro
512 1483 556 1500 20.
569 1474 655 1510 capite
673 1485 694 1501 1.
708 1476 734 1502 &
748 1475 817 1509 apud
834 1473 931 1506 Festum
945 1476 971 1502 in
984 1485 1048 1502 voce
1062 1475 1132 1502 talio.

109 1511 176 1540 Vult
190 1512 245 1539 haec
256 1511 297 1538 lex
312 1519 342 1538 ut
355 1512 389 1539 de
402 1513 492 1549 gravi,
512 1513 539 1539 Sc
550 1512 634 1538 atroci
647 1512 729 1539 etiam
741 1512 811 1539 illata
825 1512 920 1547 injuria
933 1512 1027 1549 pacisci
1042 1512 1131 1544 liceat,
1153 1512 1195 1540 sed
1211 1513 1306 1548 epaflo
1319 1534 1325 1544 ‚
1347 1514 1398 1542 hoc
1412 1515 1460 1545 est,
1482 1514 1533 1543 fine
1546 1517 1639 1552 pasto,
1660 1546 1663 1549 ,

71 1550 114 1578 vel
126 1558 199 1578 extra
210 1549 319 1585 paetum
332 1549 459 1577 talionem
474 1549 525 1577 effe
537 1557 656 1584 poenam.
677 1550 806 1585 Qeritur
819 1551 852 1577 de
867 1549 943 1585 hujus
957 1559 1063 1586 quoque
1076 1549 1140 1587 legis
1153 1551 1293 1587 iniquitate
1309 1552 1467 1578 phavorinus
1481 1554 1550 1588 apud
1562 1555 1640 1591 Agel-

69 1587 136 1615 lium
149 1606 157 1618 ,
178 1587 298 1623 inquiens
312 1596 317 1612 2
338 1587 474 1614 Nonnulla
487 1588 515 1614 in
529 1587 580 1613 istis
593 1587 787 1614 decenn-irarum
800 1587 902 1625 legibus
918 1598 968 1616 nec
989 1588 1127 1615 confistere
1142 1589 1250 1624 quidem
1265 1588 1317 1616 visa
1331 1588 1390 1617 sunt
1403 1600 1408 1616 :
1437 1590 1526 1618 Veluti
1541 1591 1581 1618 illa
1598 1592 1641 1619 lex

71 1623 187 1656 talionis,
206 1625 280 1659 cujus
296 1623 374 1651 verba
394 1624 458 1658 (nifi
472 1625 605 1651 memoria
619 1633 664 1651 me
674 1624 759 1659 fallit)
774 1625 906 1653 haecsunt:
927 1625 956 1652 Si
969 1626 1108 1653 membrum
1119 1626 1187 1660 rupit
1201 1638 1299 1655 meum.
1319 1625 1331 1652 ὲ
1339 1626 1413 1661 pasto
1424 1627 1485 1654 talto
1496 1628 1550 1663 esta.
1574 1630 1641 1658 Prae.

72 1671 113 1691 ter
125 1663 200 1690 enim
212 1661 353 1690 ulcieendi
365 1661 552 1693 acerbitatem,
573 1663 759 1698 neprocedere
772 1673 880 1700 quoque
893 1663 1025 1691 exsecutio
1037 1664 1109 1699 justae
1123 1664 1228 1692 talionis
1238 1665 1332 1702 potest.
1354 1666 1425 1692 Nam
1434 1666 1642 1697 cuimembrum

72 1701 106 1728 ab
118 1700 169 1727 alio
182 1708 290 1736 ruptum
306 1700 356 1731 est,
376 1699 393 1726 fi
407 1699 453 1735 ipfi
465 1700 560 1727 itidem
574 1709 701 1735 rumpere
713 1709 761 1736 per
773 1701 901 1729 talionem
915 1702 990 1729 velit:
1011 1710 1113 1738 quaero.
1133 1712 1166 1730 an
1180 1703 1286 1730 efficere
1299 1702 1378 1738 possit
1389 1705 1530 1740 rumpendi
1541 1706 1640 1741 pariter

72 1738 192 1767 membri
205 1737 379 1773 aequilibrium
391 1739 400 1764 ?
422 1738 452 1764 In
467 1747 517 1774 qua
530 1747 558 1765 re
570 1738 688 1773 primum
704 1748 734 1765 ea
749 1739 888 1767 difficultas
901 1740 937 1766 est
950 1739 1147 1775 inexplicabilis.
1176 1742 1247 1779 Qd
1261 1741 1278 1768 fi
1294 1740 1449 1768 membrum
1463 1741 1526 1770 alter
1538 1744 1641 1780 impru-

73 1779 137 1807 dens
150 1776 276 1812 ruperit?
303 1775 383 1810 Quod
402 1776 475 1802 enim
489 1784 536 1811 per
550 1775 759 1812 imprudentiam
778 1777 879 1805 fastum
896 1778 933 1804 est
947 1798 953 1807 ,
973 1778 1000 1804 id
1014 1778 1128 1805 retaliari
1147 1788 1194 1816 per
1208 1779 1418 1816 imprudentiam
1439 1779 1527 1809 debet.
1568 1782 1639 1810 letus

73 1815 172 1854 quippe
183 1813 322 1846 fortuitus,
343 1816 368 1841 &
383 1812 515 1841 consultus
527 1823 582 1841 non
597 1814 694 1841 cadunt
711 1814 757 1843 sub
770 1815 888 1851 ejusdem
901 1815 1002 1842 talioms
1015 1815 1225 1845 fimilitudinem.
1264 1820 1328 1844 Haec
1342 1818 1368 1844 δί
1386 1816 1459 1852 plura
1473 1818 1638 1848 phavorinus.

74 1853 124 1882 Sed
135 1851 243 1879 cmluss
256 1860 306 1887 pro
319 1850 470 1878 defenfione
484 1850 550 1888 legis
563 1852 600 1879 ait
613 1873 620 1884 ,
640 1852 790 1880 decemviros
803 1855 924 1881 minuere
940 1861 1020 1890 atque
1039 1856 1194 1892 extinguere
1208 1854 1326 1882 volentes
1341 1854 1525 1889 hujuscemodi
1538 1858 1641 1887 violen-

73 1893 140 1920 tiam
153 1888 271 1925 pulfiindi
284 1910 291 1921 ‚
310 1897 388 1926 atque
401 1889 511 1917 laedendi
523 1911 531 1921 ‚
551 1899 583 1917 eo
597 1897 671 1917 metu
684 1892 848 1919 coercendos
860 1892 912 1918 effe
925 1891 1048 1919 homines
1061 1893 1170 1927 putaffe.
1208 1893 1305 1928 Neque
1323 1892 1379 1927 ejus
1393 1913 1399 1922 ‚
1421 1894 1466 1929 qui
1480 1894 1638 1925 membrum

73 1929 147 1957 alteri
161 1926 281 1963 rupisset,
302 1929 327 1954 δε
337 1926 428 1963 pacisci
439 1936 530 1955 tamen
545 1928 579 1955 de
591 1927 683 1954 talione
695 1930 852 1957 redimenda
864 1929 959 1959 nollet,
980 1937 1082 1956 tant-:m
1091 1931 1219 1957 rationem.
1230 1929 1377 1956 habendam
1386 1930 1523 1960 arbitratos
1535 1934 1586 1961 effe
1594 1956 1599 1966 ,
1607 1942 1640 1964 ut

0 1986 7 2006 κ
73 1977 106 1995 an
111 1966 226 2003 prudens
238 1965 422 2002 imprudensve
429 1966 537 2001 rupiffet
544 1986 552 1997 ‚
572 1964 742 2001 spectandum
750 1975 875 2003 putarent
882 1988 888 1998 ‚
899 1974 943 1994 aut
955 1965 1074 1992 talionem
1089 1968 1116 1994 in
1124 1977 1156 1994 eo
1166 1967 1205 1993 vel
1213 1968 1244 1994 ad
1253 1967 1376 1994 amussim
1384 1970 1589 2006 aequipararent,
1597 1972 1640 2001 vel

0 2015 5 2038 ι
73 2006 101 2032 in
109 2003 188 2032 librili
194 2003 398 2039 perpenderent:
415 2003 458 2031 sed
467 2005 555 2040 potius
565 2005 680 2030 eundem
688 2005 809 2032 animum
817 2026 825 2037 ,
845 2005 1014 2040 eundemque
1021 2005 1153 2040 impetum
1163 2005 1189 2031 in
1197 2006 1289 2032 cadem
1298 2013 1372 2042 parte
1379 2009 1498 2042 corporis
1510 2018 1638 2047 rumpen-

0 2048 13 2075 Γ
73 2043 116 2074 di,
137 2051 192 2068 non
200 2041 314 2068 eundem
323 2049 428 2077 quoque
436 2041 522 2069 casum
538 2042 607 2078 exigi
622 2041 743 2071 voluisse:
763 2045 889 2079 quoniam
907 2042 1003 2069 modus
1018 2042 1159 2069 voluntatis
1171 2043 1284 2079 praestari
1297 2043 1395 2078 posset,
1416 2044 1486 2074 casus
1501 2047 1568 2075 fietus
1580 2059 1636 2078 non

0 2078 14 2110 *l
73 2080 167 2117 poiset.
188 2081 248 2106 Nec
255 2078 305 2106 effe
312 2079 422 2106 nimiam
429 2080 601 2107 acerbitatem
610 2089 709 2116 poenae,
729 2090 790 2108 cum
800 2082 873 2108 idem
881 2080 927 2108 fiat
939 2080 966 2106 in
977 2087 1034 2111 me,
1055 2081 1125 2116 quod
1133 2088 1243 2118 egomet
1257 2081 1284 2107 in
1291 2081 1342 2108 alio
1351 2081 1469 2110 fecerim.
1489 2085 1637 2116 Praesertim

0 2104 5 2144 i
73 2128 136 2146 cum
144 2117 254 2144 habeam
264 2116 415 2144 facultatem
423 2117 570 2154 pacist‘endi
578 2139 584 2150 ‚
606 2121 631 2147 δε
639 2127 694 2145 non
704 2119 807 2146 neceffe
819 2119 848 2146 fit
856 2119 910 2156 pati
919 2116 1037 2144 talionem
1046 2138 1053 2149 ‚
1073 2119 1118 2145 nili
1129 2128 1188 2146 eam
1197 2118 1250 2155 ipse
1259 2119 1396 2156 elegerim,
1415 2121 1550 2151 HaeItenus
1566 2125 1617 2153 ille,

113 2155 187 2183 Talio
201 2152 271 2192 esto]
293 2153 377 2183 Talia.
396 2156 481 2192 inquit
493 2154 611 2194 (fuimus,
631 2157 666 2183 est
680 2157 824 2185 fimilitudo
837 2156 973 2187 vindi&ae,
994 2165 1022 2184 ut
1036 2155 1124 2184 taliter
1136 2158 1251 2194 patiatur
1263 2159 1321 2195 quis
1333 2167 1363 2187 ut
1376 2158 1451 2187 feeit.
1488 2161 1530 2188 De
1542 2163 1635 2191 tallone

69 2194 150 2233 Iegem
165 2194 246 2221 etiam
259 2192 334 2219 Greci
346 2192 508 2226 habuerunt,
527 2197 554 2223 ὃς
567 2204 629 2223 ante
641 2194 689 2223 hos
701 2195 783 2228 Juda'
794 2206 826 2224 ex
839 2202 972 2232 praecepto
988 2195 1049 2222 Dei.

0 2242 5 2280 l
538 2251 642 2284 LIV.
666 2251 701 2282 Si
719 2262 749 2282 os
757 2250 856 2296 fregit
858 2272 970 2283 .......
986 2250 1050 2282 aeris
1057 2249 1154 2294 fimto.

0 2312 15 2359 ζ.
70 2303 198 2378 ung-¹113&
214 2302 307 2340 capitis
320 2304 471 2334 testimonia
483 2312 574 2335 extant
585 2306 654 2343 apud
668 2305 810 2344 Agellium‚
830 2305 898 2335 libro
915 2316 959 2335 20.
973 2315 1029 2344 cap.
1043 2316 1064 2334 1.
1078 2309 1105 2335 &
1118 2305 1288 2345 lastinianum
1300 2306 1380 2345 lib.4.
1395 2309 1593 2339 Institutionum
1607 2311 1641 2346 ti<

991 2382 1077 2412 Eeee
1097 2387 1112 2406 2
1583 2387 1641 2422 Caeg
