2075 2734
392 114 442 135 110
682 98 1680 137 Aseruxq-AaeuuRomaxanuman.11.

392 163 473 190 quam
489 151 570 180 Lilius
584 151 708 184 ayraldus
723 160 754 178 ex
769 149 982 178 Commentariis
998 149 1026 176 in
1040 147 1221 176 Theocritum
1238 145 1331 178 affert,
1351 146 1387 173 est
1402 153 1493 174 autem
1508 144 1564 173 haec
1581 155 1586 171 :
1605 147 1711 186 Jupiter
1727 157 1790 177 cum
1804 149 1969 180 insidiaretur

394 192 494 228 Junoni
504 211 510 221 ,
531 196 560 216 ut
574 198 635 216 cum
653 197 681 215 ca
693 189 808 223 jaceret,
829 197 889 215 cam
903 186 1042 223 conspexit
1056 185 1151 223 procul
1165 184 1179 213 εἴ
1192 186 1292 214 caeteris
1306 186 1365 213 Diis
1379 206 1386 217 ‚
1408 192 1526 213 mutatus
1542 185 1568 212 in
1586 185 1708 213 suculam
1728 187 1755 214 in
1770 196 1866 216 monte
1879 190 1970 218 conse.

392 230 445 259 dit,
467 228 511 264 qui
526 228 597 263 prius
611 230 635 253 Τ
634 226 729 253 Ιπονιηκ
744 225 888 253 dicebatur.
930 225 1020 252 Postea
1035 234 1067 252 ex
1083 233 1112 252 re
1125 228 1215 262 Cocpyx
1230 224 1316 251 dictus
1331 224 1376 251 est.
1416 222 1527 249 Cur-ulus
1542 232 1608 261 ergo
1618 223 1724 261 Jupiter
1737 227 1923 263 tempestatem
1939 229 1970 257 si-

392 265 449 293 mul
465 265 631 292 commovit:
653 263 698 291 ubi
712 273 774 291 cum
789 263 841 290 sola
856 263 882 290 in
899 270 994 291 monte
1007 267 1072 294 suno
1086 262 1149 291 effet
1164 271 1194 290 ea
1208 269 1283 298 parte
1297 271 1349 299 qua
1362 261 1450 297 postea
1464 262 1612 288 constructa
1634 262 1670 288 est
1685 261 1757 289 Teliae
1770 264 1874 295 sunonis
1887 267 1954 294 aedes
1964 287 1970 297 ‚

391 303 499 330 Cuculus
517 304 616 339 Jupiter
630 302 664 329 ob
679 302 843 337 tempestatis
857 301 1000 329 horrorem
1016 302 1044 329 in
1059 301 1170 338 virginis
1187 301 1301 338 Junonis
1322 300 1459 337 gremium
1475 299 1612 327 devolavit
1626 321 1632 332 ‚
1660 309 1743 337 quem
1758 299 1834 337 June
1849 302 1970 334 miserata

391 342 462 369 veste
476 338 602 369 contexit.
643 343 715 367 Tum
732 349 798 367 vero
812 338 912 374 Jupiter
927 340 1000 368 suam
1015 340 1123 367 indutus
1138 339 1258 367 formam
1274 360 1281 371 ‚
1307 344 1431 371 junonem
1452 339 1487 365 est
1510 337 1685 375 amplexatus.
1725 339 1771 367 Illa
1787 341 1880 369 matris
1895 351 1970 372 metu

391 379 535 410 abnuebat,
557 379 643 405 donec
656 378 789 414 pollicitus
803 378 969 406 connubium
983 378 1109 406 obtinuit.
1142 377 1277 405 Hactenus
1291 377 1342 405 ille.
1374 375 1479 408 sunonis
1491 377 1584 413 passim
1599 377 1668 412 apud
1683 378 1830 415 Scriptores
1844 379 1970 409 Ethnicos

392 418 422 445 fit
439 418 556 448 mentio,
576 417 649 452 cujus
663 415 801 443 historiam
817 415 859 443 vel
874 416 991 444 fabulam
1003 417 1093 454 potius
1108 417 1258 452 integram,
1278 423 1308 443 ut
1323 415 1483 446 recitemus,
1503 425 1558 442 non
1574 416 1609 442 est
1625 415 1737 443 necess'e.

431 458 551 483 Tantum
574 455 607 481 dc
623 453 782 481 fimulachro
798 454 854 491 ejus
867 456 895 483 δί
909 454 1115 492 cognominibus
1130 453 1224 491 quibus
1239 455 1337 481 Romae
1357 452 1426 480 culta
1448 453 1499 480 fuit
1514 474 1520 484 ,
1547 454 1669 492 quaedam
1687 454 1817 482 dicemus.
1856 457 1970 487 Simula-

392 492 485 520 chrum
501 493 557 529 ejus
572 492 608 520 ita
622 492 784 529 figurabatur
798 503 803 519 ;
825 494 887 520 Erat
902 492 1015 521 foemina
1028 515 1035 525 ,
1055 493 1142 529 inquit
1157 491 1276 519 albricus
1290 512 1297 522 ,
1317 493 1345 518 in
1362 489 1461 518 throno
1474 490 1564 518 sedens
1578 512 1585 523 ,
1605 492 1738 528 sceptrum
1754 494 1860 530 regium
1875 503 1968 525 tenens

395 532 422 558 in
436 531 542 561 dextra,
564 530 620 566 ejus
635 539 713 567 caput
728 531 811 559 nubes
825 531 951 559 tenebant
967 539 1093 568 opertum
1109 530 1184 566 super
1198 531 1322 557 diadema
1336 550 1343 561 ‚
1364 529 1437 564 quod
1454 530 1540 564 capite
1554 530 1670 567 gestabat
1684 551 1691 561 ,
1713 532 1755 559 cui
1771 534 1797 559 δε
1812 531 1861 559 Iris
1873 533 1969 563 sociata

391 573 462 601 erat,
483 578 539 605 quae
554 568 635 605 iplam
650 579 698 607 per
712 569 855 597 circuitum
872 570 996 608 cingebat
1009 581 1014 597 z
1035 570 1214 605 nunciamque
1228 568 1333 602 sunonis
1346 566 1436 592 Irtdem
1458 567 1549 606 populi
1561 568 1733 604 appellabant.
1771 569 1837 597 Ideo
1850 571 1925 606 juxta
1939 574 1970 601 il-

390 608 444 635 lam
461 607 553 634 Iridem
566 607 690 635 ancillam
703 616 823 644 paratam
839 608 871 635 ad
887 608 1045 645 obsequium
1052 608 1179 634 Dominae
1194 606 1349 644 figurabant.
1370 608 1482 630 Pavones
1496 614 1585 633 autem
1601 614 1663 633 ante
1677 607 1756 643 pedes
1770 608 1825 644 ejus
1840 607 1854 635 a
1868 610 1969 639 dextris

391 648 418 675 Ex·
434 645 538 673 sinistris
553 646 667 677 stabant,
687 646 791 686 avesque
804 646 909 678 Junoms
921 645 1068 683 specialiter
1082 645 1259 676 vocabantur,
1275 647 1327 673 &a
1348 642 1434 678 Hujus
1449 644 1519 670 varia
1532 643 1601 679 apud
1617 644 1756 673 Romanos
1770 645 1898 680 fuerunt,
1918 658 1969 687 pro

389 684 496 711 diverfis
509 684 565 721 ejus
579 684 687 716 officiis,
708 687 734 713 ὃ(
750 684 919 717 muneribus,
940 685 1059 712 nomina.
1100 684 1189 711 Prima
1203 693 1259 721 quae
1271 681 1387 711 occurrit
1401 681 1542 717 appellatio
1555 682 1605 712 est,
1626 683 1699 718 quod
1711 683 1807 710 dicitur
1820 688 1885 716 ‚Iuno
1892 687 1969 715 Curis

388 723 421 750 ab
436 722 514 750 hasta.
542 724 617 750 Nam
632 723 732 750 hastam
747 723 837 750 cur-im
855 723 943 750 Sabini
959 722 1132 759 appellabant.
1160 725 1227 749 Caro
1240 723 1267 749 in
1281 719 1438 757 Originibus
1459 719 1497 753 (fi
1513 729 1569 757 quae
1582 720 1708 757 leguntur
1728 721 1878 758 fragmenta
1892 744 1900 755 ‚
1930 724 1967 752 le-

389 761 486 798 gitima
499 760 585 796 sunt.)
606 760 748 800 Qirinalis
761 759 835 788 collis
852 782 858 792 ‚
879 761 894 788 ἐι
912 763 1015 798 Iunone
1030 761 1189 788 Sabinorum
1204 761 1252 787 dea
1267 781 1274 791 ‚
1294 767 1375 796 quam
1390 757 1425 785 illi
1440 758 1570 789 Curium,
1590 759 1616 785 id
1633 760 1682 789 est,
1702 757 1828 795 hastatam
1840 765 1966 793 janonem

390 806 496 828 vocant.
523 800 602 827 Idem
616 800 696 827 tradit
712 798 804 837 Festus.
831 800 902 827 Huic
915 799 970 826 deae
985 800 1082 826 Romae
1097 800 1123 826 in
1136 798 1264 827 omnibus
1280 797 1368 825 Curiis
1383 795 1484 824 meulas
1498 796 1586 834 posuit
1602 800 1627 823 T
1624 805 1676 823 nm
1696 796 1787 824 Tatius
1805 798 1965 830 Sabinorum

391 837 451 865 Rex
461 856 468 867 ‚
489 847 552 875 quas
568 837 614 866 fiio
629 839 710 866 etiam
727 846 851 873 tempore
868 838 965 864 Romae
979 836 1070 868 fuiffe,
1090 835 1219 872 Diomfius
1232 838 1347 864 testatur.

430 877 470 902 So
480 887 519 903 no
530 887 545 904 a
555 887 562 904 1
574 887 590 904 A
615 879 625 912 Ῐ
637 886 652 903 υ
661 887 677 903 N
688 886 704 903 o
725 875 796 903 dieta
810 876 845 903 est
859 873 874 903 ὲ
887 874 977 902 sorore
993 876 1107 904 Horatii.
1147 876 1218 904 Huic
1233 876 1259 903 in
1274 874 1456 910 expiationem
1477 873 1554 901 caedis
1575 872 1671 900 sororis
1686 872 1736 901 suae
1750 882 1825 903 aram
1838 877 1967 907 Horatius

387 913 560 942 consecravit.
600 911 694 951 fitstus.
1256 940 1269 945 ,

431 953 457 979 R
467 963 480 979 r
492 964 508 981 c,
518 964 524 980 1
535 964 552 980 N
564 963 578 979 A
595 954 610 990 J
623 962 637 978 u
647 962 663 979 Ν
675 963 692 979 o
708 949 721 978 ὲ
730 952 831 979 Latinis
839 954 1039 990 cognominata,
1047 952 1119 989 quod
1128 954 1154 980 ἃ
1161 951 1260 987 conjux
1269 952 1353 989 Jovis,
1361 951 1474 979 deorum
1483 957 1562 987 atque
1568 949 1712 977 hominum
1720 951 1803 988 Regis
1810 951 1881 980 esset.
1901 955 1967 984 Haec

388 988 403 1017 ὲ
410 989 517 1017 Camillo
527 989 657 1017 Difft'atore
667 992 691 1017 V
695 990 743 1026 ejis
751 990 897 1018 transvecta
906 1013 912 1023 ‚
927 992 953 1018 in
963 992 1129 1019 Aventinum
1137 1011 1144 1022 ‚
1167 992 1192 1018 ἃ
1203 989 1300 1017 celebri
1307 991 1351 1018 die
1359 1010 1366 1021 ‚
1388 989 1496 1016 stimmo
1504 996 1689 1016 matronarum
1698 989 1784 1016 studio
1791 990 1912 1019 dedicata
1920 993 1965 1022 est.

388 1028 561 1056 Collocaturit
571 1026 701 1056 Ithc‘Yore
709 1029 735 1056 in
743 1038 774 1055 xl
784 1039 792 1055 1
802 1039 823 1056 1.
837 1029 917 1057 Urbis
925 1031 1042 1067 regione.
1061 1028 1133 1056 Lirii
1147 1028 1226 1056 verba
1233 1029 1266 1056 de
1275 1038 1304 1056 ea
1313 1031 1432 1056 Romam
1440 1025 1590 1054 transducta
1597 1025 1757 1054 adscribam:
1772 1028 1908 1064 Cumjam
1917 1030 1966 1059 hu-

390 1075 477 1094 manae
484 1076 548 1103 opes
557 1066 650 1104 egestae
658 1065 672 1093 a
679 1066 755 1102 Vejis
763 1067 854 1098 effent,
861 1067 969 1095 amoliri
977 1076 1035 1096 tum
1046 1066 1136 1094 Deum
1144 1068 1223 1097 dona,
1232 1066 1351 1105 ipsosque
1358 1068 1431 1094 Deos
1441 1088 1446 1095 ,
1454 1065 1498 1093 sed
1506 1065 1652 1092 colentium
1662 1066 1748 1102 magis
1755 1085 1763 1096 ‚
1771 1075 1852 1103 quam
1862 1069 1966 1104 rapien-

388 1104 458 1132 tium
470 1105 555 1132 modo
565 1114 666 1140 cepere.
688 1106 816 1142 Namque
823 1105 919 1134 delecti
928 1116 959 1133 ex
968 1108 1046 1134 omni
1054 1107 1170 1134 exercitu
1178 1106 1288 1142 juvenes
1298 1127 1304 1137 ,
1312 1105 1461 1142 purelautis
1468 1103 1622 1140 corporibus
1631 1125 1637 1134 ,
1652 1104 1763 1132 candida
1772 1105 1856 1137 veste,
1870 1107 1964 1143 quibus

389 1143 554 1178 deportanda
563 1146 684 1170 Romam
693 1142 789 1181 Regina
795 1148 861 1176 fimo
869 1145 993 1182 affignata
1001 1153 1065 1175 erat,
1074 1143 1253 1172 venerabundi
1260 1144 1392 1180 templum
1400 1144 1491 1174 iniere,
1498 1143 1588 1178 primo
1596 1141 1718 1179 religiose
1725 1143 1900 1172 admoventes
1909 1155 1966 1174 ma-

387 1190 446 1212 nu8‚
454 1181 526 1218 quod
536 1182 561 1209 id
571 1181 675 1218 signum
684 1182 872 1218 morevetusto
880 1203 886 1213 ,
902 1183 949 1210 niti
957 1191 1034 1210 certae
1042 1183 1129 1219 gentis
1136 1183 1261 1209 Sacerdos
1268 1182 1409 1210 attrectare
1423 1191 1478 1208 non
1485 1180 1548 1208 effet
1562 1179 1664 1207 solitus:
1679 1181 1776 1208 deinde
1783 1190 1846 1209 cum
1855 1183 1965 1219 quidam

387 1219 432 1247 seu
441 1218 532 1255 spiritu
540 1220 632 1248 divino
639 1219 779 1251 ramesen
785 1220 896 1254 juvenili
903 1221 968 1255 joco
976 1219 1042 1253 vifize
1050 1223 1157 1246 Romam
1164 1218 1201 1245 ire
1208 1218 1294 1254 June,
1301 1219 1414 1247 dixisset?
1421 1216 1542 1253 annuiffi’:
1555 1220 1643 1244 caeteri
1651 1221 1758 1244 Romam
1764 1219 1965 1250 conclamarunt:

388 1257 450 1284 inde
460 1257 551 1284 fabula:
558 1258 588 1284 ad
590 1256 693 1292 jeftum
704 1258 749 1288 est,
757 1265 852 1284 vocem
863 1266 969 1294 quoque
977 1257 1129 1288 dicentis‚V
1139 1267 1153 1284 E
1162 1266 1177 1283 L
1187 1266 1203 1283 L
1213 1267 1225 1283 ε
1233 1278 1240 1287 ‚
1247 1257 1379 1284 auditam:
1394 1263 1503 1283 motum
1512 1262 1584 1281 certe
1591 1254 1651 1281 sede
1659 1253 1702 1282 sua
1710 1275 1716 1285 ,
1725 1256 1800 1292 parvi
1810 1256 1965 1287 molimenti

388 1295 566 1326 adminiculis,
574 1294 706 1332 sequentis
714 1295 799 1322 modo
806 1296 926 1331 accepim
931 1305 958 1322 us
966 1316 973 1327 ‚
980 1295 1069 1323 levem
1076 1304 1106 1322 ac
1113 1293 1219 1322 facilem
1229 1295 1353 1323 transsatu
1362 1294 1436 1322 fuisse
1443 1314 1449 1325 ‚
1464 1293 1651 1329 integramque
1658 1293 1685 1320 in
1694 1294 1859 1321 Aventinum
1866 1315 1874 1326 ,
1890 1303 1965 1325 aeter-

387 1342 451 1360 nam
461 1332 550 1360 sedern
559 1332 642 1364 suam,
650 1342 704 1369 quo
713 1341 776 1361 vota
784 1334 903 1361 Romani
910 1334 1056 1361 Dietatoris
1064 1341 1225 1361 vocaverant
1231 1333 1359 1368 perlatam
1369 1353 1376 1364 ‚
1383 1331 1428 1359 ubi
1436 1331 1570 1367 templum
1579 1331 1603 1357 ei
1610 1332 1699 1366 postea
1707 1331 1789 1364 idem,
1798 1333 1844 1369 qui
1852 1343 1964 1365 voverat

387 1370 528 1400 Camillus.
538 1372 679 1399 dedicavit.
697 1373 762 1399 Haec
774 1370 873 1398 Livius.
894 1372 996 1399 Eadem
1012 1372 1160 1398 Plutarchus
1173 1370 1266 1402 habet,
1280 1373 1306 1399 &
1320 1369 1448 1406 prolixius
1461 1369 1580 1406 quidem.
1601 1370 1660 1397 Fuit
1667 1369 1737 1397 aliud
1744 1369 1839 1407 Reginae
1845 1370 1965 1407 Junom's

387 1409 522 1445 templum
531 1411 558 1437 in
567 1408 702 1445 Capitolio
711 1429 717 1440 ‚
738 1409 810 1446 quod
819 1430 825 1440 ,
845 1407 920 1436 Livio
927 1410 1006 1441 teste,
1025 1408 1039 1436 a
1048 1410 1098 1436 Cn.
1107 1408 1240 1436 Flaminio
1253 1408 1322 1437 bello
1330 1407 1451 1436 adversus
1467 1408 1579 1444 Ligures
1588 1415 1684 1435 votum
1692 1408 1737 1436 est.
1765 1410 1895 1439 Meminit
1907 1411 1964 1449 ejus

389 1449 416 1476 &
424 1447 508 1474 Cicero
515 1448 541 1475 in
549 1449 671 1475 oratione
677 1447 709 1473 ad
719 1448 826 1484 Equites
834 1468 841 1478 ,
861 1455 1003 1484 antequam
1012 1448 1040 1474 in
1048 1446 1157 1474 exilium
1165 1447 1224 1474 iret.

430 1486 453 1512 C
462 1495 477 1513 A
487 1496 500 1512 11
510 1497 550 1514 no
560 1497 577 1513 τ
589 1497 622 1514 11<
633 1495 649 1512 Α
668 1487 682 1522 J
695 1494 712 1511 u
723 1496 739 1513 ix*
749 1496 765 1512 o
787 1485 858 1513 unde
872 1495 973 1513 nomen
988 1486 1119 1523 acceperit
1133 1506 1141 1517 ,
1162 1484 1311 1511 Plutarchus
1331 1484 1410 1512 docet
1425 1485 1452 1512 in
1466 1482 1589 1511 Romulo
1609 1483 1642 1511 de
1657 1483 1774 1512 Camillo
1787 1507 1795 1518 ‚
1825 1489 1851 1514 ἃ
1865 1491 1964 1516 Macro-

387 1521 456 1555 bius,
477 1524 551 1560 cujus
565 1523 620 1550 haec
634 1523 692 1550 sunt
707 1523 786 1551 verba
799 1534 805 1550 :
827 1524 886 1550 Post
900 1523 1004 1551 Urbem
1020 1531 1125 1560 captam
1142 1545 1148 1555 ‚
1175 1521 1238 1550 cum
1253 1522 1355 1551 sedatus
1375 1522 1438 1550 css'et
1452 1522 1568 1550 Gallicus
1583 1529 1673 1549 motus
1687 1542 1695 1553 ,
1723 1531 1764 1550 res
1780 1524 1844 1551 vero
1857 1525 1963 1560 publica

389 1561 452 1588 esset
467 1562 498 1588 ad
514 1570 594 1589 tenue
610 1562 738 1592 deducta,
758 1561 868 1589 finitimi
887 1562 1118 1598 opportunitatem
1133 1561 1275 1589 invadendi
1292 1561 1410 1588 Romani
1425 1561 1543 1588 nominis
1557 1561 1678 1596 aucupati
1693 1580 1700 1591 ‚
1725 1561 1901 1595 praefecerunt
1915 1563 1962 1592 sibi

388 1598 559 1636 Posthumium
572 1598 677 1626 Livium
693 1599 861 1627 Fidenatium
875 1600 1055 1628 Dictatorem.
1095 1600 1150 1635 Qui
1164 1600 1294 1626 mandatis
1308 1600 1340 1627 ad
1355 1601 1481 1627 Senatum
1495 1598 1592 1629 mitiis,
1612 1598 1767 1634 postulavit,
1788 1607 1817 1626 ut
1830 1599 1849 1626 fi
1863 1599 1963 1630 vellent

386 1638 507 1674 reliquias
522 1637 571 1664 suae
585 1639 698 1665 civitatis
712 1647 836 1669 manere,
857 1638 1064 1666 matresfamiliae
1077 1637 1137 1669 fibi,
1158 1640 1185 1666 &
1198 1638 1316 1674 virgines
1329 1637 1497 1665 dederentur.
1538 1637 1663 1672 Cumque
1678 1637 1767 1663 Patres
1781 1637 1862 1666 effent
1874 1639 1902 1666 in
1917 1647 1962 1667 an-

389 1676 464 1712 cipiti
484 1675 673 1704 deliberatione
686 1675 797 1712 suspenfi
812 1697 820 1708 ‚
847 1675 941 1703 ancilla
955 1677 1068 1704 nomine
1088 1676 1181 1703 Tutela
1200 1675 1244 1703 seu
1266 1674 1370 1702 Phtlatis
1389 1675 1506 1711 pollicita
1527 1674 1563 1701 est
1577 1695 1585 1705 ‚
1612 1673 1637 1701 se
1658 1683 1720 1702 cum
1741 1676 1841 1704 caeteris
1861 1677 1962 1705 ancillis

386 1713 433 1741 sub
449 1715 561 1742 nomine
576 1714 749 1741 dominarum
767 1714 799 1740 ad
815 1713 900 1742 hostes
922 1715 1020 1742 imi-am
1034 1736 1041 1746 ‚
1069 1714 1212 1750 habituque
1232 1712 1466 1742 matrumfamilias
1488 1716 1514 1741 ὃς
1530 1713 1666 1750 virginum
1688 1712 1797 1750 ihmpto
1811 1734 1818 1746 ,
1845 1714 1962 1743 hostibus

387 1762 451 1780 cum
466 1752 683 1789 prosequentium
699 1751 841 1788 lachrymis
854 1752 886 1779 ad
901 1751 982 1779 fidem
997 1753 1097 1780 doloris
1112 1753 1216 1789 ingestae
1229 1751 1297 1779 sunt.
1330 1753 1397 1789 Qae
1411 1762 1473 1780 cum
1487 1750 1500 1778 a
1514 1750 1587 1778 Liwo
1602 1752 1630 1778 in
1644 1751 1731 1779 castris
1743 1751 1887 1782 distributae
1900 1753 1961 1782 fuit:

386 1790 460 1821 sent,
481 1792 552 1818 viros
566 1791 685 1826 plurimo
700 1791 764 1817 vino
778 1798 994 1826 provocaverunt
1008 1812 1015 1822 ,
1043 1791 1116 1818 diem
1132 1791 1228 1817 fesium
1243 1791 1312 1826 apud
1328 1790 1353 1817 se
1367 1789 1418 1818 effe
1437 1789 1597 1817 iimulantes.
1637 1790 1741 1827 Qibus
1751 1790 1880 1826 ibporatis
1894 1812 1901 1823 ‚
1928 1801 1962 1820 ex

387 1829 481 1856 arbore
494 1829 618 1865 caprifico
631 1848 638 1857 ,
666 1838 724 1865 quae
737 1829 824 1855 castris
839 1835 895 1855 erat
908 1829 1045 1865 proxima,
1064 1829 1168 1866 signum
1185 1829 1316 1855 Romanis
1330 1828 1471 1856 dederunt:
1493 1828 1537 1864 qui
1552 1826 1614 1854 cum
1623 1828 1913 1863 repentinaincurfione
1921 1829 1961 1856 su-

387 1867 531 1902 peraffent,
552 1876 661 1894 memor
674 1866 794 1894 beneficii
810 1869 919 1895 Senatus
934 1887 941 1898 ,
963 1876 1059 1894 omncs
1073 1866 1179 1894 ancillas
1193 1876 1275 1894 manu
1287 1866 1359 1902 jussit
1373 1865 1463 1892 emitti
1477 1886 1483 1893 ,
1503 1865 1650 1902 dotemque
1665 1866 1701 1892 cis
1714 1874 1746 1892 ex
1759 1865 1866 1902 publico
1881 1866 1959 1899 fecit,

390 1906 417 1931 &
431 1913 556 1933 ornatum
573 1925 579 1936 ,
607 1914 661 1942 quo
675 1912 738 1932 tunc
751 1912 826 1932 erant
841 1903 890 1931 usae
903 1925 911 1936 ‚
935 1905 1036 1941 gestare
1050 1905 1175 1932 conceffit
1188 1925 1196 1935 ‚
1223 1905 1349 1940 diemque
1362 1903 1448 1939 ipsum
1462 1906 1546 1929 Nonas
1564 1902 1711 1937 caprasiam
1722 1905 1884 1940 nuncupavit
1899 1926 1906 1937 ‚
1925 1904 1959 1933 ab

387 1941 431 1969 illa
445 1942 550 1981 caprffico
567 1964 574 1974 ‚
600 1953 632 1971 ex
647 1951 697 1979 qua
711 1943 815 1980 signum
829 1942 947 1970 visstoriae
962 1950 1089 1978 ceperunt
1103 1964 1110 1974 ,
1138 1942 1349 1978 sacrificiumque
1369 1941 1457 1969 statuit
1477 1950 1562 1968 annua
1581 1940 1737 1969 solennitate
1756 1942 1959 1976 celebrandum,

388 1981 430 2007 cui
445 1979 499 2012 lac,
519 1981 591 2018 quod
607 1990 639 2008 ex
652 1981 776 2018 caprifico
791 1988 896 2011 manat,
918 1988 1027 2018 propter
1041 1981 1204 2008 memoriam
1219 1979 1281 2007 faffi
1297 1980 1466 2017 praecedentis
1480 1979 1626 2007 adhibetur.
1653 1980 1788 2007 Hastenus
1801 1980 1854 2008 ille.

431 2020 467 2052 Ῐυ
477 2029 492 2045 κ
503 2030 519 2045 o
541 2021 595 2046 Mo
606 2031 621 2047 N
633 2028 647 2046 a
656 2029 672 2045 τ
684 2030 700 2046 A
721 2017 735 2045 a
748 2019 867 2045 monendo
881 2019 951 2045 dicta
965 2029 970 2045 ·.
999 2018 1061 2045 cum
1077 2020 1151 2046 enim
1165 2028 1221 2046 non
1235 2017 1322 2046 multo
1337 2026 1398 2046 ante
1412 2017 1515 2044 Urbem
1535 2024 1640 2053 captam
1654 2016 1668 2044 εὶ
1682 2018 1764 2045 Gallis
1778 2026 1854 2046 terrae
1867 2026 1959 2047 motus

391 2051 474 2082 faetus
490 2056 566 2087 estet,
587 2056 675 2084 ferunt
689 2066 787 2084 vocem
802 2056 915 2085 extitiss'e
932 2055 946 2083 ὲ
960 2056 1073 2094 Junonis
1089 2056 1209 2092 templo,
1226 2057 1297 2093 quod
1308 2066 1363 2084 erat
1376 2056 1404 2083 in
1419 2065 1493 2087 arce,
1512 2062 1541 2082 ut
1555 2056 1588 2083 de
1602 2062 1645 2082 iue
1658 2055 1734 2091 plena
1749 2056 1824 2084 fieret
1835 2066 1960 2093 procura-

387 2092 438 2120 tio.
478 2097 509 2119 T.
521 2093 608 2121 Lirius
637 2094 730 2126 cribit,
751 2099 782 2122 L.
796 2094 904 2123 Furium
919 2102 1039 2122 creatum
1053 2095 1215 2122 dietatorem
1229 2102 1321 2122 contra
1336 2097 1488 2124 Auruncos,
1507 2094 1578 2130 quod
1600 2093 1699 2121 bellum
1714 2095 1746 2122 ab
1762 2103 1900 2132 repentina
1910 2105 1958 2132 po-

387 2129 522 2168 pulatione
537 2140 658 2166 coeptum
672 2140 727 2161 erat
742 2154 748 2164 ‚
775 2134 844 2160 inter
864 2132 947 2169 ipfiun
967 2133 1172 2161 dimicationem
1196 2133 1281 2160 :edem
1306 2130 1410 2168 Junomv
1430 2136 1534 2158 Moneta.
1555 2132 1654 2159 voviffe
1669 2153 1675 2163 ,
1703 2134 1777 2170 cujus
1796 2135 1868 2165 voti,
1895 2134 1957 2161 cum

388 2168 528 2195 damnatus
544 2169 629 2195 victor
644 2169 730 2198 fuisset
746 2191 753 2202 ‚
780 2173 908 2199 Senatum
927 2171 1012 2198 :edem
1033 2171 1181 2199 taciendam
1202 2170 1299 2206 juffiffe
1314 2191 1321 2202 ‚
1346 2170 1489 2207 locumque
1508 2169 1535 2196 in
1555 2179 1614 2197 arce
1634 2171 1807 2203 destinatum,
1829 2181 1886 2209 quae
1899 2180 1958 2200 area

388 2206 485 2234 aedium
500 2209 539 2232 M.
552 2206 648 2232 Manlii
660 2208 793 2241 Capitolini
810 2209 907 2241 fuerat,
927 2219 999 2237 anno
1012 2209 1153 2246 postquam
1168 2209 1236 2236 aedes
1251 2216 1312 2235 vota
1326 2216 1395 2239 erat,
1415 2213 1520 2234 Moneta
1533 2208 1681 2236 dedicatam
1697 2209 1778 2237 ruiffe.
1818 2208 1959 2237 Macrobius

388 2243 510 2271 Calendis
522 2244 595 2281 Junii
611 2243 662 2271 hoc
679 2244 777 2272 iactum
794 2246 867 2274 fuisse
881 2247 978 2275 scribit.
1018 2246 1194 2274 Servabantur
1208 2248 1236 2274 in
1249 2246 1296 2273 ade
1309 2251 1412 2273 Moneta
1428 2244 1543 2282 Junoms
1556 2247 1615 2274 libri
1630 2247 1718 2279 lintei,
1727 2249 1773 2284 qui
1787 2247 1957 2279 dicebantur.

387 2282 414 2309 in
431 2281 525 2319 quibus
539 2281 649 2317 Imperii
664 2283 782 2310 Romani
797 2283 848 2310 fata
861 2285 1074 2314 continebantur.
1093 2286 1158 2312 Non
1172 2285 1208 2312 est
1222 2283 1387 2316 verofimile,
1408 2284 1479 2322 quod
1495 2284 1528 2310 de
1536 2283 1643 2320 Junone
1650 2290 1755 2312 Moneta
1763 2284 1957 2319 Suidanicribit,

387 2319 451 2347 cum
467 2320 586 2346 Romani
595 2320 705 2355 pecunia
719 2321 868 2356 indigerent
884 2324 910 2350 in
925 2323 994 2350 bello
1009 2331 1102 2351 contra
1116 2323 1248 2360 Pyrrhum
1263 2325 1289 2351 ὃ(
1306 2323 1466 2351 Tarentinos
1479 2344 1486 2354 ,
1514 2332 1559 2350 cos
1572 2325 1709 2361 Junonem
1724 2323 1854 2351 invocass'e
1869 2334 1874 2349 :
1901 2333 1959 2360 φης

387 2357 456 2395 ipsos
471 2357 622 2391 monuerit,
641 2357 661 2387 fi
674 2357 779 2394 justitiae
792 2360 872 2388 armis
887 2368 1023 2390 uterentur
1038 2383 1046 2395 ,
1073 2362 1214 2399 pecuniam
1229 2362 1265 2391 eis
1279 2371 1335 2390 non
1348 2360 1500 2391 defuturam
1514 2372 1524 2394 ς
1551 2371 1668 2400 cumque
1687 2362 1713 2390 id
1734 2362 1864 2389 Romanis
1883 2362 1958 2390 reete

1875 2407 1960 2429 conu-
