2075 2734
346 101 404 136 37⁸
798 101 818 127 P
858 104 876 122 Α
918 106 937 123 υ
976 108 992 126 L
1037 113 1046 131 ἵ

347 142 479 173 commisit.
496 139 608 174 quadan
627 140 730 172 antiquis
748 146 840 163 novum
853 146 903 163 non
915 138 962 162 est:
978 145 1035 163 cum
1048 138 1135 164 Cicero

347 176 425 203 noster
436 169 549 200 ,in-libio
560 172 590 198 de
602 173 756 198 Divinatione
767 173 797 195 Π.
811 170 848 194 bis
860 170 886 195 in
901 170 947 195 hoc
960 178 1046 203 genere
1054 179 1133 203 pecca.-

346 210 417 233 verit.
434 214 490 232 nam
510 207 629 239 primurn,
645 203 713 237 quod
730 210 779 231 erat
791 203 880 230 Vlixis,
898 205 1077 235 Agamemnoni
1090 205 1131 228 rri-

346 236 415 268 bu'it,
432 239 534 266 deinde,
551 245 606 262 cum
625 238 721 261 Vlixem
736 236 863 271 ‘nominare
879 235 999 263 debuerit,
1018 237 1131 260 meminit

350 272 437 303 Aiacis.
460 272 549 303 legatur
567 273 686 293 Homerus
699 267 719 292 ἐν
732 267 766 299 τῷ
780 266 818 291 ”ric
831 266 919 291 mirso:
930 267 948 295 β
979 267 1020 297 23¹4*
1033 268 1054 293 εγ
1067 268 1100 299 ’τῷ
1114 276 1130 292 ι,

350 302 512 341 ςιιᾴωςιηῐῃ,
529 301 596 333 quod
616 300 643 324 ad
663 300 739 330 Ajacis
757 300 909 322 mentionem
922 300 1017 326 attinet,
1036 308 1131 327 vereor,

351 344 383 361 ne
401 335 551 365 indiligentia
571 333 664 364 potius,
681 339 752 363 quarn
772 331 896 354 oblivione
915 332 1050 361 peccaverit.
1065 339 1134 359 nam,

352 375 409 393 cum
421 366 510 397 legiis-:t
527 365 596 389 illum
608 365 713 390 versum,
731 363 773 394 qui
787 362 818 386 est
831 362 853 385 dv
866 364 899 391 σᾷ
910 371 924 385 ι,
946 360 1013 386 Ndssr‘
1026 364 1134 393 ιιὶάςφη-

353 398 408 425 iim,
427 400 485 421 tima
498 398 512 428 5
526 395 591 420 θεῖος
606 395 725 421 ἐδυσσόὓς,
742 395 851 425 opinatus
869 393 901 417 est
914 393 940 417 ab
955 395 1024 424 Aiace
1038 396 1130 426 potius,

353 436 425 463 quam
445 429 475 457 ab,
491 429 576 454 Vlixe,
593 427 654 459 apud
674 425 794 451 Achillem
832 426 962 449 ronuntiari
981 433 1026 456 ea,
1038 434 1089 458 qua:
1102 426 1133 450 se-

353 467 467 495 quuntur.
486 461 528 492 qui
542 459 558 484 ss
568 459 655 483 deinde
667 457 771 489 legisset,
788 465 803 481 u
815 465 862 489 que
874 457 902 481 ad
915 465 971 489 eum
983 459 1065 482 locum
1075 475 1080 485 ,
1096 458 1135 482 ubi

354 491 461 518 Achilles
480 491 606 524 respondet
619 499 626 514 ι
643 491 737 515 Vlixem
751 506 759 517 ,
783 497 834 513 non
847 489 942 520 Aiacem
955 490 1024 521 queri
1035 491 1065 514 de
1077 489 1138 513 fero-

355 525 425 550 citate
435 525 596 553 Troianorum
608 520 763 555 cognovisset.
775 520 902 552 respondet
914 521 980 545 enirn
993 522 1018 545 in
1031 529 1060 545 eo
1073 522 1135 545 libro

356 557 462 582 Achilles
469 556 505 580 his
512 555 602 579 verbis:
611 553 712 586 Amystis:
725 553 863 585 λαεςτιοίῶι,
872 553 1021 584 πολυμήχαν’
1034 553 1140 578 Musam,

354 588 473 620 Idemque
493 589 517 611 in
536 590 565 611 11.
585 586 649 611 libro
667 586 697 610 de
710 586 785 617 gloria
797 585 923 610 oblivione
930 586 1005 616 lapsus
1018 585 1058 610 est.
1072 586 1137 618 quod

357 617 453 645 Gellius
465 619 555 644 notavit
567 618 630 643 libro
643 620 692 642 XV.
706 619 804 648 cap.V1.
1078 622 1082 624 ’

594 683 618 710 C
645 691 662 709 Λ
691 691 705 709 r‘
733 691 752 709 u
780 691 796 708 τ
837 682 870 709 ΙΙ
881 681 904 708 1.

487 747 529 773 De
541 741 617 781 calfit
632 739 774 768 amittendi
784 739 878 768 ordinis
883 739 1014 775 senatorii.

358 798 514 891 Q:inque
528 803 557 828 de
569 794 640 827 causis
651 803 738 832 eierstos
750 801 764 827 ὲ
777 802 856 827 senatu
867 802 983 828 senatores
995 803 1140 828 invenimus:

441 845 498 869 quas
510 836 600 859 deinde
613 842 696 859 ornnes
708 842 864 866 exponemus.
878 843 1018 867 quacunque
1030 836 1139 864 ejiceren-

366 872 370 897 ζ
427 870 430 872 “
445 876 482 892 tur
496 886 502 895 ,
521 866 728 898 ignominiosum,
746 867 770 891 ὃς
784 873 851 898 turpe
863 866 918 891 fuit.
935 866 1024 890 tametsi
1034 868 1138 900 praemi

355 900 443 931 J'enatus
451 916 458 927 ‚
475 900 506 923 ait
518 898 594 923 Festus
609 899 748 929 Pompeius,
764 900 872 930 quondam
884 900 905 921 in
912 899 1062 930 opprobriam„
1070 905 1138 921 eram.-

359 929 419 963 quatd
429 948 437 958 ‚
455 938 479 954 ut
498 933 564 961 Reges
579 929 621 959 fibi
632 929 919 962 legebantsublegebantqtce
933 946 939 956 ,
956 938 1009 961 quas
1022 939 1044 952 m
1056 931 1137 960 consilio

354 963 442 997 pub‘lt'co
461 962 576 989 haberent,
593 962 640 987 ita,
656 961 749 992 Regibus
769 962 866 988 exac‘h's,
884 962 980 989 Consules
994 969 1092 992 quoque,
1111 959 1136 983 ὸ·

360 993 446 1018 tribuni
463 996 563 1016 militum
578 993 687 1022 Confitlarr'
697 992 800 1023 potestate
812 991 1034 1023 cons'unffi'ſje‘mosfihi
1046 993 1139 1022 quossque

355 1026 514 1058 patriciorum,
533 1023 559 1048 ύ·
577 1023 653 1046 deinde
667 1022 805 1055 plebgjarum
822 1023 933 1054 legal-ant,
951 1024 1013 1046 donec
1025 1023 1141 1046 tribunicia

353 1057 449 1089 potestat
469 1056 601 1080 intervenit.-
619 1062 663 1085 qua
675 1054 786 1083 firmittem
798 1054 839 1084 est,
856 1061 883 1077 ur
894 1056 984 1083 censbres
996 1062 1024 1077 ex
1038 1056 1096 1077 omni
1108 1062 1139 1076 or—

358 1089 407 1111 dine
416 1089 525 1120 optimum
538 1093 646 1120 quemque
658 1087 764 1108 curiatim
777 1087 799 1108 in
806 1086 1140 1117 sinatulegerent.quafa[lum

358 1120 399 1149 est,
423 1126 462 1146 ut,
479 1121 522 1151 qui
537 1118 644 1153 praeteriti
661 1119 738 1148 essenr,
756 1115 782 1141 ὁ·
803 1119 845 1140 loco
857 1119 925 1144 moti,
943 1117 1073 1140 haberentur
1084 1119 1140 1148 igno-

359 1152 452 1179 miniosi.
469 1151 549 1182 itaque
567 1150 593 1172 δι
605 1151 640 1172 Μ.
655 1150 714 1172 Cato
728 1147 821 1175 censor,
841 1149 874 1176 is,
891 1149 934 1180 qui
951 1148 1070 1172 censorius
1083 1156 1140 1172 mox

359 1183 488 1219 appellatus
506 1182 554 1210 est,
571 1180 603 1205 ob
621 1179 740 1204 censuram
761 1180 860 1212 graviter
872 1188 896 1204 ac
909 1179 985 1204 severe
997 1180 1143 1204 administra-

361 1221 423 1242 tam,
442 1214 570 1238 hominem
583 1210 738 1236 Consularem
754 1210 767 1236 ὲ
780 1210 858 1236 senatu
871 1212 939 1241 ejecit
952 1213 1127 1236 1..Flaminium
1136 1229 1142 1240 ,

360 1247 417 1278 quia
426 1263 432 1271 ,
449 1253 504 1270 cum
520 1245 576 1270 effet
589 1242 680 1267 Consul
690 1244 715 1267 in
726 1244 816 1271 Gallia,
834 1250 943 1268 exoratus
957 1244 1010 1268 esset
1023 1244 1049 1267 in
1059 1244 1140 1268 convi-

360 1279 403 1302 vio
415 1276 428 1301 {i
439 1276 533 1305 scorto,
550 1283 577 1301 ut
589 1274 660 1299 securi
674 1275 754 1299 feriret
767 1276 871 1307 aliquem
884 1283 968 1300 eorum
977 1293 983 1304 ,
1001 1277 1043 1307 qui
1058 1276 1083 1300 in
1091 1277 1142 1300 vin-

360 1310 420 1334 culis
438 1308 509 1333 essent
527 1308 631 1333 damnati
651 1308 686 1331 rei
698 1308 814 1337 capitalis:
831 1308 856 1331 ὃς
868 1309 915 1332 Cn.
930 1309 1055 1334 Lentulus,
1073 1315 1098 1331 ac
1111 1310 1141 1332 L.

361 1341 468 1369 Gellius,
486 1342 548 1365 irem
568 1337 676 1363 censores
688 1355 695 1366 ,
713 1340 742 1363 C.
763 1337 913 1366 Antonium,
931 1340 973 1371 qui
993 1339 1069 1369 postea
1087 1347 1142 1363 cum

359 1370 644 1397 CiceroneConsulfi-tit,
662 1369 777 1394 desenatu
785 1378 926 1398 moverunt,
943 1370 1144 1403 subscriptacausa,

362 1404 432 1437 quod
443 1404 521 1428 socios
533 1401 677 1435 diripuisset,
692 1403 758 1433 quod
770 1402 885 1431 judicium
895 1403 920 1426 in
935 1402 971 1426 sua
982 1404 1077 1426 civitate
1087 1411 1143 1427 cum

361 1436 490 1469 peregrino
506 1434 638 1461 recusasset,
656 1434 722 1465 quod
741 1442 837 1465 propter
855 1434 905 1458 :cris
915 1436 986 1459 alieni
998 1435 1143 1466 magnitudi-

362 1470 422 1492 nem
435 1468 519 1499 pradia
527 1465 684 1498 mancipasset.
703 1466 788 1497 quibus
796 1467 926 1497 exemplis,
943 1468 1143 1493 utomittamalia,

362 1496 433 1529 (sunt
452 1500 519 1522 enirn
539 1497 738 1527 innumerabilia)
758 1505 813 1524 eos,
830 1500 872 1529 qui
886 1497 963 1521 senatu
976 1498 1042 1525 eiessi
1057 1498 1142 1524 essent,

362 1530 421 1555 ideo
440 1528 617 1562 ignominiosos
635 1528 727 1551 habitos
745 1528 790 1552 esse
810 1529 911 1555 constet,
929 1529 1007 1560 quod,
1024 1537 1064 1552 cur
1077 1530 1145 1557 ejice-

365 1568 459 1589 rentur,
479 1562 576 1592 dignam
590 1559 679 1584 causam
693 1561 765 1591 turpis
772 1561 907 1584 eorumvirs
915 1560 1049 1591 ptxbuisl'et.
1063 1562 1142 1584 omni-

365 1601 399 1618 no
413 1594 494 1621 enim,
511 1592 594 1625 siquid
607 1592 705 1622 turpiter
719 1599 756 1615 aut
769 1590 1140 1623 flagitiosesenatoraliquiscom-

365 1624 476 1652 misisset,
494 1632 550 1648 eum
563 1622 645 1648 censor
663 1623 688 1646 in
699 1624 819 1647 recitando
833 1623 910 1647 senatu
924 1624 1051 1654 preteribat
1065 1633 1070 1646 ι
1088 1633 1140 1655 prx—

366 1658 450 1681 teritus
471 1657 583 1680 ordinem
601 1654 743 1678 senatorium
765 1655 882 1679 continuo
900 1655 1038 1679 amittebat:
1066 1663 1143 1687 neque

367 1687 475 1713 amissum
499 1688 533 1715 ius
549 1685 694 1718 recuperabat
707 1703 713 1712 ,
736 1686 778 1709 uili
798 1694 834 1709 aut
849 1687 875 1710 ab
888 1688 960 1710 altero
976 1686 1071 1710 censore
1084 1695 1142 1711 mox

368 1720 516 1752 probaretur:
534 1727 606 1750 quam
626 1717 767 1746 ob-1eautam
780 1718 843 1742 libro
854 1722 922 1742 XXX.
937 1720 1016 1742 Livius
1029 1720 1072 1742 air:
1091 1721 1143 1742 Tres

368 1752 432 1785 tjelsi
445 1753 572 1781 desertum:
591 1750 684 1783 retinuif
696 1752 799 1781 quoddam
813 1751 908 1781 Lepidus
921 1750 1145 1781 &coaegapmteritos.

368 1790 406 1807 aut
419 1784 519 1806 aliorum
534 1782 610 1813 postea
622 1783 745 1804 ceruorum
758 1782 847 1807 ‚udicio
861 1783 885 1804 in
899 1783 985 1804 curiam
993 1790 1145 1806 revocaretur.

370 1822 408 1839 aut
422 1816 450 1838 iis
462 1814 604 1837 criminibus
614 1831 620 1839 ‚
639 1820 689 1843 qux
699 1812 804 1836 censores
818 1814 841 1836 in
854 1812 1048 1844 subscriptionem
1064 1815 1143 1837 nomi-

369 1845 470 1873 nassent,
486 1846 616 1875 juratorum
629 1843 735 1872 judicum
748 1843 868 1867 sententiis
880 1844 1042 1868 absolveretur.
1059 1852 1143 1876 autpo-

370 1878 420 1910 puli
434 1881 508 1901 Rom.
526 1875 638 1907 suffragiis
651 1874 775 1904 censorum
787 1876 903 1904 judiciuin
915 1875 1090 1900 rescinderetur.
1108 1884 1146 1900 aut
1159 1881 1161 1891 ¹

370 1910 475 1941 denique
491 1908 514 1932 se
526 1908 553 1932 ad
571 1916 626 1934 eos,
644 1915 705 1938 quos
718 1906 826 1938 gesserat,
844 1907 945 1931 honores
959 1909 1016 1931 item
1031 1909 1144 1939 petendos

368 1941 493 1968 retulisset,
511 1940 587 1964 donec
607 1940 713 1963 minores
732 1939 875 1970 magistratus
890 1942 1028 1963 consecutus
1040 1940 1067 1963 ad
1080 1948 1145 1963 cuxu-

370 1975 403 1997 'ies
415 1973 559 2005 perveniret,
578 1979 682 2004 quorum
696 1971 744 1998 jure
756 1972 780 1994 δι
793 1972 818 1995 iu
833 1970 909 1995 senatu
923 1972 1059 1995 seutentiam
1073 1971 1146 2003 posset

369 2006 446 2029 dicere
455 2022 460 2031 ,
479 2005 502 2027 ὃ(
517 2003 529 2027 a
541 2003 626 2034 primis
638 2002 774 2028 censoribus
786 2003 833 2035 legi
847 2003 949 2029 deberet.
962 2003 1007 2027 hoc
1015 2011 1092 2028 tamen
1101 2003 1144 2028 ser-

369 2036 475 2062 vabatur,
493 2043 533 2063 ut,
551 2035 592 2067 qui
605 2035 696 2059 curules
708 2035 815 2059 nondum
829 2035 933 2060 honores
944 2042 1063 2067 ceperant,
1081 2037 1147 2060 iieos

370 2068 447 2098 ipsos,
467 2075 526 2098 quos
540 2067 664 2099 gesserant,
682 2067 760 2090 denuo
772 2074 890 2098 caperent,
909 2069 934 2091 &
947 2068 1035 2092 deiude
1045 2067 1072 2091 ad
1079 2075 1146 2091 curu-

368 2100 403 2123 les
417 2106 549 2129 pergei-eut:
568 2099 609 2130 qui
617 2106 671 2122 vero
678 2099 767 2122 curules
775 2098 885 2130 gesserant
894 2117 900 2127 ,
909 2100 936 2123 iis
944 2100 970 2123 ad
979 2107 1063 2123 omues
1071 2117 1077 2127 ,
1086 2107 1146 2131 quos

372 2131 496 2162 gesserant,
516 2130 660 2154 redeundum
676 2138 724 2154 non
736 2137 797 2158 erat,
814 2130 852 2154 sed
865 2139 939 2155 uuum
953 2132 1028 2155 modo
1042 2132 1146 2156 curulem

372 2163 458 2187 iterum
472 2168 550 2192 capere
563 2160 614 2185 satis
627 2169 685 2185 etat:
704 2169 744 2190 ut,
761 2163 826 2193 quod
839 2162 941 2186 censoris
949 2163 1146 2187 animadversione

372 2191 494 2217 amiserant
503 2209 508 2219 ,
526 2193 573 2219 iure
586 2194 727 2224 magistratus
741 2201 905 2225 recuperarent.
927 2202 1055 2227 utrumque
1064 2195 1145 2227 proba-

371 2232 409 2249 tur
424 2225 536 2255 exemplo
554 2224 666 2251 Sallustii,
684 2225 832 2250 historiarum
846 2226 965 2258 scriptoris
975 2244 980 2254 ,
998 2228 1022 2251 ἔκ·
1036 2228 1145 2255 Lentuli,

371 2258 415 2288 qui
428 2264 482 2280 cum
496 2256 598 2280 Catilina
614 2263 693 2279 contra
707 2259 802 2287 patriam
815 2258 912 2283 consilia
930 2259 993 2282 iniit.
1010 2267 1065 2282 nam
1077 2260 1147 2283 Sallu-

372 2289 428 2313 stius
447 2287 497 2320 post
510 2287 646 2319 quaesturam
659 2286 672 2311 e
687 2287 763 2313 senatu
776 2290 803 2313 ab
817 2294 878 2322 App.
892 2291 994 2314 Claudio
1006 2293 1031 2315 &
1045 2294 1071 2315 L.
1087 2290 1145 2314 Piso-

373 2327 404 2344 ne
416 2319 550 2344 censoribus
559 2319 658 2347 eietsslus,
678 2320 764 2344 iterum
777 2322 911 2352 quaesturam
925 2324 1005 2353 petiit,
1024 2322 1149 2355 &adeptus

374 2351 417 2378 est:
436 2351 560 2384 postquam
572 2352 598 2376 in
610 2350 714 2376 senarum
731 2352 800 2377 rediit
814 2370 821 2382 ‚
838 2362 888 2379 non
899 2354 969 2387 ipsius
982 2355 1097 2387 quaesiura:
1111 2355 1150 2380 be-

1109 103 1477 129 ΜΑΝυΤίῙ

1159 138 1260 166 neficio,
1279 139 1344 170 (nam
1351 138 1470 164 curulibus
1477 143 1568 164 tantum
1575 138 1762 171 magistratibus,
1776 147 1802 166 ut
1814 143 1880 173 dixi,
1891 146 1939 179 pri.

1159 171 1276 203 vilegium
1289 172 1334 196 hoc
1344 173 1401 201 etat)
1414 170 1452 195 sed
1466 171 1532 204 quod
1541 188 1547 199 ,
1563 174 1677 196 Caesarem
1693 173 1759 198 civili
1772 173 1835 200 bello
1843 175 1940 208 secutus,

1159 203 1243 231 facile,
1257 204 1322 236 quod
1335 203 1428 236 legibus
1441 211 1491 228 nou
1504 203 1602 230 licebat,
1619 203 1633 227 a
1646 204 1781 238 vifisoreper
1789 208 1942 239 gratian-iim.

1149 232 1151 274 Ἰ
1163 238 1270 272 petravit.
1283 235 1346 260 unde
1358 236 1418 260 illud
1432 236 1456 259 in
1470 236 1576 259 oratione
1586 253 1592 263 ,
1611 243 1682 267 quam
1695 237 1782 270 scripsit
1794 240 1820 263 in
1832 248 1888 265 eum
1901 250 1942 266 ue-

1163 268 1211 292 scio
1230 267 1297 299 quis,
1312 276 1367 291 nam
1379 275 1439 291 certe
1458 268 1542 300 (quod
1556 268 1633 299 ipsum
1647 268 1741 293 dicendi
1755 277 1842 302 genus,
1859 273 1885 297 δι
1898 274 1941 306 qui

1167 301 1246 322 erce
1260 299 1346 323 dicitur
1359 299 1481 332 Zagau'lfig
1490 317 1496 327 ,
1513 299 1580 323 facile
1594 300 1714 332 declarat,)
1727 309 1778 325 eam
1793 304 1878 328 Cicero
1890 313 1941 330 non

1165 329 1260 361 scripsit.
1293 333 1329 354 Sic
1345 333 1416 362 igitur
1429 331 1460 354 est
1473 340 1498 355 m
1511 339 1536 354 ea
1549 339 1597 363 cap.
1609 336 1632 357 8.
1650 334 1695 359 Tu,
1713 335 1735 357 C.
1744 335 1942 363 Sauustitantidem

1163 370 1231 394 putus
1244 364 1297 394 esse,
1316 363 1346 386 bis
1359 364 1496 393 quaestorem,
1514 363 1539 385 ὼ·
1554 364 1585 386 bt:
1592 364 1711 393 senatorem
1719 365 1785 394 fieri,
1801 369 1895 397 quanti,
1909 368 1942 391 In‘s

1164 395 1320 424 Consularem,
1338 394 1364 417 a&
1383 394 1415 416 bis
1434 396 1609 427 triumphalem?
1630 400 1660 418 At
1674 397 1803 423 Lentulus,
1819 398 1883 429 gesto
1896 399 1943 427 jam

1164 425 1300 460 consulatu,
1318 433 1373 449 cum
1386 425 1418 448 ob
1435 426 1579 454 mollitiem,
1596 433 1622 450 ut
1634 428 1665 451 ait
1678 428 1822 457 Plutarchus,
1838 427 1851 454 ὲ
1864 429 1942 456 senatu

1165 456 1219 480 esset
1237 458 1338 493 εῇεᾷυς,
1356 458 1442 481 iterum
1458 464 1591 488 praeturam,
1608 460 1648 491 qui
1663 460 1749 483 curulis
1761 467 1808 484 erat
1825 462 1942 494 magistra-

1166 496 1217 514 tus,
1235 490 1315 521 petiit:
1333 496 1405 521 quam
1413 489 1562 515 consecutus,
1579 497 1627 519 lure
1645 491 1787 522 magistratus
1799 493 1825 516 in
1838 493 1942 519 senatum

1167 521 1246 544 rediit.
1268 520 1335 553 quod
1355 521 1379 544 δι
1395 521 1420 544 in
1440 521 1527 545 Dionis
1543 521 1604 545 libro
1622 525 1733 547 XXXVII.
1743 524 1854 556 legimus.
1871 527 1895 550 δι
1909 527 1942 551 ob

1169 552 1225 576 hanc
1237 551 1327 576 causam
1340 552 1447 576 Philistus
1459 553 1542 582 objicit
1555 554 1662 577 Ciceroni
1674 555 1735 585 apud
1742 558 1846 580 Dionem
1854 574 1861 584 ,
1874 559 1941 589 quod

1169 585 1310 612 Lentulum,
1328 583 1455 608 hominem
1475 583 1628 609 Consularem
1638 592 1774 616 praetorem,
1791 588 1880 613 iudieta
1891 597 1944 615 cau-

1168 617 1187 639 sa
1201 617 1293 640 Consul
1306 616 1432 640 occidisset.
1450 617 1474 640 ἃ
1487 617 1587 645 Velleius
1599 624 1654 640 cum
1667 617 1698 640 ait
1708 618 1772 642 libro
1784 622 1802 643 1.
1814 623 1945 646 eumCen.

1168 647 1280 675 salntem,
1298 648 1322 671 δε
1343 655 1463 680 praztotem
1480 648 1567 672 iterum
1586 649 1611 672 in
1623 656 1711 673 carcere
1720 657 1840 679 necatum,
1857 652 1945 684 signifi-

1168 687 1202 703 cat
1215 680 1244 704 de
1256 679 1354 704 secunda
1368 687 1462 711 praetura
1474 680 1524 711 post
1538 680 1708 708 Consulatum,
1726 683 1943 716 quamideopetiit,

1169 719 1194 735 ut
1204 712 1346 743 dignitatem
1360 713 1513 739 senatoriam,
1532 711 1655 736 censorum
1668 712 1757 741 judicio
1770 714 1941 744 amissam,m2.

1169 743 1275 774 gistratus
1287 743 1403 767 beneficio
1417 745 1536 775 reciperer.
1553 745 1606 767 Fuit
1618 744 1704 772 etiarn,
1722 751 1802 776 praeter
1814 745 1943 774 censoriam

1170 776 1310 803 notionem,
1328 775 1462 799 amittenda
1475 775 1594 799 senatoriae
1605 775 1726 807 dignitatis
1737 777 1779 801 alia
1791 777 1861 802 eausa.
1879 786 1942 808 nam,

1169 805 1185 829 si
1205 808 1259 838 quis
1278 807 1368 836 judicio
1385 808 1461 839 turpi,
1478 807 1582 839 exempli
1594 808 1665 839 gratia
1676 807 1747 836 furti,
1764 810 1894 840 peculatus,
1910 819 1946 836 ca-

1170 844 1260 869 ptarum
1277 839 1429 869 pecuniarum
1442 856 1450 866 ,
1466 846 1510 869 pro
1530 838 1609 866 socio,
1625 838 1681 863 esset
1700 839 1870 865 condemnatus
1883 859 1890 870 ,
1906 843 1946 868 hic

1170 870 1246 893 statim
1261 870 1312 900 post
1324 870 1565 897 condemnationem,
1583 878 1633 894 non
1645 871 1730 896 ordine
1736 872 1814 896 solum
1820 873 1945 904 senatorio,

1168 900 1207 924 sed
1226 901 1295 925 omni
1316 901 1408 932 proi-sus
1427 901 1520 925 honore
1540 901 1681 932 privabatur.
1696 910 1775 933 eoque
1792 905 1885 935 gravior
1897 914 1945 931 erat

1168 932 1214 955 ᾔτεε
1234 940 1315 963 poena,
1334 934 1400 965 quod
1420 940 1470 956 non
1488 932 1516 956 ad
1528 939 1622 964 tempus
1634 932 1711 957 sedin
1729 941 1869 966 perpetuum
1885 938 1946 962 irro-

1169 964 1276 995 gabatur:
1294 971 1350 987 cum
1369 965 1402 991 ii,
1419 966 1461 995 qui
1480 963 1493 988 {i
1514 964 1647 988 censoribus
1660 963 1673 988 ὶ-
1686 963 1764 990 senatu
1777 966 1847 991 essent
1860 969 1944 998 ejecti,

1169 1002 1194 1018 ea
1214 1002 1291 1018 tamen
1312 994 1350 1026 spe
1368 995 1502 1026 praesentem
1516 996 1627 1020 dolorem
1639 997 1754 1026 lenirent,
1771 1000 1838 1030 quod
1850 1008 1945 1033 recupe-

1170 1034 1218 1050 rate
1237 1026 1306 1050 suurn
1322 1028 1356 1055 jus
1369 1027 1495 1058 aliquando
1508 1027 1607 1058 possent.
1623 1035 1743 1058 przrerea,
1760 1030 1842 1055 locum
1854 1032 1945 1057 senato-

1170 1059 1232 1082 rium
1253 1057 1357 1082 adimere
1375 1057 1481 1082 censores
1499 1064 1619 1090 poterant,
1636 1060 1772 1089 potestatem
1785 1065 1881 1093 petendi
1896 1072 1945 1089 ma.

1169 1090 1275 1121 gistrarus
1289 1090 1392 1114 minime
1405 1096 1519 1122 poterant.
1537 1096 1558 1113 at
1570 1089 1652 1114 infami
1666 1091 1754 1118 iudicio
1761 1093 1877 1123 damnati,
1894 1105 1944 1122 non

1170 1122 1233 1145 curia
1246 1123 1334 1153 magis,
1352 1129 1423 1154 quam
1437 1121 1568 1146 honoribus
1580 1122 1670 1145 cunetis
1680 1123 1870 1151 excludebantur.
1879 1129 1945 1158 quod

1170 1154 1255 1177 Cicero
1268 1154 1292 1178 in
1306 1156 1414 1178 oratione
1426 1161 1468 1185 pro
1481 1153 1598 1178 Cluentio
1611 1154 1683 1177 Avito
1693 1162 1742 1187 cap.
1751 1164 1789 1183 42.
1807 1157 1946 1184 declarathis

1173 1185 1262 1209 verbis:
1281 1189 1302 1208 C.
1321 1187 1381 1219 §eta
1389 1202 1396 1212 ,
1412 1194 1461 1208 cum
1473 1185 1487 1208 a
1499 1187 1527 1209 L.
1541 1187 1630 1208 Menan
1638 1202 1644 1213 ‚
1662 1184 1689 1209 ὑ·
1704 1189 1740 1211 Cn.
1751 1189 1849 1212 Domitio
1860 1193 1947 1221 censori.

1173 1217 1212 1240 bus
1225 1219 1335 1247 exsenatu
1347 1218 1428 1249 ejessur
1441 1219 1503 1248 esset,
1511 1218 1578 1246 censa
1587 1218 1631 1249 il'fi
1643 1218 1709 1246 postea
1720 1219 1825 1248 ests-alius
1833 1231 1841 1244 :
1859 1219 1900 1250 ir,
1908 1232 1946 1246 cu-

1164 1250 1209 1281 jus
1227 1257 1295 1272 mores
1313 1248 1327 1272 ὰ
1345 1247 1460 1278 censbribus
1477 1254 1537 1272 erant
1555 1250 1689 1279 reprehensi,
1708 1251 1742 1272 hic
1751 1252 1820 1283 postea
1832 1251 1945 1287 &populi

1173 1282 1286 1311 Romani,
1303 1279 1329 1303 ἀ·
1347 1289 1434 1307 eorum,
1451 1281 1492 1312 qui
1505 1282 1526 1303 r'n
1539 1281 1610 1313 ipficm
1621 1282 1834 1311 animadverterant,
1850 1286 1946 1309 manhu

1171 1313 1272 1345 praesm't.
1286 1313 1548 1344 quodfirlludjudicium
1559 1319 1689 1343 putaretur,
1706 1319 1732 1336 ut
1745 1316 1827 1340 κτενί,
1845 1318 1947 1348 turpiju-

1173 1345 1227 1367 dicio
1239 1345 1352 1370 damnati,
1369 1345 1390 1366 in
1401 1350 1529 1376 perpetuum
1542 1344 1600 1366 omni
1611 1344 1698 1371 honore,
1714 1353 1739 1367 ac
1748 1346 1949 1379 dignitateprivan-

1175 1382 1225 1403 rur,
1236 1376 1267 1406 fi:
1286 1375 1406 1398 hominibus
1425 1376 1544 1406 ignominia
1561 1376 1655 1402 notatis,
1671 1383 1740 1408 neque
1751 1379 1779 1399 ad
1792 1379 1890 1402 honorem
1900 1381 1952 1404 adi-

1173 1414 1225 1434 tus,
1241 1415 1308 1437 neque
1329 1408 1351 1429 in
1369 1408 1454 1430 curiam
1472 1407 1555 1429 reditus
1568 1408 1624 1437 esser.
1643 1408 1724 1435 Dixit,
1742 1411 1809 1432 Omni
1818 1412 1905 1438 honore,
1922 1421 1948 1435 ac

1173 1440 1292 1469 dignitate:
1311 1446 1366 1470 pro,
1383 1439 1451 1462 omni
1463 1437 1596 1469 magistratu
1604 1455 1610 1465 ,
1619 1446 1643 1462 ac
1651 1440 1735 1462 ordine
1741 1438 1869 1467 senatorio,
1880 1443 1946 1473 quod

1175 1469 1223 1501 ipse
1242 1477 1339 1501 quoque
1358 1471 1470 1501 exponit,
1487 1477 1542 1492 cum
1555 1469 1637 1492 infert:
1655 1473 1739 1501 Qque
1749 1473 1778 1493 ad
1789 1473 1885 1496 honorem
1898 1477 1947 1497 ad:-

1175 1509 1224 1527 ms,
1241 1510 1310 1531 neque
1322 1503 1344 1523 in
1356 1504 1440 1524 curiam
1452 1501 1543 1522 reditus.
1559 1503 1610 1524 Haec
1622 1500 1729 1525 studioiis
1742 1502 1880 1527 hominibus
1890 1513 1946 1530 cum

1174 1532 1201 1555 ad
1214 1533 1410 1563 intelligentiam,
1429 1539 1454 1554 ut
1471 1533 1570 1563 opinor,
1589 1539 1638 1555 non
1652 1533 1776 1560 iniucunda
1789 1534 1832 1558 esse
1845 1536 1947 1566 possiint,

1175 1565 1234 1595 quia-
1245 1567 1404 1587 Romanarum
1414 1571 1492 1587 rerum
1507 1564 1616 1594 explicata
1629 1565 1714 1588 notitia
1721 1565 1830 1589 delestat:
1844 1574 1893 1591 tum
1903 1569 1948 1593 hoc

1174 1595 1259 1619 habent
1278 1595 1424 1621 commodi,
1447 1595 1512 1625 quod
1531 1595 1702 1619 incurrentibus
1720 1597 1744 1620 in
1764 1596 1857 1621 obscura
1877 1600 1928 1624 loca
1941 1618 1949 1629 ,

1175 1627 1250 1657 qualia
1264 1633 1369 1650 veterum
1383 1628 1408 1650 in
1421 1626 1486 1650 libris
1497 1627 1568 1649 multa
1583 1625 1667 1650 scimus
1679 1626 1723 1651 esl'e
1732 1645 1737 1653 ‚
1754 1629 1830 1652 lucem
1843 1629 1948 1661 afferunt,

1174 1658 1339 1689 efficiuntque,
1355 1665 1395 1685 ut,
1412 1658 1478 1690 quod
1490 1657 1503 1681 2³
1516 1658 1598 1681 multis
1609 1659 1657 1682 fine
1675 1659 1753 1683 labore
1769 1661 1808 1684 vix
1819 1663 1950 1695 percipere-

1175 1697 1211 1713 tur
1220 1707 1226 1717 ‚
1246 1689 1270 1713 id
1283 1690 1310 1713 ab
1323 1690 1434 1713 omnibus
1448 1690 1513 1713 facile
1526 1689 1684 1721 cognoscatur.
1692 1693 1877 1723 exerrrplicauffi,
1895 1697 1950 1720 Sue-

1176 1722 1256 1745 tonius
1269 1722 1300 1745 ait
1313 1722 1338 1745 in
1351 1721 1406 1745 Tib.
1420 1730 1456 1748 35.
1466 1730 1487 1747 3.
1511 1723 1678 1754 Exjuvensute
1689 1725 1804 1755 utriusque
1815 1727 1892 1749 ordinis
1900 1735 1950 1759 pro-

1172 1755 1318 1784 fitgatr‘ffimus
1330 1755 1433 1785 spessime,
1450 1762 1493 1785 quo
1507 1756 1607 1776 miamin
1615 1756 1755 1786 operafienae,
1773 1765 1880 1785 arensque
1887 1761 1950 1782 eden·

1176 1791 1202 1807 tia
1211 1787 1393 1815 senatusconsulxo
1409 1792 1532 1808 tenerentur
1545 1803 1551 1809 .
1562 1787 1644 1816 samofi
1653 1788 1736 1815 sudati
1747 1794 1818 1810 natam
1825 1790 1900 1817 [honre
1909 1792 1950 1820 [ἱα-

1176 1816 1256 1839 ἐιὺαιιτ.
1291 1818 1343 1839 Ηπε
1361 1815 1412 1839 satis
1430 1815 1570 1839 illustrantur
1590 1814 1602 1838 ᾗ
1620 1817 1742 1847 praedi-stis.
1761 1815 1850 1843 multos
1866 1823 1932 1845 enim

1177 1848 1234 1878 qui,
1251 1847 1317 1878 quod
1330 1847 1446 1870 senatores
1455 1854 1530 1874 etant,
1548 1854 1643 1877 operam
1657 1849 1682 1872 in
1696 1847 1774 1877 scena,
1790 1858 1827 1874 aut
1840 1853 1865 1875 in
1883 1840 1948 1878 aren}

1177 1878 1276 1908 piabere
1296 1879 1441 1905 vetabantur,
1459 1878 1598 1902 senatoriam
1617 1880 1757 1911 dignitatern
1779 1883 1886 1907 amittere
1902 1893 1950 1908 ma-

1178 1911 1242 1934 luisse
1261 1911 1384 1934 Suetonius
1397 1910 1521 1942 significat,
1538 1918 1610 1942 quam
1625 1912 1649 1935 in
1662 1911 1725 1936 scena
1739 1920 1787 1936 non
1795 1921 1874 1945 agere,
1892 1918 1948 1942 &in

1178 1949 1243 1965 arena
1262 1950 1311 1966 non
1331 1950 1444 1973 pugnare:
1461 1950 1564 1973 quorum
1578 1943 1676 1966 alterum
1689 1950 1735 1967 erat
1748 1944 1887 1971 histrionum
1897 1964 1903 1974 ,
1919 1950 1951 1973 21-

1179 1981 1255 1997 terum
1276 1973 1445 2005 gladiatorum:
1463 1974 1508 1997 hoc
1520 1974 1616 2001 servile,
1635 1976 1693 1998 illud
1707 1976 1786 2000 minus
1798 1977 1950 2009 honoratum,

1178 2013 1220 2029 nee
1237 2005 1287 2029 satis
1300 2006 1375 2030 libero
1388 2007 1503 2037 dignum,
1522 2006 1559 2029 sed
1573 2007 1650 2037 petius
1663 2007 1779 2032 libertinis
1793 2008 1932 2036 horninibus
1941 2030 1948 2040 ,

1180 2045 1251 2069 quam
1265 2038 1389 2069 ingenuis,
1407 2038 1552 2062 concessum:
1570 2045 1624 2061 cum
1641 2040 1726 2065 eriam,
1745 2039 1760 2063 si
1773 2042 1951 2074 quisingenuus

1178 2077 1275 2100 operam
1286 2070 1311 2093 in
1324 2069 1388 2093 scena
1406 2068 1546 2101 prxbuisset,
1564 2069 1605 2092 nisi
1618 2069 1634 2093 fi
1647 2072 1777 2095 Atellanam
1785 2073 1876 2105 egisset,
1894 2083 1951 2102 eum

1178 2101 1241 2124 tribu
1260 2108 1369 2127 motum,
1388 2102 1489 2124 Valerius
1506 2100 1569 2124 libro
1587 2103 1676 2130 11.4.4.
1695 2103 1806 2134 scriptum
1820 2106 1950 2138 reliquerit,

1178 2135 1239 2163 Ergo
1248 2149 1254 2159 ,
1273 2135 1308 2163 (ut
1327 2134 1354 2156 ad
1367 2133 1506 2155 Suetonium
1522 2132 1625 2161 redeam)
1639 2141 1663 2156 ut
1675 2131 1788 2158 senatorio
1801 2137 1854 2160 loco
1867 2146 1952 2164 move-

1175 2171 1268 2190 rentur,
1286 2164 1424 2188 accusatores
1436 2164 1576 2188 inducebant
1587 2180 1594 2191 ,
1612 2163 1624 2187 ὲ
1637 2165 1723 2197 quibus
1735 2167 1814 2198 aliquo
1828 2171 1889 2201 tui-pi
1905 2173 1952 2197 cxi-

1176 2197 1242 2219 mine
1262 2196 1286 2219 in
1301 2196 1415 2224 judicium
1428 2196 1517 2223 vocati,
1535 2197 1642 2220 volentes
1655 2197 1831 2223 damnarentur:
1849 2208 1873 2224 ut
1889 2202 1951 2228 solu-

1176 2229 1193 2251 ti
1210 2227 1271 2259 quasi
1289 2229 1385 2252 vinculo
1398 2228 1527 2255 senatorio,
1545 2235 1637 2259 agerent
1650 2230 1675 2253 iii
1687 2228 1764 2257 scena,
1781 2238 1911 2262 pugnarent
1922 2237 1950 2260 in

1176 2267 1249 2284 arena.
1266 2259 1312 2283 hoc
1329 2267 1405 2284 aurem
1418 2278 1424 2288 ,
1443 2260 1509 2291 quod
1529 2259 1558 2283 de
1576 2259 1710 2285 senatorum
1728 2262 1878 2289 damnatione
1891 2268 1951 2292 dici-

1178 2299 1232 2316 mus
1244 2309 1251 2319 ,
1274 2293 1345 2316 etiam
1371 2291 1399 2315 ad
1425 2293 1515 2323 equites
1539 2292 1674 2324 pertinuisse
1685 2310 1692 2320 ,
1716 2294 1817 2318 indicare
1839 2297 1951 2323 videntur

1177 2323 1226 2347 duo
1243 2324 1282 2347 illa
1299 2324 1405 2349 Suetonii
1423 2324 1491 2348 verba
1509 2340 1517 2351 ,
1540 2325 1654 2356 utriufiyue
1676 2326 1772 2349 animis:
1801 2328 1899 2358 quibus,
1922 2331 1948 2354 &

1175 2355 1307 2381 senatorem
1330 2355 1448 2380 senatorio
1470 2357 1526 2380 loco
1539 2371 1547 2384 ,
1576 2356 1601 2380 δε
1622 2357 1730 2388 equitem
1751 2358 1852 2389 equestri
1873 2361 1947 2393 gradu

1905 2393 1946 2417 de-
