2075 2734
331 129 397 165 34⁶¹
621 115 1613 148 AuwxouzviruiiRoriauinum‘trnstf.

330 175 432 214 ingenti
452 169 601 210 speetaculo
615 190 623 202 ,
649 168 830 205 ludorumque
848 172 974 204 apparatu
987 187 995 198 ,
1021 167 1166 202 imperium
1180 166 1280 203 populo
1295 165 1426 203 refignare
1439 177 1444 195 z
1471 167 1544 204 quod
1558 174 1650 195 tamen
1663 166 1736 197 illico
1748 188 1756 201 ‚
1783 169 1856 208 quasi
1872 180 1918 199 ro-

330 222 437 253 garetur
451 232 459 243 ‚
480 210 588 245 recepit.
631 209 719 244 Atque
732 206 794 234 hinc
807 212 901 234 ortum
915 204 952 232 est
963 225 971 237 ‚
996 211 1025 233 ut
1038 205 1197 241 posteriores
1213 206 1293 233 etiam
1308 206 1487 242 Imperatores
1500 226 1508 237 ,
1535 206 1641 243 quoties
1654 206 1793 235 decimum
1809 209 1919 245 imperii

330 260 431 281 annum
452 247 611 285 attigissent,
624 244 718 283 festum
739 244 917 276 celebrarent,
938 245 965 271 ὃ(
984 242 1054 270 ludos
1068 252 1132 271 cum
1145 244 1268 271 maximo
1285 252 1410 280 apparatu
1425 244 1543 272 ederent.
1585 244 1634 271 Dio
1647 243 1693 272 lib.
1706 254 1751 282 53.
1783 247 1919 283 Augusto,

332 299 395 319 cum
416 288 537 325 primum
556 285 717 313 decennium
734 282 852 311 exivisset
865 303 874 314 ,
901 281 972 309 aliud
986 281 1199 319 quinquennium
1213 302 1221 314 ,
1248 291 1327 319 atque
1341 292 1374 310 eo
1388 282 1553 311 circummito
1569 281 1674 310 rursum
1687 282 1757 310 aliud
1772 284 1921 321 quinquen.

331 329 409 356 nium
424 326 481 363 post
492 323 649 353 decennium
662 341 670 353 ,
690 330 721 348 ac
735 331 768 348 eo
783 320 874 353 finito,
894 320 964 348 aliud
983 320 1081 348 iterum
1102 322 1243 349 decretum
1263 321 1314 353 est,
1334 322 1382 353 ita,
1402 328 1432 348 ut
1452 321 1611 349 continuatis
1624 320 1759 348 decenniis
1771 330 1818 358 per
1830 329 1919 350 totam

334 367 420 394 vitam
435 364 572 392 summam
589 361 696 397 imperii
711 359 865 387 obtinuerit.
900 360 992 396 Qiam
1007 358 1043 386 ob
1057 358 1159 387 causam
1176 360 1334 396 posteriores
1349 368 1457 397 quoque
1471 360 1667 395 Imperatores,
1686 358 1732 386 etfi
1747 368 1803 386 non
1817 360 1850 387 ad
1864 369 1921 388 cer-

334 412 394 432 tum
416 409 522 437 tempus
537 421 545 431 ‚
572 399 615 427 sed
637 407 684 435 per
706 407 791 426 omne
812 398 872 425 vitae
887 396 1001 433 spatium
1016 398 1046 425 iis
1061 398 1207 434 imperium
1222 397 1356 426 deferatur
1369 408 1374 425 :
1401 406 1492 425 tamen
1498 396 1606 436 singulis
1623 396 1746 425 decenniis
1760 396 1855 425 festum
1869 406 1920 433 pro

334 442 390 477 ejus
409 439 585 467 renovatione
607 443 689 474 agunt
702 457 709 468 ‚
738 436 810 474 quod
831 435 911 463 hodie
929 436 1010 463 etiam
1030 435 1069 463 fit.
1101 439 1165 465 Haec
1186 435 1245 463 Dio.
1275 438 1315 463 lta
1329 434 1445 470 Euftbius
1461 435 1552 465 scribit
1566 438 1594 464 in
1606 435 1714 464 historia
1730 435 1921 468 Ecclefiastica,

333 478 540 506 Constantinum
561 478 693 513 Magnum
712 473 855 501 decennalia
875 473 1022 502 celebr-asse.
1063 475 1097 502 Et
1117 473 1254 501 Trebellius
1275 473 1354 501 Pollio
1374 475 1407 502 de
1427 474 1551 503 Gallieno
1570 476 1751 511 Imperatore:
1772 473 1924 502 Interfedtis

335 516 395 544 {ane
415 514 547 543 militibus
566 514 636 551 apud
656 513 816 550 Byzantium
830 532 838 543 ,
864 512 992 539 Gallienus
1009 512 1079 549 quasi
1100 521 1232 549 magnum
1252 511 1351 549 aliquid
1369 513 1492 550 geffiss‘et,
1512 515 1634 541 Romam
1653 512 1728 541 cursu
1746 512 1840 548 rapido
1859 521 1924 540 con-

333 554 433 583 volavit
449 565 455 581 :
481 552 687 589 convocatisque
705 551 822 588 patribus
836 571 844 582 ,
869 549 988 577 decennia
1009 550 1153 578 celebravit
1173 560 1247 578 novo
1265 559 1364 587 genere
1382 550 1508 579 ludorum
1521 571 1528 583 ‚
1547 560 1619 579 nova
1637 550 1722 588 specie
1742 559 1923 587 pomparum,

334 592 465 631 exquifito
479 600 579 629 genere
593 589 770 626 voluptatum.
810 591 873 627 Jam
886 588 1005 624 primum
1020 589 1091 616 inter
1106 595 1211 626 togatos
1227 596 1315 624 patres
1328 609 1335 620 ,
1355 589 1382 616 &
1397 589 1544 625 equestrem
1559 590 1699 621 ordinem,
1719 588 1815 616 albatos
1827 587 1925 616 milites

336 634 363 660 ὃ(
376 631 453 659 omui
467 629 567 667 populo
581 635 715 665 praeeunte
726 647 734 657 ‚
758 626 838 654 servis
853 627 933 654 etiam
949 635 1034 663 prope
1049 627 1174 654 omnium
1188 647 1196 658 ,
1223 629 1249 655 &
1263 626 1420 654 mulieribus
1434 636 1496 654 cum
1511 628 1594 655 cereis
1609 626 1709 655 facibus
1721 647 1729 659 ,
1757 629 1783 655 &
1797 626 1927 663 lampadi-

334 669 382 697 bus
400 667 608 706 praecedentibus
627 665 781 700 Capaolium
800 665 887 702 petiit.
927 664 1109 692 Process'erunt
1129 665 1211 692 etiam
1232 664 1384 692 altrinsecus
1405 665 1510 692 centeni
1527 664 1579 693 albi
1592 664 1673 693 boves
1687 685 1694 697 ,
1720 664 1845 692 cornibus
1859 674 1926 692 auro

333 708 433 746 jugatis
445 728 454 739 ‚
480 709 507 735 ὃ(
528 704 690 734 dorsualibus
710 703 799 732 sericis
814 702 988 731 discoloribus
1002 701 1197 740 praefulgentes.
1237 706 1317 740 Agna
1333 702 1467 730 candentes
1480 702 1511 730 ab
1526 710 1638 740 utraque
1651 709 1725 740 parte
1740 712 1778 730 cc.
1792 703 1927 739 prceceffit-

335 754 397 774 runt
410 766 418 777 ,
440 747 467 774 ὃς
486 754 511 772 x.
531 742 684 779 elephanti,
704 742 750 779 qui
769 749 832 779 tunc
854 749 928 769 erant
950 743 1046 768 Romae
1063 761 1070 772 ‚
1102 741 1176 769 mille
1195 751 1235 769 cc.
1256 742 1414 778 gladiatores
1434 740 1597 778 pompaliter
1616 747 1703 768 ornati
1717 761 1725 772 ‚
1750 750 1806 767 cum
1825 739 1927 768 auratis

334 784 440 821 vestibus
459 788 645 810 matronarum
659 801 667 812 ‚
695 779 838 808 mansuetae
859 779 920 807 ferae
938 779 1031 807 diverfi
1051 780 1156 815 generis
1172 789 1211 807 cc.
1229 788 1325 808 ornatu
1338 789 1420 817 quam
1436 781 1559 808 maximo
1572 778 1680 807 affectae.
1721 780 1848 812 Carpenta
1861 788 1926 806 cum

335 823 431 850 mimis
444 842 451 854 ,
478 823 505 849 ὅς
520 820 597 848 omni
612 828 709 856 genere
723 818 881 846 histrionum
895 828 900 844 :
928 817 1030 854 pugiles
1044 818 1151 845 sacculis
1163 838 1171 849 ,
1198 827 1257 855 non
1267 819 1380 846 veritate
1394 817 1551 855 pugilantes.
1583 817 1699 854 Cyclopea
1713 817 1794 844 etiam
1810 815 1926 846 luserunt

336 869 432 888 omnes
445 856 572 893 apevzarii,
592 858 629 885 ita
643 865 673 885 ut
688 857 808 884 miranda
822 856 943 893 quaedam
953 877 959 887 ,
981 858 1007 884 δε
1021 857 1147 891 stupenda
1161 857 1330 883 monstraret.
1356 859 1462 883 Omnes
1475 857 1524 884 viae
1537 856 1618 886 ludis,
1640 856 1800 892 strepituque
1813 857 1840 883 &
1853 855 1927 892 plau-

334 899 402 927 sibus
421 896 604 933 personabant.
633 894 690 931 Ipse
712 895 815 922 medius
836 903 898 922 cum
919 894 989 930 pieta
1008 902 1087 931 toga,
1107 896 1134 922 ὃ(
1155 895 1244 921 tunica
1262 894 1379 931 palmata
1397 895 1467 922 inter
1481 902 1582 930 patres,
1602 901 1632 922 ut
1647 894 1779 925 diximus,
1800 893 1929 922 omnibus

328 933 499 973 *sacerdotibus
517 933 696 969 pretextatis,
722 932 886 970 Capitolium
915 932 1000 968 petiit.
1042 932 1128 960 Hastae
1151 939 1247 960 auratae
1266 931 1416 960 altrinsecus
1437 933 1576 970 quingena:
1592 954 1599 964 ‚
1626 932 1720 960 vexilla
1739 939 1871 963 centena,
1898 934 1926 960 δε

333 982 430 1013 praeter
439 983 482 1005 ea,
502 981 560 1010 quae
573 971 751 1009 collegiorum
771 978 864 1001 erant,
884 970 1012 997 dracones
1032 971 1059 997 ὃς
1078 970 1351 1009 signa—templorum,
1371 972 1552 1008 omniumque
1571 971 1708 1008 legionum
1724 970 1807 997 ibant.
1849 969 1927 997 Ibant

391 1020 463 1041 terea
480 1018 572 1048 gentes
593 1009 734 1039 simulatae.
753 1017 783 1036 ut
804 1007 894 1049 Gothi,
911 1012 1049 1039 Sarmata,
1069 1011 1176 1039 Franci,
1195 1009 1288 1042 Perſse:
1307 1008 1344 1036 ita
1360 1016 1391 1036 ut
1411 1018 1468 1036 non
1487 1010 1575 1036 minus
1595 1018 1677 1046 quam
1698 1008 1808 1037 ducenti
1820 1007 1929 1046 fingulis

332 1051 422 1090 globis
437 1051 606 1079 ducerentur.
631 1051 695 1076 Haec
710 1045 855 1073 Trebellius.

376 1088 531 1119 vicennalia,
555 1086 608 1114 five
626 1084 762 1112 vicennales
783 1083 838 1110 ludi
850 1088 940 1114 erant,
960 1083 1006 1120 qui
1020 1092 1064 1110 xx.
1078 1091 1185 1120 quoque
1199 1083 1307 1121 imperii
1320 1093 1391 1113 anno
1405 1084 1608 1116 exhibebantur,
1629 1093 1745 1122 quorum
1759 1084 1842 1112 etiarn
1855 1083 1930 1119 Euse-

335 1127 389 1156 bius
405 1128 448 1155 lib.
466 1137 490 1164 3.
507 1127 541 1153 de
555 1125 609 1152 vita
624 1122 791 1151 Constantini
805 1122 912 1159 Magni,
933 1123 959 1149 δε
975 1121 1018 1148 alii
1035 1122 1228 1150 meminerunt.

377 1168 474 1194 Praeter
487 1173 532 1191 eos
547 1183 555 1194 ‚
582 1162 616 1189 de
631 1161 724 1201 quibus
738 1159 864 1187 haetenus
877 1160 995 1187 diximus
1009 1179 1016 1191 ‚
1045 1161 1126 1188 etiam
1140 1160 1196 1187 ludi
1209 1161 1374 1196 triumphales
1387 1160 1495 1189 fuerunt
1506 1181 1515 1193 ,
1542 1160 1589 1197 qui
1602 1160 1661 1197 post
1676 1160 1790 1197 insignes
1802 1159 1927 1187 victorias

336 1203 543 1233 celebrabantur.
564 1199 693 1240 Natalmt
707 1200 753 1234 qui
767 1199 794 1226 in
811 1197 938 1226 natalibus
953 1206 1116 1234 magnorum
1129 1199 1250 1227 virorum
1265 1199 1428 1231 edebantur,
1447 1207 1477 1227 ut
1491 1208 1515 1226 a.
1528 1199 1555 1226 d.
1573 1209 1612 1226 1v.
1625 1199 1688 1225 Idus
1701 1199 1798 1236 Julias,
1818 1198 1851 1224 C.
1863 1196 1929 1235 Julii

338 1242 444 1270 Caesaxis
464 1237 578 1267 natalitii
597 1237 652 1264 lud!
671 1243 754 1264 erant.
783 1238 815 1264 A.
833 1236 859 1263 d.
887 1245 926 1263 ix.
942 1236 1054 1264 Kalend.
1074 1237 1190 1275 Januarii
1211 1239 1268 1266 Titi
1290 1237 1406 1265 Caeiaris.
1426 1246 1465 1264 ιν.
1487 1235 1619 1264 Kalendas
1639 1236 1798 1263 Decembris
1819 1235 1928 1262 Nervae.

336 1283 370 1309 A.
389 1281 414 1308 d.
439 1290 478 1307 iv.
501 1276 613 1305 Kalend.
635 1274 774 1303 Novemb.
793 1274 1065 1314 HadrianiuKalend.
1087 1275 1221 1311 Aprilibus
1242 1276 1380 1303 Antonini.
1399 1277 1433 1303 A.
1452 1275 1478 1303 d.
1496 1285 1554 1302 111.
1575 1274 1638 1302 Idus
1659 1274 1756 1309 Aprilis
1776 1272 1839 1300 AElii
1853 1272 1929 1300 Veri.

337 1321 369 1347 A.
385 1319 412 1346 d.
425 1327 475 1345 xvi
486 1327 493 1343 1
504 1326 525 1343 1.
544 1314 658 1343 Kalend.
668 1313 827 1341 Decembris
840 1312 998 1346 Septtmmni.
1019 1315 1051 1340 A.
1065 1313 1090 1340 d.
1104 1323 1135 1341 xi
1146 1324 1154 1340 1
1165 1325 1185 1341 1.
1204 1313 1316 1342 Kalend.
1330 1313 1449 1352 Januarii
1460 1311 1595 1340 Gordiani.
1613 1313 1646 1339 A.
1661 1312 1688 1339 d.
1705 1321 1746 1339 iv.
1757 1310 1870 1338 Kalend.
1879 1312 1930 1338 Fe-

336 1357 434 1385 bruai-ii
456 1352 614 1389 Constantini
633 1350 740 1389 Magni,
759 1354 786 1380 ὃς
805 1351 939 1389 junioris,
959 1351 992 1378 de
1013 1350 1106 1388 quibus
1125 1350 1203 1379 AElius
1220 1351 1387 1386 Spartianus,
1407 1350 1584 1385 Lampridius,
1603 1348 1758 1385 Capitolinus
1779 1351 1806 1378 δε
1825 1348 1868 1376 alii
1885 1348 1929 1376 sae·

336 1405 371 1433 pe
386 1395 420 1423 fic
434 1393 588 1429 loquuntur.

376 1431 510 1467 Juvenal&
524 1430 577 1456 ludi
592 1428 700 1456 fuerunt
713 1426 727 1454 a
742 1427 854 1454 Nerone
867 1427 988 1462 primum
1005 1426 1115 1455 instituti
1130 1437 1191 1454 cum
1205 1427 1315 1454 barbam
1330 1427 1486 1464 deponeret.
1517 1427 1555 1455 Hi
1566 1437 1630 1455 cum
1642 1427 1740 1464 privati
1752 1427 1874 1463 primum
1889 1422 1929 1452 es-

338 1472 410 1502 sent,
433 1479 498 1496 mox
520 1468 613 1504 paffim
629 1468 655 1493 in
670 1475 715 1493 eos
730 1465 790 1492 data
804 1465 914 1492 nomina
928 1463 940 1491 a
954 1465 1080 1500 pluribus.
1122 1466 1187 1492 Non
1202 1465 1324 1493 nobilitas
1338 1467 1461 1502 cuiquam
1471 1485 1478 1497 ,
1498 1475 1554 1493 non
1569 1473 1643 1498 aetas,
1664 1465 1733 1493 haud
1748 1465 1800 1493 aeti
1812 1464 1927 1492 honores

338 1509 537 1546 impedimento
558 1505 632 1532 fuere
646 1525 653 1535 ‚
674 1504 738 1540 quin
756 1502 889 1530 histrionis
909 1509 994 1529 artem
1016 1510 1171 1531 exercerent
1185 1522 1191 1534 ‚
1213 1508 1294 1540 ulque
1313 1504 1345 1531 ad
1364 1504 1450 1541 gestus
1464 1523 1470 1534 ‚
1492 1503 1640 1540 modoique
1657 1503 1727 1530 haud
1747 1502 1849 1530 viriles:
1869 1502 1928 1539 qui-

337 1547 387 1575 bus
404 1546 496 1572 AElmm
511 1542 632 1569 Catulum
648 1541 792 1569 foeminam
808 1540 1012 1572 nobiliffimam,
1033 1547 1113 1577 atque
1127 1541 1298 1573 ditissimam,
1320 1550 1410 1570 natam
1425 1551 1507 1569 annos
1520 1551 1580 1569 xxc.
1593 1541 1706 1572 saltasse,
1727 1550 1759 1568 ex
1773 1539 1856 1567 Dione
1865 1540 1928 1567 scri-

337 1585 378 1613 bit
394 1582 542 1618 Xzsahilmm.
582 1580 655 1607 Diffi
672 1581 754 1617 igitur
768 1577 911 1614 Juvenal&-
924 1599 931 1611 ,
952 1579 1025 1615 quod
1039 1579 1066 1605 in
1082 1581 1117 1606 eis
1132 1578 1213 1606 veluti
1226 1579 1457 1616 rejuvenescerent
1470 1590 1476 1606 z
1498 1586 1527 1606 ut
1539 1578 1553 1606 ἐι
1566 1579 1659 1616 quibus
1674 1578 1819 1614 auspicatus
1832 1579 1927 1608 Nero,

338 1624 450 1651 tandem
464 1621 545 1648 etiam
561 1619 588 1646 in
601 1618 707 1646 theatro
720 1626 826 1645 caneret
839 1627 844 1643 z
864 1626 912 1653 per
926 1617 1024 1644 domos
1037 1619 1111 1644 enim
1125 1624 1246 1649 tantum,
1268 1626 1347 1654 atque
1360 1618 1453 1646 hortos
1468 1616 1613 1653 Juvenales
1626 1616 1780 1653 agebantur.
1822 1619 1928 1642 Tacitus

338 1661 383 1688 lib,
401 1671 440 1696 ¹5·
456 1663 526 1685 Suet.
540 1661 567 1685 in
582 1657 707 1687 Nerone,
729 1664 786 1690 cap.
803 1666 812 1682 1
823 1666 845 1683 1.
859 1658 885 1683 δί
901 1664 944 1682 22.
964 1657 1053 1692 Atque
1068 1655 1118 1683 hoc
1130 1656 1182 1686 cst,
1203 1656 1275 1691 quod
1290 1657 1425 1694 eleganter
1441 1654 1531 1684 scribit
1545 1654 1642 1682 Plinius
1654 1655 1700 1682 lib.
1713 1665 1754 1690 37.
1769 1662 1860 1690 cap.2.
1879 1661 1929 1689 pe-

341 1699 428 1727 culiari
443 1696 549 1725 theatro
565 1696 706 1722 Neronem
721 1695 749 1721 in
763 1692 847 1722 hortis
858 1693 978 1730 primum
994 1693 1106 1721 cantafle
1118 1714 1127 1725 ,
1148 1696 1174 1722 &c
1190 1696 1336 1729 Pompeiano
1350 1694 1496 1731 praelufiffe.
1535 1693 1607 1721 Vide
1619 1692 1750 1725 Luvinum
1765 1696 1926 1719 Torrentmm

339 1736 552 1764 Commentariis
564 1734 591 1761 in
607 1733 774 1760 Suetonium.

380 1776 495 1802 Fuci-unt
516 1776 543 1801 ἃ
560 1772 603 1799 alii
623 1771 677 1798 Judi
689 1769 855 1805 juventutis,
883 1779 948 1806 quos
973 1767 1101 1796 Salinator
1126 1770 1232 1797 Senenfi
1251 1770 1343 1806 praelio
1361 1771 1439 1799 vovit
1452 1791 1459 1802 ,
1487 1768 1594 1797 fortasse
1611 1777 1662 1805 pro
1674 1767 1759 1802 fiilute
1770 1765 1925 1801 juventutis.

340 1814 381 1840 De
389 1813 483 1849 quibus
499 1810 584 1837 Cicero
597 1811 625 1838 in
641 1810 734 1836 Bruto.
747 1809 779 1835 C.
795 1809 936 1840 Cornelio,
959 1808 1127 1844 QMinutio
1143 1807 1313 1841 Consulibus,
1332 1807 1398 1836 ludis
1402 1807 1563 1843 juventutis,
1583 1816 1650 1845 quos
1663 1807 1792 1834 Salinator
1806 1804 1925 1832 Senensis

337 1859 449 1879 voverat
457 1871 463 1881 ‚
482 1848 571 1876 Livius
583 1848 676 1876 docuit
687 1846 813 1875 fabulam.

379 1888 482 1923 Miscells
502 1887 572 1915 ludi,
593 1895 709 1923 quorum
729 1885 797 1921 apud
812 1883 960 1911 Suetonium
977 1884 1082 1911 mentio
1096 1890 1183 1915 extat,
1203 1885 1249 1921 qui
1262 1883 1374 1916 fuerint,
1394 1882 1506 1910 dubium
1522 1883 1605 1911 videri
1618 1882 1691 1911 solet.
1733 1880 1847 1908 Laevinus
1861 1882 1925 1906 Tor-

341 1926 436 1954 remim
451 1925 662 1953 Commentariis
675 1925 702 1951 in
717 1923 837 1950 Suetonii
851 1922 1000 1960 Caligulam
1016 1942 1023 1953 ‚
1049 1931 1106 1959 cap.
1121 1932 1165 1949 20.
1180 1922 1235 1949 haec
1248 1922 1337 1950 scribit
1351 1933 1357 1949 :
1383 1925 1462 1949 Varro
1474 1921 1520 1949 lib.
1535 1931 1559 1958 3.
1573 1922 1607 1949 de
1620 1931 1649 1948 re
1668 1921 1774 1947 Rustica
1789 1917 1925 1947 columba-

344 1975 404 1992 rum
425 1966 561 2002 quoddam
582 1972 665 2000 genus
685 1962 820 1996 miscellam
833 1968 911 1988 vocat
926 1981 933 1992 ‚
961 1970 1018 1997 qil-:e
1031 1969 1117 1997 neque
1130 1961 1242 1997 agrestes
1257 1981 1265 1993 ‚
1290 1970 1376 1997 neque
1389 1960 1540 1988 domesticae
1553 1959 1612 1987 sint.
1650 1961 1739 1996 Atque
1752 1958 1825 1985 idem
1839 1955 1884 1983 lib.
1901 1965 1925 1983 1.

343 2012 399 2038 cap.
414 2014 458 2039 54.
473 2001 706 2039 quemadmodum
724 2002 750 2028 ἃ
765 2004 829 2026 Cato
842 1999 876 2026 de
890 2009 918 2026 re
934 1998 1040 2025 Rustica
1051 2019 1058 2030 ,
1084 1999 1169 2036 capite
1183 2001 1207 2026 6.
1220 1999 1336 2033 mistellas
1351 1998 1463 2035 appellat
1477 1998 1544 2026 vites
1556 2018 1563 2029 ,
1584 2007 1641 2035 quae
1655 1998 1733 2024 omni
1747 2005 1813 2033 agro
1827 2002 1924 2021 conve-

343 2042 428 2068 niunt.
469 2043 558 2077 Quare
578 2039 692 2073 mifiellos
710 2047 816 2075 quoque
835 2036 906 2063 ludos
922 2036 1012 2064 vocari
1033 2037 1156 2064 existimo
1169 2057 1175 2067 ,
1203 2038 1248 2074 qui
1268 2038 1301 2065 ad
1320 2038 1423 2065 nullum
1445 2042 1550 2063 certum
1568 2044 1651 2073 genus
1666 2035 1792 2063 ludorum
1805 2032 1924 2060 scenico·

344 2088 404 2105 rum
418 2099 424 2108 ,
447 2078 497 2105 sive
511 2084 702 2115 argumentum
712 2097 719 2107 ,
741 2076 794 2103 sive
808 2075 890 2103 scenae
903 2076 928 2102 in
934 2076 1076 2102 strumenta
1087 2095 1094 2106 ‚
1115 2077 1141 2102 ἃ
1154 2082 1311 2110 apparatum
1324 2075 1437 2111 spe&es,
1457 2073 1551 2101 referri
1565 2074 1672 2110 poffint.
1703 2072 1859 2109 Wolsgtmgus
1872 2075 1924 2097 La-

344 2115 402 2142 ems
416 2115 461 2143 lib.
477 2126 483 2142 ι
496 2126 515 2141 1.
546 2114 816 2143 Commentariorum
831 2113 992 2149 Reipublicae
1007 2115 1152 2143 Romame,
1172 2114 1258 2148 capite
1275 2123 1313 2149 15-
1326 2113 1416 2142 scribit
1428 2122 1435 2138 :
1446 2110 1614 2145 Mistellaneos
1627 2113 1696 2139 ludos
1709 2111 1785 2139 fuine
1798 2119 1831 2136 ex
1847 2107 1923 2136 variis

345 2152 605 2189 multiformibusque
621 2153 726 2181 ludicris
740 2153 914 2179 commixtos
946 2152 997 2179 Sed
1012 2151 1066 2178 hacc
1079 2152 1113 2178 de
1125 2150 1164 2178 his
1177 2160 1283 2188 quoque
1296 2150 1433 2179 fiifficiant.
1464 2152 1528 2187 Jam
1538 2171 1544 2182 ‚
1563 2158 1706 2188 antequam
1721 2146 1919 2184 desanebribus.

346 2193 373 2218 ἃ
392 2190 496 2227 reliquis
514 2191 577 2217 ludis
592 2211 599 2221 ,
626 2192 670 2227 qui
689 2190 886 2218 exercitationis
904 2190 988 2226 gratia
1009 2189 1104 2217 tiebant
1116 2208 1124 2217 .
1147 2189 1225 2216 verba
1245 2189 1370 2217 faciamus
1384 2210 1393 2222 ,
1409 2197 1497 2223 pompa
1514 2189 1631 2216 ludorum
1650 2190 1756 2217 videtur
1774 2186 1850 2214 nobis
1869 2182 1921 2210 effe

345 2228 504 2266 explicanda.
538 2231 600 2255 Haec
614 2230 686 2255 enim
701 2229 869 2265 potiffimum
881 2230 913 2255 ad
928 2237 973 2255 eos
985 2227 1076 2259 ludos,
1096 2228 1129 2254 de
1142 2226 1236 2264 quibus
1248 2227 1373 2256 haetenus
1385 2227 1515 2260 diximus,
1535 2227 1694 2265 pertinebat.
1725 2225 1861 2254 Faciemus
1876 2230 1922 2254 auf

343 2274 403 2294 tent
416 2266 468 2294 hoc
482 2266 567 2301 capite
581 2266 714 2303 sequenti,
732 2267 812 2304 idque
826 2266 911 2295 verbis
926 2264 1033 2305 Diorgifii
1048 2264 1242 2302 Halicarmuffi’i.

1817 2411 1923 2451 Cirr>i
