2075 2734
291 84 411 113 Lenes
433 88 627 111 nunonem
645 75 833 109 TAnuinn2
852 84 926 108 cum
944 85 1048 106 naevi
1069 85 1256 106 cernitur.
1296 77 1379 108 cip:
1399 80 1430 109 6.’
1604 86 1660 124 559

129 177 150 212 Ῑ
155 173 197 210 X.
220 171 263 206 Ut
278 172 333 218 qui
346 170 552 206 ades-alienas
565 178 765 213 acervumque
780 165 936 211 frumenti
950 166 1052 209 juxta
1069 164 1142 199 aedes
1163 166 1292 214 pofitum
1307 191 1316 206 ,
1342 164 1411 200 dolo
1434 169 1515 202 malo
1535 181 1615 204 cem-

223 219 369 268 buffisset:
395 218 532 259 vineias,
557 215 733 250 verberatus
746 217 815 262 igne
829 223 1007 248 necaretur:
1034 223 1067 248 at
1080 215 1104 258 [ἱ
1117 216 1183 260 casu
1201 215 1234 248 id
1248 216 1376 260 fecisset,
1402 229 1517 251 noxam

498 266 647 311 finiret,
670 266 841 313 praetorisve
863 261 1015 297 arbitratu
1035 263 1240 312 castigaretur.

82 359 85 363 ·
120 349 208 386 nujus
221 355 293 378 extat
307 346 489 376 testimonium
503 346 572 382 apud
587 347 678 381 Cajum
693 345 720 372 in
733 344 751 372 l.
765 354 791 380 9.
808 345 851 381 qui
869 343 944 372 aedes.
960 342 986 370 ff.
1002 343 1036 371 de
1051 344 1155 371 incend.
1169 344 1237 371 ruin.
1251 352 1330 380 quam
1346 355 1377 373 ex
1387 345 1446 382 Caji
1460 345 1527 375 libro
1544 346 1666 387 ad'leges

83 394 147 416 xil.
161 386 271 414 tabular.
291 393 384 423 quarto
401 383 559 420 descriptam
582 383 634 411 effe
648 404 656 415 ,
683 382 821 418 inscriptio
840 382 964 409 declarat.
1004 383 1035 409 In
1051 390 1131 418 quam
1147 380 1303 409 sententiam
1320 383 1384 411 illud
1405 385 1441 411 est
1459 385 1614 421 claustram,
1637 388 1664 416 in

82 425 100 453 l.
116 427 159 454 28.
171 425 331 462 capitalium.
345 424 370 459 §.
387 432 428 450 12.
450 421 478 449 ff.
492 423 526 450 de
540 423 636 458 poenis.
676 418 842 449 incendiarios
861 420 945 456 capite
959 420 1046 455 puniri
1062 440 1070 451 ,
1090 421 1136 460 qui
1148 419 1183 446 ob
1198 420 1366 448 inimicitiam
1384 441 1390 451 ‚
1412 423 1453 450 vel
1466 425 1560 459 praedae
1574 425 1664 457 cauli.

83 463 152 491 intra
166 464 295 500 oppidum
310 461 497 488 incenderunt:
520 463 546 489 &
562 461 721 497 plerumque
734 460 810 487 vix-os
825 459 911 486 exuri:
933 458 978 494 qui
993 467 1058 484 vero
1073 461 1157 484 calam
1173 465 1217 485 aut
1234 458 1322 485 villam
1332 480 1339 490 ,
1360 460 1495 497 aliquanto
1509 461 1602 491 lenius.
1628 466 1665 492 At

81 500 194 529 fortuita
211 500 348 529 incendia,
368 498 386 525 fi
407 507 469 525 cum
490 499 568 526 vitari
588 499 707 535 poss'ent,
727 507 776 534 per
794 496 987 534 negligentiam
1010 504 1104 522 eorum
1120 516 1128 527 ,
1149 495 1217 530 apud
1238 504 1303 531 quos
1323 506 1381 525 orta
1400 498 1477 530 sunt,
1505 501 1607 528 damno
1627 503 1666 531 vi-

83 540 151 566 cinis
170 539 275 566 fuerunt
288 558 296 569 ,
323 536 436 564 civiliter
455 538 572 564 exerceri
589 548 594 564 ;
621 544 650 564 ut
670 537 715 573 qui
739 536 841 573 jacium
866 534 975 562 affectus
995 533 1032 561 est
1046 554 1053 565 ‚
1083 534 1215 560 damnum
1235 542 1383 575 recuperet.
1423 536 1552 566 Similiter
1573 540 1669 567 Paulas

81 576 126 604 lib.
140 587 167 612 5.
187 577 383 604 Sententiarum
400 595 407 605 ,
428 583 484 610 cap.
499 584 527 610 4.
546 574 697 602 Incendiarii
710 596 717 607 ‚
738 575 846 611 inquit,
868 573 913 610 qui
932 570 1053 600 consulto
1073 571 1228 599 incendium
1247 570 1365 613 1nferunt
1379 594 1386 604 ,
1409 573 1517 603 summo
1536 576 1666 613 supplicio

80 614 240 642 afficiuntur.
282 614 365 651 Qod
383 612 403 640 fi
421 621 469 650 per
487 613 619 642 incuriam
641 622 737 641 eorum
757 612 827 650 ignis
846 610 956 639 evaserit
972 630 980 642 ,
1006 609 1104 646 duplici
1124 609 1288 647 compendio
1309 610 1439 640 damnum
1460 613 1596 649 ejusmodi
1614 615 1666 654 sar:

77 651 126 687 ciri
143 651 251 688 placuit.

630 723 676 763 X.
702 722 771 770 Qi
791 722 900 770 fruges
923 719 1109 767 excantaffie.

119 803 200 832 Extat
212 802 289 840 hujus
305 803 371 842 legis
384 803 495 841 &apud
508 806 625 830 Senecam
641 801 687 830 lib.
702 811 729 837 4.
750 801 911 829 naturalium
926 801 1099 838 quaestionum
1114 821 1120 830 ,
1141 801 1166 829 8:
1182 801 1251 838 apud
1266 800 1381 830 Plinium
1393 802 1440 831 lib.
1459 805 1503 833 28.
1518 813 1576 841 cap.
1591 817 1617 835 2.
1635 807 1664 835 &t

79 841 150 869 alibi.
190 844 294 870 Senecae
311 842 391 871 verba
411 842 470 870 sunt
488 841 564 869 haec:
583 841 668 875 Apud
685 850 741 872 nos,
762 840 848 877 inquit
861 861 868 871 ‚
888 840 916 867 in
935 850 999 867 x11.
1017 838 1110 866 tabulis
1129 848 1250 870 cavetur,
1272 850 1304 866 ne
1321 840 1378 878 quis
1396 841 1488 868 alienos
1500 842 1602 878 srullus
1620 854 1666 871 ex=

76 879 203 916 cantassit.
224 880 308 907 Rudis
326 880 412 908 adhuc
430 879 572 916 antiquitas
591 878 728 909 credebat,
749 880 775 906 &
795 877 892 907 attrahi
912 877 1012 905 imbres
1034 877 1168 909 cantibus,
1190 880 1216 906 ὃς
1236 877 1344 915 repelli:
1369 888 1484 916 quorum
1504 880 1570 908 nihil
1590 882 1663 917 posse

78 917 138 944 fieri
151 938 159 949 ‚
184 923 240 944 tam
260 918 346 953 palam
367 919 416 949 est,
438 926 468 946 ut
486 917 564 952 hujus
582 918 621 945 rei
636 915 710 945 causa
729 915 825 945 nullius
846 915 997 952 Philosophi
1017 914 1104 943 schola
1125 916 1247 943 intranda
1266 916 1305 943 fit.
1339 919 1403 945 Haec
1420 922 1522 947 Seneca.
1555 920 1606 946 Cui
1626 926 1663 947 ta-

80 963 146 983 men
166 955 324 984 contradicit
344 955 412 984 I’lr'n.
432 956 476 984 lib.
491 957 536 984 28.
549 964 606 992 cap.
621 965 646 982 2.
667 957 693 983 δε
707 953 753 982 lib.
766 964 810 990 30.
831 964 888 991 cap.
905 964 926 982 1.
947 956 974 982 &
993 952 1068 985 alibi,
1090 953 1204 990 probans
1225 952 1316 981 multis
1334 955 1465 992 exemplis
1479 977 1485 987 ,
1512 958 1664 986 maximam

78 994 136 1020 vim
155 991 252 1020 habere
269 992 464 1023 incantationes,
484 994 510 1021 id
531 994 604 1030 quod
625 994 708 1021 etiam
727 994 881 1029 quotidiana
901 992 1062 1028 experientia
1081 992 1197 1031 testatur.
1237 991 1304 1020 Non
1323 993 1418 1021 addam
1439 993 1514 1030 plura
1532 995 1565 1023 ad
1584 994 1664 1030 hujus

76 1030 143 1067 legis
161 1030 382 1067 explicationem:
402 1032 454 1061 hoc
473 1039 579 1061 tantum
600 1031 675 1062 dico,
696 1031 769 1068 quod
789 1032 821 1059 ab
841 1031 895 1059 aliis
914 1030 948 1058 fic
968 1031 1107 1058 recitetur:
1127 1033 1182 1067 Q¹
1196 1029 1290 1070 fruges*
1302 1032 1464 1067 excamnffiu
1484 1031 1525 1064 ζῆ·
1544 1032 1588 1071 qui
1608 1043 1663 1060 ma·-

78 1068 134 1096 lum
151 1078 253 1097 carmen
270 1068 416 1106 incanmffit
429 1091 436 1101 ,
462 1075 588 1097 coercetor.
630 1069 691 1096 Liv.
712 1070 825 1098 Decadis
843 1080 871 1105 4.
890 1069 935 1096 lib.
956 1079 982 1104 9.
1002 1077 1065 1095 cum
1085 1069 1118 1095 dc
1138 1068 1333 1095 Bacchanalibus
1353 1069 1469 1107 loquitur
1482 1091 1489 1101 ,
1517 1072 1587 1098 testis
1606 1071 1643 1098 est
1655 1092 1664 1104 ,

76 1106 145 1172 {lim
166 1108 263 1135 Rornae
281 1117 314 1136 ex
331 1107 555 1138 senatusconsulto
574 1106 736 1146 conquisitos
756 1107 830 1136 fuiffe
851 1116 947 1137 omnes
968 1106 1164 1135 veneficiorum
1179 1108 1206 1136 ἃ
1221 1107 1408 1137 vaticiniorum
1427 1108 1522 1141 libror,
1541 1117 1571 1137 ut
1584 1118 1662 1145 com-3

97 1153 244 1174 urerentur.

521 1219 593 1253 XI.
619 1219 716 1252 Neve
730 1219 867 1252 alienam
888 1217 1010 1265 figetem
1019 1217 1202 1266 pellexeris.'

121 1295 201 1325 Extat
216 1297 285 1333 apud
300 1296 472 1336 Augustinum
484 1296 530 1326 lib.
538 1299 564 1327 8.
577 1298 611 1326 de
621 1298 733 1326 civitate
747 1297 814 1330 Dei,
835 1300 860 1326 ὃ(
871 1296 988 1325 Servium
1003 1297 1030 1324 in
1045 1297 1168 1324 ofitavam
1184 1295 1291 1333 Virgilii
1305 1297 1446 1335 Eclogam:

117 1333 270 1373 Augustinus
285 1336 330 1364 lib.
343 1338 377 1364 de
391 1337 499 1364 civitate
513 1337 565 1364 Dei
578 1338 604 1365 8.
616 1335 680 1363 illud
696 1337 777 1364 etiam
787 1357 793 1367 ‚
815 1336 914 1373 inquit,
935 1336 1008 1373 quod
1023 1335 1074 1363 alio
1091 1336 1152 1363 Ioco
1168 1335 1201 1363 de
1217 1334 1258 1363 his
1271 1335 1369 1363 artibus
1383 1337 1462 1364 dicit:

389 1378 481 1413 Atque
487 1376 559 1409 firme
572 1373 621 1401 alio
634 1373 690 1401 vidi
703 1374 831 1403 traducere
845 1373 937 1411 messes.

118 1410 159 1437 Eo
179 1411 250 1447 quod
269 1412 318 1440 hac
337 1412 458 1449 pestifera
471 1432 478 1443 ‚
507 1412 682 1449 scelerataque
702 1412 822 1439 doeh-ina
844 1411 943 1439 fructus
967 1411 1043 1439 alieni
1071 1412 1098 1438 in
1126 1411 1187 1439 alias
1208 1417 1291 1438 terras
1315 1412 1453 1440 transferri
1471 1412 1658 1448 perhibentur:

78 1457 170 1476 nonne
190 1449 215 1476 in
236 1459 299 1477 xri.
318 1449 410 1476 tabulis
422 1470 429 1481 ,
455 1450 482 1476 id
504 1450 541 1477 est
554 1471 562 1481 ,
588 1451 778 1477 Romanorum
800 1449 984 1486 antiquiffimis
1004 1449 1104 1486 legibus
1116 1469 1123 1480 ‚
1151 1450 1234 1476 Cicero
1253 1457 1454 1478 commemorat
1473 1451 1525 1478 effe
1544 1452 1659 1480 conscri-

80 1494 159 1522 prum
174 1506 182 1517 ‚
212 1489 238 1515 &
256 1488 280 1514 ei
300 1488 346 1524 qui
365 1487 418 1515 hoc
438 1487 532 1515 fecerit
550 1487 709 1523 supplicium
730 1488 923 1515 constitutum:
945 1488 1016 1514 Item
1036 1488 1154 1521 Apulejus
1174 1488 1202 1514 in
1222 1487 1367 1523 Apologia:
1389 1489 1479 1524 Magia
1497 1488 1556 1519 ista,
1576 1499 1659 1525 quan-

80 1531 140 1550 tum
161 1532 213 1560 ego
232 1525 311 1553 audio
324 1545 331 1556 ‚
358 1535 399 1554 res
419 1526 455 1553 est
474 1525 575 1563 legibus
594 1525 714 1562 delegata
729 1545 737 1557 ,
768 1525 825 1561 jam
845 1525 908 1552 inde
927 1526 1070 1562 antiquitus
1090 1524 1220 1552 duodecim
1239 1523 1331 1551 tubulus
1355 1526 1661 1563 proptert'incredundas

79 1560 190 1597 frugum
208 1560 341 1589 illecebras
360 1564 509 1591 interdieta.

119 1600 186 1626 Haec
207 1608 270 1626 vero
289 1600 366 1627 certis
386 1600 573 1637 conceptisque
590 1600 735 1628 verborum
755 1600 895 1633 formulis,
915 1611 945 1629 ac
962 1602 1050 1638 potius
1070 1600 1175 1630 susurris
1187 1621 1196 1633 ‚
1217 1600 1259 1628 vel
1279 1600 1431 1630 hominibus
1450 1603 1577 1638 pernicies
1589 1623 1597 1634 ,
1618 1603 1661 1636 vel
1679 1630 1682 1631 γ

80 1637 149 1673 agris
168 1635 301 1665 calamitas
319 1637 488 1666 inferebatur.
528 1638 615 1674 Hujus
634 1638 753 1674 ejusdem
775 1641 878 1675 generis
897 1639 945 1667 illae
960 1640 1021 1665 Αινι
1041 1639 1147 1667 fuerunt
1160 1660 1167 1670 ,
1197 1639 1231 1666 de
1251 1640 1344 1676 quibus
1365 1644 1443 1667 Cner.
1464 1641 1491 1667 in
1516 1651 1536 1667 1·
1557 1640 1590 1667 de
1608 1641 1658 1669 Di-

80 1675 162 1701 vinat.
181 1676 209 1702 ὅ(
230 1675 380 1702 Plutarchus
399 1677 426 1703 in
441 1675 524 1703 Crassi
543 1677 598 1703 vita
616 1685 850 1704 commemorant:
870 1678 941 1705 unde
961 1677 1130 1714 intelligitur,
1150 1686 1256 1705 arcanas
1275 1677 1400 1714 quasdam
1422 1680 1448 1705 ὃ(
1467 1678 1579 1706 vetustas
1600 1687 1660 1707 exe-

78 1712 211 1754 crationes
233 1712 320 1745 fuisse,
340 1722 452 1751 quarum
473 1723 503 1742 ea
522 1714 562 1743 vis
581 1712 666 1747 foret,
686 1722 716 1743 ut
734 1716 775 1743 cui
794 1713 876 1742 semel
896 1714 1131 1749 obnuntiarentur‚
1150 1718 1172 1745 is
1191 1724 1328 1753 nunquam
1349 1716 1476 1748 exitium,
1496 1716 1657 1752 perniciem3

79 1759 131 1787 que
151 1756 254 1778 Vitare-t.
716 1762 720 1766 ·

453 1823 489 1856 X
494 1823 514 1857 I
519 1825 547 1857 Ι.
573 1824 737 1859 Sanatibus
754 1821 835 1859 idem
852 1848 863 1865 ‚
887 1825 967 1873 quod
982 1825 1132 1872 forffibus
1140 1828 1196 1873 jus
1214 1823 1278 1872 esto.

118 1902 199 1930 Extat
213 1898 269 1929 ‘hoc
287 1908 365 1938 caput
384 1902 452 1938 apud
474 1902 584 1941 Festum.
609 1909 730 1935 Sanates,
751 1907 787 1934 ait
808 1904 892 1942 Festus
906 1925 914 1936 ‚
935 1905 999 1932 dicti
1019 1905 1078 1933 sunt
1097 1906 1143 1942 qui
1161 1904 1252 1941 supra,
1273 1904 1394 1942 infraque
1414 1907 1535 1935 Romam
1555 1906 1666 1941 habit&

80 1947 190 1969 verunt3
212 1940 283 1976 quod
302 1949 403 1968 nomen
422 1940 462 1969 his
484 1942 546 1974 juit,
567 1944 641 1980 quia,
662 1953 723 1971 cum
744 1944 897 1971 defeciss‘ent
915 1942 929 1970 :i
950 1945 1096 1974 Romanis,
1116 1943 1191 1969 brevi
1212 1943 1270 1978 post
1289 1944 1423 1973 redierunt
1443 1947 1470 1973 in
1490 1947 1654 1978 amicitiam,

80 1977 150 2015 quali
162 1978 229 2011 fima
248 1985 340 2004 mente.
380 1979 472 2015 Itaque
493 1990 554 2007 xri.
573 1981 667 2009 tabulis
686 1989 793 2009 cautum
814 1982 850 2008 est
864 2002 871 2012 ‚
899 1987 928 2007 ut
947 1980 1020 2007 idem
1038 1981 1104 2016 juris
1123 1980 1186 2007 esset
1196 1979 1330 2014 fininibus
1343 2002 1350 2012 ‚
1375 1984 1447 2018 quod
1458 1984 1580 2020 forfflbut
1594 2006 1601 2016 ,
1626 1985 1654 2014 id

81 2016 131 2047 est,
152 2015 229 2042 bonis
243 2035 249 2045 ‚
271 2017 296 2043 ὅ(
316 2015 360 2052 qui
379 2025 515 2054 nunquam
535 2018 687 2047 defecerant
706 2018 719 2046 a
738 2018 840 2055 populo
861 2019 996 2045 Romano.
1037 2019 1116 2055 Legis
1135 2018 1241 2054 aequitas
1261 2019 1397 2047 manifesta
1418 2022 1471 2055 est,
1500 2031 1530 2051 ut
1549 2023 1568 2050 ii
1586 2022 1654 2051 scili-

79 2062 123 2082 cet
135 2074 141 2085 ‚
161 2053 207 2090 qui
225 2053 419 2089 benignitatem
439 2055 530 2092 populi
550 2058 670 2085 Romani
689 2058 790 2093 experti
810 2055 908 2086 essent,
928 2056 1076 2084 constantes
1095 2056 1219 2092 deinceps
1239 2059 1266 2084 in
1286 2057 1339 2085 fide
1352 2078 1359 2090 ,
1385 2068 1463 2097 atque
1482 2061 1558 2096 ipfius
1577 2063 1654 2096 maja

70 2091 143 2129 stine
163 2093 279 2119 comiter
297 2092 407 2120 tuenda,
427 2101 634 2128 permanerent:
655 2103 713 2124 tum
734 2103 762 2123 ut
781 2094 875 2130 reliqui
896 2093 948 2121 hoc
967 2101 1093 2132 tanquam
1115 2095 1293 2122 invitamento
1313 2096 1344 2123 ad
1363 2097 1455 2134 populi
1473 2099 1592 2127 Romani
1611 2099 1653 2128 so-

79 2131 220 2160 cietatem,
241 2130 484 2170 atqueAamicitiam
503 2132 678 2163 allicerentur.
716 2135 794 2163 Hanc
812 2140 905 2161 tamen
923 2132 1012 2170 legem
1031 2133 1121 2170 postea
1138 2131 1239 2162 AEbun'a
1256 2133 1308 2170 lege
1326 2134 1482 2174 abrogatam
1500 2136 1575 2166 fuiffe
1586 2159 1595 2171 ‚
1613 2144 1653 2173 te3

76 2168 123 2205 stis
135 2168 172 2196 est
185 2167 302 2205 Agellms
313 2166 382 2195 libro
397 2170 439 2197 16.
452 2177 509 2206 cap.
526 2180 568 2200 ιο.
1531 2175 1537 2176 ’
1550 2176 1553 2177 ’

1018 2381 1041 2410 C
1049 2385 1107 2410 ἔτι·
1582 2381 1648 2419 Ter·-v
