2075 2734
423 72 479 99 ⁶22
661 60 1114 93 -Ακτιαυιτᾼτυη
1154 53 1499 86 ῐζοΜΑΝΑπυΜ
1541 54 1730 86 Lin.v1·11.

421 116 529 154 paetum
548 110 599 139 esse
613 109 691 142 velit,
712 108 792 145 idque
811 102 971 144 magistratus
990 104 1036 142 qui
1050 104 1077 132 in
1090 111 1120 131 ea
1133 102 1252 136 colonia,
1273 102 1437 139 municipio,
1459 98 1631 138 praefectura,
1651 101 1732 135 foro,
1752 102 2004 149 conciliabulo,›ju:

422 150 562 182 risdicundi
576 148 694 185 praeerit,
717 147 797 174 facito
812 152 841 172 ut
856 144 909 170 fiat.
1473 176 1477 181 θ
1510 175 1513 179 ¹
1568 177 1573 183 ⁸
1999 146 2002 149 ⁴

462 189 516 224 Qi
529 188 635 216 limites.
654 182 834 222 decumanique
849 183 876 209 in
890 181 949 218 lege
962 181 1069 209 dedueti
1082 188 1174 212 erunt,
1195 187 1359 218 quaecunque
1372 175 1443 205 foss‘ae
1456 177 1553 205 limites
1566 186 1594 205 in
1607 186 1640 206 eo
1651 185 1718 216 agro
1725 186 1816 214 erunt,
1837 183 2005 225 quihaclege

421 236 484 265 ager
497 225 631 255 conlatus,
650 224 788 258 affignatus
802 221 867 251 erit,
887 220 915 246 ni
929 221 987 257 quis
1002 229 1046 247 eos
1058 219 1175 251 limites,
1194 216 1391 247 decumanosve
1405 216 1540 254 obsepito,
1561 225 1629 244 neve
1643 217 1707 254 quid
1721 218 1748 246 in
1764 219 1801 247 eis
1808 219 1937 255 inolitum,
1958 234 2005 254 ne-

421 276 455 294 ve
468 265 531 302 quid
546 264 582 291 ibi
594 260 695 299 obsitum
711 259 823 290 habeto,
842 267 911 285 neve
925 267 969 285 eos
982 266 1069 287 arato,
1090 266 1159 285 neve
1172 257 1208 284 eis
1222 256 1298 284 foffas
1314 254 1455 287 obturato,
1476 263 1545 282 neve
1558 255 1621 291 quid
1631 254 1729 292 sepho,
1750 265 1804 294 quo
1812 260 1955 291 minussuo
1962 264 2007 291 iti-

422 313 486 333 nere
498 312 563 339 aqua
577 302 628 331 ire,
650 299 733 326 fluere
745 298 832 333 potiit.
872 296 899 323 Si
911 296 968 334 quis
982 295 1105 324 adversus
1120 304 1149 322 ea
1162 295 1225 332 quid
1240 294 1348 325 fecerit,
1368 294 1396 320 in
1411 294 1542 321 terminos
1555 293 1670 331 fingulos
1682 315 1690 326 ,
1714 296 1922 335 quotiescunque
1935 300 2007 329 fece·

422 343 473 373 rit,
497 349 554 368 11x.
570 340 594 365 S.
607 337 717 364 coloniis
730 356 737 367 ‚
758 334 936 371 municipibus
949 335 986 361 eis
999 355 1006 366 ‚
1026 342 1106 372 atque
1121 333 1148 361 in
1163 342 1279 371 quorum
1292 341 1360 370 agro
1373 332 1400 359 id
1413 331 1515 359 faetum
1529 332 1581 360 erit
1591 353 1598 365 ‚
1619 332 1682 360 dare
1700 333 1810 363 damnas
1823 336 1886 364 esto.
1926 338 2007 367 Pecu.

422 381 538 414 nixque,
559 376 604 413 qui
619 374 705 405 volet,
725 374 822 410 petitio
837 372 885 400 hac
900 372 958 410 lege
972 373 1035 400 esto.

463 416 517 454 Qi
529 415 577 442 hac
591 413 649 450 lege
662 412 780 439 colomam
793 411 932 439 deduxerit
941 431 948 442 ,
962 410 1141 447 municipium
1150 431 1157 442 ,
1171 408 1356 447 praefeituram
1366 429 1373 440 ,
1389 407 1462 441 fora,
1478 407 1650 437 conciliabula
1657 410 1838 444 constituerit,
1853 413 1880 441 in
1888 422 1922 441 eo
1929 422 2003 451 agro,

422 455 467 492 qui
480 462 543 491 ager
556 454 625 481 intra
640 451 705 478 fines
720 449 806 486 ejusce
818 449 943 481 coloniae,
964 449 1119 485 municipii,
1140 448 1208 481 fori,
1229 446 1412 477 conciliabuli,
1425 446 1587 484 praefedturae
1600 448 1664 479 erit,
1680 447 1794 482 limites,
1809 451 2004 490 decumanique

418 499 452 520 ut
466 492 546 523 fiant,
565 489 730 526 terminique
745 488 901 520 statuantur,
921 496 1022 516 curato.
1050 487 1105 525 Qi
1119 487 1185 515 fines
1199 487 1332 517 statuerit,
1352 486 1417 513 fines
1431 484 1529 526 horum
1543 485 1585 513 tua
1598 485 1674 517 aeto,
1694 486 1759 514 dum
1776 498 1810 517 ne
1823 497 1896 518 extra
1908 499 2005 527 agrum

421 530 576 559 colonicum
585 550 591 561 ,
613 527 814 556 territorium-ive
827 526 892 554 fines
906 526 994 555 ducat.
1028 526 1137 563 Qijque
1148 524 1254 553 termini
1268 525 1312 552 hac
1323 523 1376 565 lege
1383 522 1480 562 statutt
1493 531 1587 556 erunt,
1606 533 1641 551 ne
1653 525 1711 561 quis
1724 535 1819 555 eorum
1836 537 1918 566 quem
1932 529 2006 565 ejici-

421 575 467 600 to,
488 578 556 596 neve
569 568 629 596 loco
644 572 756 593 moveto
769 564 851 592 sciens
863 564 926 592 dolo
942 564 1022 592 malo.
1049 565 1075 591 Si
1089 565 1146 601 quis
1158 563 1280 591 adversus
1295 572 1325 590 ea
1340 563 1449 594 iecerit,
1469 562 1496 589 in
1507 563 1638 589 terminos
1652 563 1780 600 iingulos,
1801 575 1868 603 quos
1881 567 2006 602 ejecerit,

422 606 485 635 loco
500 605 617 634 moverit
630 625 637 636 ,
663 604 747 632 sciens
763 603 828 631 dolo
844 603 932 635 malo,
951 614 990 631 ss.
1007 613 1030 629 v.
1044 612 1074 630 M.
1088 613 1116 630 N.
1130 602 1170 636 (id
1185 602 1221 629 est
1233 622 1239 633 ,
1260 601 1406 629 sestertium
1422 601 1539 638 quinque
1552 600 1807 641 millia‘nummfim)
1824 604 1851 632 in
1866 605 2006 641 publicum

423 655 518 673 corum
534 652 651 682 quorum
665 643 734 671 intra
749 641 813 669 fines
825 641 868 670 hic
882 650 944 678 ager
959 641 1023 672 erit,
1044 640 1106 667 dare
1121 641 1232 668 damnas
1244 640 1307 667 esto.
1335 640 1430 676 Deque
1443 647 1473 666 ea
1486 648 1515 666 re
1527 646 1663 670 cantora,
1683 640 1729 676 qui
1743 640 1792 670 hac
1803 643 1862 680 lege
1876 644 1940 675 erit,
1961 644 2005 680 ju-

422 683 542 712 risdiffio
556 703 563 715 ‚
588 688 828 719 recspemtorumque
846 689 889 708 xx.
903 680 976 707 datio
990 699 998 710 ,
1023 678 1140 706 addie'tio
1159 679 1224 706 esto.
1265 679 1338 705 Cum
1359 686 1458 704 curator
1479 676 1528 705 hac
1542 676 1602 714 lege
1615 685 1672 703 non
1683 678 1735 705 erit
1746 699 1754 710 ,
1782 687 1843 708 tum
1857 682 2008 719 quicunque

423 723 591 760 magistratus
604 719 631 747 in
645 728 674 746 ea
687 717 792 746 colonia
802 739 810 750 ,
831 719 979 755 municipio
992 737 999 748 ‚
1026 716 1087 744 foro
1098 736 1106 748 ‚
1133 715 1327 747 conciliabulo,
1355 715 1525 752 praefedhrra,
1544 714 1719 751 jurisdicundi
1732 718 1855 752 praeerit,
1880 719 1935 755 ejus
1950 728 2012 755 ma..

421 762 545 799 gistratus
557 759 591 787 de
604 766 634 785 ea
645 766 674 785 re
685 755 850 794 jurisdictio,
868 755 1019 793 Judicisque
1032 755 1121 787 datio,
1140 755 1259 784 addiffio
1271 755 1335 782 esto.
1356 755 1441 791 Inque
1456 763 1517 782 eam
1530 763 1590 781 rem
1603 752 1658 785 his,
1679 755 1725 791 qui
1741 754 1788 791 hac
1802 755 1862 794 lege
1872 756 2008 794 judicium

422 799 527 827 dederit
540 818 547 829 ‚
574 794 681 825 testibus
693 793 805 831 publicis
818 794 945 823 duntaxat
959 814 966 826 ‚
993 794 1020 822 in
1038 794 1170 821 terminos
1190 792 1305 831 fingulos
1318 803 1357 821 ss.
1370 802 1399 821 x.
1415 792 1497 820 millia
1513 792 1688 821 denuntiandi
1700 792 1756 822 haec
1767 794 1896 823 effantem
1909 795 2011 830 ἠώιος

422 838 460 865 ita
473 837 511 865 uti
524 834 538 863 ὲ
552 833 688 871 republica
698 832 804 870 fideque
817 831 860 860 sua
873 831 1016 861 videbitur.
1038 832 1072 860 Et
1086 831 1104 859 si
1118 832 1172 860 duo
1187 833 1221 860 de
1235 841 1264 859 es
1275 831 1387 868 pecunia
1400 832 1483 867 petita
1499 831 1672 860 condemnati
1687 838 1779 864 erunt,
1792 842 1852 862 eam
1864 835 2010 871 pecuniam
2023 856 2026 863 .

422 875 455 902 ab
472 874 569 902 eodeni
579 893 585 905 ‚
606 879 651 900 aut
662 871 776 913 denique
790 872 844 913 eis,-
859 872 949 907 primo
965 879 1071 913 quoque
1085 878 1209 907 tempore
1222 871 1340 908 exigito:
1359 869 1467 907 ejusque
1482 869 1616 905 pecunias,
1636 870 1708 906 quod
1716 879 1856 911 receptum
1864 873 1930 905 erit,
1949 882 2012 909 par-
2032 884 2033 888 ¹
2071 882 2075 890 ·

423 919 482 941 tem
496 911 638 939 dimidiam
654 909 692 940 ei,
713 918 787 944 cujus
801 918 876 936 unius
890 917 970 945 opera
985 917 1104 936 maxime
1118 909 1159 936 his
1174 909 1368 936 condemnatus
1382 915 1451 939 emt,
1471 915 1576 944 partem
1590 908 1731 935 dimidiam
1745 910 2008 948 mpublxcoredigito.

426 952 490 988 Qo
506 951 532 977 in
547 950 606 976 loco
619 946 741 975 terminus
755 946 823 974 haud
838 947 904 978 erit,
914 946 932 974 fi
946 946 1003 982 quis
1011 946 1038 973 in
1050 955 1111 973 eum
1120 947 1209 974 locum
1219 947 1366 973 terminum
1375 946 1515 973 destituere
1524 945 1609 975 volet,
1617 946 1670 973 fine
1678 945 1751 974 malo
1761 948 1861 979 ,Sciine
1868 948 2010 978 fraudesua

423 989 506 1017 liceto
519 987 621 1019 faeere,
642 994 709 1013 neve
722 985 785 1022 quid
800 986 842 1012 cui
856 984 896 1011 his
909 984 945 1012 ob
958 993 1017 1011 eam
1034 993 1094 1011 rem
1108 984 1156 1012 hac
1171 984 1230 1022 lege
1244 984 1356 1011 damnas
1369 984 1432 1010 esto.
1452 984 1522 1010 Vide
1535 982 1600 1021 susti
1613 983 1689 1022 Lipsii
1701 984 1800 1013 librum
1814 987 1937 1022 primum
1947 988 2009 1018 Ele.

421 1027 546 1057 diorum,
568 1033 625 1062 cap.
641 1033 681 1061 ¹5·
701 1025 835 1051 Caeterum
849 1030 878 1050 ut
891 1021 932 1050 his
942 1021 1044 1059 legibus
1058 1022 1154 1060 aliquid
1169 1022 1234 1051 lueis
1246 1022 1369 1053 accedat,
1389 1021 1421 1048 de
1435 1019 1557 1048 limitibus
1564 1030 1645 1056 pauca
1660 1023 1781 1060 quaedam
1796 1025 1932 1062 adjiciam.
2002 1018 2010 1024 ³

462 1063 589 1091 Limitum
606 1063 689 1090 multa
701 1070 798 1099 genera
813 1060 921 1089 fuerunt
933 1080 941 1092 ‚
966 1061 1117 1090 decumani,
1143 1061 1255 1088 cardines
1263 1058 1359 1098 prorfi.
1386 1057 1528 1097 tranfizerfc.
1563 1063 1725 1088 Decumanus
1741 1070 1796 1091 erat
1816 1064 1849 1091 ab
1863 1064 1968 1095 oriente
1979 1066 2008 1096 in

423 1103 595 1131 occidentem
609 1112 615 1129 :
637 1101 651 1127 :i
665 1100 777 1127 meridie
792 1099 819 1126 in
833 1098 1044 1135 septentrionem
1058 1099 1131 1125 cardo
1140 1110 1148 1125 .-
1169 1099 1201 1127 ab
1217 1098 1359 1127 occidente
1371 1098 1403 1125 ad
1420 1098 1555 1125 orientem
1565 1096 1645 1132 proaefi
1655 1110 1664 1124 :
1684 1099 1697 1126 :i
1710 1099 1890 1136 septentrione
1901 1104 1933 1132 ad
1949 1113 2010 1134 me-

423 1142 521 1169 ridiem
540 1137 683 1177 tranfioerfi.
724 1138 759 1165 Et
778 1136 791 1163 zi
805 1136 853 1165 fitu
868 1138 1010 1175 regionum
1024 1136 1154 1164 maritimi
1167 1158 1174 1169 ‚
1203 1139 1231 1166 &
1244 1137 1359 1163 montani
1372 1143 1447 1164 erant
1461 1156 1468 1167 ,
1493 1137 1539 1172 qui
1552 1137 1585 1164 ad
1600 1145 1674 1164 mare
1686 1158 1694 1169 ‚
1723 1137 1765 1165 vel
1780 1140 1812 1167 ad
1830 1149 1938 1170 montes
1950 1142 2008 1180 spe.

423 1180 536 1208 &tarent-
564 1179 660 1205 Praeter
673 1176 722 1203 hos
736 1182 811 1203 erant
823 1175 917 1202 lzmites
931 1173 1040 1202 aHuarii
1055 1176 1081 1203 ὅ(
1094 1173 1202 1202 line-arii.
1228 1174 1368 1202 ACtuarius
1380 1181 1449 1206 erat,
1469 1180 1499 1201 ut
1511 1175 1547 1202 ait
1566 1178 1680 1213 Hyginus
1691 1177 1717 1204 in
1728 1175 1798 1205 libro
1808 1178 2007 1214 deLimitibufi

424 1219 471 1254 qui
484 1218 586 1253 primus
601 1216 672 1243 actus
685 1221 742 1242 erat
756 1234 763 1245 ,
789 1213 820 1240 ab
832 1223 861 1241 ea
877 1214 983 1250 quintus
997 1211 1107 1250 quisque
1122 1223 1127 1239 2
1157 1222 1239 1250 quem
1252 1212 1271 1240 fi
1286 1221 1439 1240 numerares
1453 1220 1516 1240 cum
1533 1213 1625 1248 primo
1639 1234 1646 1244 ‚
1673 1216 1825 1249 eratfi‘xtus
1841 1228 1850 1242 :
1876 1220 2007 1255 quoniam

423 1257 542 1292 quinque
559 1252 682 1280 centurias
703 1252 746 1279 sex
766 1250 864 1279 limites
883 1252 1054 1282 clauderent,
1081 1251 1174 1288 reliqui
1195 1251 1277 1278 medii
1296 1249 1390 1277 ltmites
1409 1249 1510 1277 lineam
1529 1250 1746 1287 appellabantur,
1771 1254 1799 1281 in
1819 1254 2009 1290 Italiafidmm.

422 1293 480 1320 emi.
510 1294 641 1320 Dicuntur
654 1289 746 1317 limites
761 1289 774 1316 ὲ
788 1288 923 1317 ltmnu'bus.
965 1289 1209 1326 Qemadmodum
1222 1289 1295 1317 enim
1309 1288 1399 1316 limma
1415 1289 1553 1320 introitus,
1575 1289 1710 1326 exitusque
1726 1290 1792 1318 locis
1807 1294 1928 1328 praestant
1942 1305 1948 1322 :
1975 1295 2007 1324 fi.

424 1332 525 1360 militer
538 1337 657 1357 mtroatus
668 1349 675 1359 ,
702 1327 853 1365 exitusque,
880 1329 925 1364 qui
939 1328 965 1355 in
977 1328 1047 1365 agris
1061 1327 1148 1355 divitis
1160 1330 1187 1356 ὃ(
1200 1327 1340 1365 adtignatis
1355 1327 1438 1363 pervii
1451 1325 1557 1363 semper
1570 1327 1621 1355 esse
1635 1328 1734 1356 debent
1747 1349 1754 1361 ,
1776 1336 1832 1358 tam
1846 1331 1986 1362 itineribus
1995 1354 2006 1367 ,

422 1379 504 1407 quam
521 1367 650 1396 mensuris
662 1367 784 1404 agendis»,
805 1364 898 1393 limites
910 1366 1082 1402 appellantur.
1112 1364 1227 1404 Hyginus
1245 1366 1259 1393 a
1270 1366 1353 1398 limo,
1374 1364 1458 1393 verbo
1471 1366 1599 1403 antiquo,
1620 1367 1692 1403 quod
1706 1366 1883 1398 transversum
1898 1372 1925 1399 δε
1940 1371 2009 1400 obli..

423 1417 508 1445 quum
522 1405 649 1444 fignificat
662 1425 670 1437 ,
691 1404 784 1431 limites
797 1404 850 1431 dici
863 1403 930 1432 vult.
962 1405 1040 1432 Unde
1053 1401 1136 1441 Festus
1150 1405 1186 1432 ait
1200 1424 1207 1436 ,
1233 1403 1326 1431 limites
1339 1413 1410 1431 nunc
1424 1403 1570 1436 terminos,
1589 1413 1661 1432 nunc
1677 1405 1729 1432 vias
1742 1406 1899 1435 transversas
1909 1408 2009 1447 fignifi.

423 1455 492 1475 care.
519 1446 642 1480 Denique
655 1441 780 1479 quicquid
794 1442 825 1469 ad
842 1441 1056 1470 observationem
1071 1442 1165 1469 finium
1179 1442 1207 1470 in
1220 1451 1285 1480 agro
1297 1450 1378 1478 opera
1393 1450 1521 1468 manuum
1538 1441 1638 1469 faelium
1652 1442 1703 1474 est,
1722 1442 1809 1475 lima,
1828 1445 1941 1475 authore
1953 1452 2007 1485 Ag-

417 1494 483 1522 geno
498 1482 584 1510 Urbica
597 1480 766 1517 appellatum.
805 1479 946 1512 Lmfflum,
966 1480 1018 1508 five
1031 1481 1212 1507 terminorum
1227 1480 1432 1516 deligendorum
1446 1478 1526 1505 ritum
1539 1479 1571 1506 ab
1584 1480 1698 1516 antiquis
1716 1480 1886 1511 observatum
1899 1483 2008 1522 elegan-

426 1530 469 1550 ter
483 1520 609 1547 describit
621 1518 717 1545 saulus
735 1519 848 1549 flaccus,
869 1519 943 1554 cujus
956 1518 1034 1545 verba
1047 1518 1098 1545 huc
1112 1517 1176 1546 libet
1190 1517 1351 1545 adscribere:
1373 1518 1444 1544 Cum
1458 1517 1591 1548 terminos,
1611 1518 1711 1554 inquit,
1731 1518 1918 1554 disponerent,
1934 1522 2007 1559 ipsos

423 1558 535 1596 quidem
549 1557 647 1594 lapides
664 1555 690 1582 in
702 1555 811 1582 solidam
824 1562 921 1583 terram
935 1556 1119 1583 convocabant
1133 1554 1259 1593 proxime
1272 1565 1302 1582 ea
1313 1555 1386 1586 loca,
1406 1554 1500 1592 quibus
1514 1555 1586 1582 tossis
1599 1554 1675 1582 faCtis
1688 1555 1799 1582 defixuri
1813 1566 1859 1584 eos
1866 1567 1957 1593 erant,
1976 1563 2006 1590 ὃς

424 1603 579 1633 unguento,
601 1592 826 1629 velaminibusque
840 1596 866 1622 &
882 1594 987 1621 coronis
999 1603 1044 1621 cos
1057 1594 1229 1622 coronabant.
1268 1594 1300 1620 In
1313 1593 1384 1621 foffis
1398 1599 1487 1620 autem
1501 1613 1507 1623 ‚
1528 1592 1622 1628 quibus
1637 1592 1748 1628 posituri
1763 1602 1809 1621 eos
1821 1602 1910 1628 erant,
1929 1597 2007 1626 ficri.

426 1635 489 1663 ficio
502 1633 574 1662 {atsto
587 1653 594 1665 ,
619 1629 744 1670 hostmque
757 1630 922 1658 immaculata
934 1631 996 1659 caela
1008 1652 1016 1663 ‚
1037 1631 1135 1659 facibus
1149 1630 1301 1660 ardentibus
1314 1632 1340 1658 in
1355 1630 1420 1657 foffa
1433 1631 1555 1666 cooperti
1567 1651 1576 1662 ,
1596 1629 1752 1667 sanguinem
1764 1632 1940 1667 instillabant,
1960 1644 2006 1663 eo-

424 1682 477 1709 que
495 1672 583 1710 fruges
604 1673 631 1700 &
650 1669 726 1698 thura
742 1667 887 1707 jadiabant:
910 1669 999 1701 favos,
1019 1678 1138 1706 quoque,
1161 1673 1187 1698 ὃς
1208 1671 1318 1701 vinum,
1339 1669 1453 1704 aliaque,
1473 1668 1567 1705 quibus
1587 1669 1752 1697 consuetudo
1770 1677 1826 1698 erat
1838 1671 1956 1700 terminis
1966 1672 2006 1702 sa-

424 1721 501 1739 crum
517 1711 586 1742 fieri,
601 1711 627 1737 in
644 1708 708 1736 fossa
719 1708 895 1744 adjiciebant,
918 1707 1115 1744 consumtisque
1131 1707 1257 1736 omnibus
1272 1707 1383 1744 dapibus
1399 1708 1463 1744 igne
1475 1707 1551 1743 iuper
1564 1706 1677 1736 calentes
1692 1706 1815 1745 reliquias
1827 1709 1927 1747 lapides
1942 1720 2008 1740 con-

423 1749 546 1778 locabant
560 1769 566 1778 ‚
587 1756 666 1784 atque
677 1747 713 1775 ita
727 1747 847 1784 diligenti
862 1756 922 1774 cura
936 1746 1141 1780 confirmabant.
1182 1746 1319 1776 HaCtenus
1332 1745 1374 1774 ille
1385 1766 1392 1777 ,
1413 1754 1470 1783 quae
1482 1747 1515 1772 ad
1526 1744 1678 1782 pleniorem
1689 1745 1784 1775 harum
1800 1747 1893 1786 legum
1904 1749 2008 1787 imene-¹

425 1785 500 1817 &tum
515 1787 566 1815 huc
578 1786 677 1815 reserre
692 1785 774 1813 volui.
1916 1786 1944 1789 “’
1980 1784 1998 1789 ”

1113 1855 1137 1884 C
1162 1864 1177 1881 A
1199 1863 1223 1881 r.
1260 1853 1327 1881 XII.

1006 1913 1058 1947 Dc
1074 1911 1189 1959 legibus
1200 1913 1428 1960 frumentariis.

428 1996 544 2060 Non
563 1996 620 2025 sunt
638 1994 741 2023 filentio
759 1993 946 2034 praetereundae
960 1992 1022 2031 leges
1029 1991 1206 2029 frumentaria
1217 2015 1225 2027 ‚
1249 2001 1363 2032 quarum
1379 1999 1493 2032 quatuor
1507 1998 1711 2026 memorantur,
1729 1990 1893 2030 Sempronia,
1911 1994 2009 2035 uvida

527 2035 659 2067 Terentia,
680 2032 763 2069 Caffia
777 2033 817 2067 (ς’
831 2033 932 2060 clodia.

1091 2081 1277 2129 Sempronia‘
1288 2081 1350 2117 lex.

469 2143 638 2178 Semproniam
652 2146 709 2173 tulit
721 2148 752 2173 T.
766 2144 924 2180 Sempronius
940 2143 1061 2172 Gracchus
1076 2151 1086 2171 ι
1095 2151 1118 2173 1.
1131 2143 1247 2172 tribunur
1258 2144 1355 2182 plebis,
1377 2153 1448 2174 anno
1465 2152 1563 2173 mcxxr
1573 2153 1612 2172 ix.
1627 2149 1668 2172 M.
1676 2143 1762 2171 Fulvio
1775 2143 1872 2176 Flacco,
1884 2135 2029 2185 MPIaugs

432 2189 465 2208 rm
482 2184 573 2218 mpsim
588 2183 659 2209 Coss'.
681 2186 719 2211 Ut
732 2183 835 2212 semiffe
849 2187 875 2212 ὅ(
889 2184 986 2212 triente
1000 2182 1171 2211 frumentum
1187 2185 1353 2212 menstruum
1367 2183 1437 2219 plebi
1452 2192 1484 2211 ex
1499 2183 1607 2220 publico
1621 2183 1721 2212 viritim
1737 2183 1851 2212 daretur.
1880 2181 2021 2219 Appianmfi

431 2220 477 2247 lib.
493 2230 514 2247 1.
531 2221 563 2248 de
580 2221 639 2247 Bell.
655 2221 723 2247 civil.
743 2222 828 2248 Florus
841 2222 912 2258 Epit.
926 2225 972 2249 60.
990 2220 1042 2248 cic.
1053 2231 1103 2259 pro
1116 2223 1220 2254 Sextio,
1241 2221 1424 2258 &alibisaepe,
1444 2221 1600 2256 Velley‘uslib.
1613 2232 1637 2250 2.
1657 2221 1915 2251 Plutarchusinvitis.
1933 2222 2008 2250 Hinc

431 2258 504 2286 locus
524 2258 619 2285 Romae
632 2258 786 2287 constitutus
797 2280 804 2291 ‚
824 2261 852 2288 in
867 2270 922 2298 quo
936 2259 1105 2290 frumentum
1118 2260 1257 2299 publicum
1272 2259 1447 2290 asservabatur
1458 2281 1467 2295 ‚
1486 2269 1538 2291 una
1553 2269 1616 2291 cuin
1629 2259 1733 2298 legibus
1744 2258 1940 2294 frumentariis,
1959 2260 2018 2303 quim

431 2296 567 2325 dicebatur
579 2295 664 2323 horrea
678 2300 829 2330 Semproma.

1927 2364 2008 2398 civia
