<?xml version="1.0" encoding="UTF-8"?>
<!DOCTYPE html PUBLIC "-//W3C//DTD XHTML 1.0 Transitional//EN"
    "http://www.w3.org/TR/xhtml1/DTD/xhtml1-transitional.dtd">
<html xmlns="http://www.w3.org/1999/xhtml" xml:lang="en" lang="en">
 <head>
  <title>
</title>
<meta http-equiv="Content-Type" content="text/html;charset=utf-8" />
  <meta name='ocr-system' content='tesseract 3.04.00' />
  <meta name='ocr-capabilities' content='ocr_page ocr_carea ocr_par ocr_line ocrx_word'/>
</head>
<body>
  <div class='ocr_page' id='page_1' title='image "./johannisrosinian00rosi/johannisrosinian00rosi_0027.png"; bbox 0 0 2075 2734; ppageno 0'>
   <div class='ocr_carea' id='block_1_1' title="bbox 473 99 1750 157">
    <p class='ocr_par' dir='ltr' id='par_1_1' title="bbox 473 99 1750 157">
     <span class='ocr_line' id='line_1_1' title="bbox 473 99 1750 157; baseline 0.007 -24"><span class='ocrx_word' id='word_1_1' title='bbox 473 99 671 133; x_wconf 69' lang='lat' dir='ltr'>De&#39;ronMA</span> <span class='ocrx_word' id='word_1_2' title='bbox 693 113 732 132; x_wconf 75' lang='grc' dir='ltr'>ετ</span> <span class='ocrx_word' id='word_1_3' title='bbox 755 113 1028 134; x_wconf 79' lang='lat' dir='ltr'>MAGNITUDINE</span> <span class='ocrx_word' id='word_1_4' title='bbox 1051 115 1158 135; x_wconf 64' lang='lat' dir='ltr'>urinis</span> <span class='ocrx_word' id='word_1_5' title='bbox 1180 107 1305 137; x_wconf 68' lang='lat' dir='ltr'>Rouffi.</span> <span class='ocrx_word' id='word_1_6' title='bbox 1326 111 1459 141; x_wconf 63' lang='lat' dir='ltr'>Cap-H.</span> <span class='ocrx_word' id='word_1_7' title='bbox 1726 127 1750 157; x_wconf 76' lang='lat'><strong><em>7</em></strong></span> 
     </span>
    </p>
   </div>
   <div class='ocr_carea' id='block_1_2' title="bbox 160 155 1527 534">
    <p class='ocr_par' dir='ltr' id='par_1_2' title="bbox 160 155 1527 534">
     <span class='ocr_line' id='line_1_2' title="bbox 160 155 1456 191; baseline 0.001 -5"><span class='ocrx_word' id='word_1_8' title='bbox 160 161 270 188; x_wconf 69' lang='lat' dir='ltr'>Pervenit</span> <span class='ocrx_word' id='word_1_9' title='bbox 280 158 337 184; x_wconf 85' lang='lat' dir='ltr'>inde</span> <span class='ocrx_word' id='word_1_10' title='bbox 347 158 466 183; x_wconf 83' lang='lat' dir='ltr'>Romulus</span> <span class='ocrx_word' id='word_1_11' title='bbox 478 158 560 181; x_wconf 87' lang='lat' dir='ltr'>locum</span> <span class='ocrx_word' id='word_1_12' title='bbox 570 155 598 179; x_wconf 80' lang='lat' dir='ltr'>ad</span> <span class='ocrx_word' id='word_1_13' title='bbox 611 155 696 191; x_wconf 66' lang='lat' dir='ltr'>oppidi</span> <span class='ocrx_word' id='word_1_14' title='bbox 973 160 1131 190; x_wconf 86' lang='lat' dir='ltr'>Domumque</span> <span class='ocrx_word' id='word_1_15' title='bbox 1143 159 1250 184; x_wconf 85' lang='lat' dir='ltr'>custodes</span> <span class='ocrx_word' id='word_1_16' title='bbox 1261 160 1342 185; x_wconf 85' lang='lat' dir='ltr'>fideles</span> <span class='ocrx_word' id='word_1_17' title='bbox 1353 162 1378 186; x_wconf 90' lang='lat'>&amp;</span> <span class='ocrx_word' id='word_1_18' title='bbox 1389 169 1456 188; x_wconf 82' lang='lat' dir='ltr'>catas.</span> 
     </span>
     <span class='ocr_line' id='line_1_3' title="bbox 163 188 1478 223; baseline 0.001 -5"><span class='ocrx_word' id='word_1_19' title='bbox 163 193 301 219; x_wconf 81' lang='lat' dir='ltr'>Pallantium</span> <span class='ocrx_word' id='word_1_20' title='bbox 314 189 372 215; x_wconf 66' lang='lat' dir='ltr'>disti</span> <span class='ocrx_word' id='word_1_21' title='bbox 384 189 426 214; x_wconf 89' lang='lat' dir='ltr'>suo</span> <span class='ocrx_word' id='word_1_22' title='bbox 438 188 452 213; x_wconf 60' lang='lat' dir='ltr'>*a</span> <span class='ocrx_word' id='word_1_23' title='bbox 461 188 569 214; x_wconf 69' lang='lat' dir='ltr'>duetore,</span> <span class='ocrx_word' id='word_1_24' title='bbox 587 193 631 223; x_wconf 65' lang='grc' dir='ltr'>(μμ</span> <span class='ocrx_word' id='word_1_25' title='bbox 972 192 993 213; x_wconf 80' lang='lat' dir='ltr'>Is</span> <span class='ocrx_word' id='word_1_26' title='bbox 1006 190 1081 221; x_wconf 83' lang='lat' dir='ltr'>postea</span> <span class='ocrx_word' id='word_1_27' title='bbox 1094 198 1186 222; x_wconf 76' lang='lat' dir='ltr'>arrepto</span> <span class='ocrx_word' id='word_1_28' title='bbox 1198 192 1264 219; x_wconf 88' lang='lat' dir='ltr'>luto,</span> <span class='ocrx_word' id='word_1_29' title='bbox 1281 193 1327 216; x_wconf 89' lang='lat' dir='ltr'>hoc</span> <span class='ocrx_word' id='word_1_30' title='bbox 1339 193 1478 219; x_wconf 85' lang='lat' dir='ltr'>extrinsecus</span> 
     </span>
     <span class='ocr_line' id='line_1_4' title="bbox 162 217 1443 254; baseline -0.001 -4"><span class='ocrx_word' id='word_1_31' title='bbox 162 226 234 250; x_wconf 80' lang='lat' dir='ltr'>Pallas</span> <span class='ocrx_word' id='word_1_32' title='bbox 246 223 382 250; x_wconf 73' lang='lat' dir='ltr'>vocabatur,</span> <span class='ocrx_word' id='word_1_33' title='bbox 397 221 467 246; x_wconf 85' lang='lat' dir='ltr'>fitum</span> <span class='ocrx_word' id='word_1_34' title='bbox 479 218 579 249; x_wconf 76' lang='lat' dir='ltr'>defignat</span> <span class='ocrx_word' id='word_1_35' title='bbox 591 217 629 254; x_wconf 68' lang='lat' dir='ltr'>hic</span> <span class='ocrx_word' id='word_1_36' title='bbox 637 226 644 240; x_wconf 89' lang='lat'>:</span> <span class='ocrx_word' id='word_1_37' title='bbox 970 222 1064 250; x_wconf 85' lang='lat' dir='ltr'>Projicit</span> <span class='ocrx_word' id='word_1_38' title='bbox 1077 223 1137 247; x_wconf 79' lang='lat' dir='ltr'>intra</span> <span class='ocrx_word' id='word_1_39' title='bbox 1147 224 1279 251; x_wconf 83' lang='lat' dir='ltr'>civitatem,</span> <span class='ocrx_word' id='word_1_40' title='bbox 1297 231 1322 248; x_wconf 91' lang='lat' dir='ltr'>ut</span> <span class='ocrx_word' id='word_1_41' title='bbox 1333 225 1443 249; x_wconf 77' lang='lat' dir='ltr'>cresceret</span> 
     </span>
     <span class='ocr_line' id='line_1_5' title="bbox 161 249 1473 288; baseline 0 -7"><span class='ocrx_word' id='word_1_42' title='bbox 161 255 278 288; x_wconf 83' lang='lat' dir='ltr'>Urbisque</span> <span class='ocrx_word' id='word_1_43' title='bbox 289 255 392 279; x_wconf 80' lang='lat' dir='ltr'>formam</span> <span class='ocrx_word' id='word_1_44' title='bbox 405 257 485 285; x_wconf 75' lang='lat' dir='ltr'>mente</span> <span class='ocrx_word' id='word_1_45' title='bbox 495 257 553 273; x_wconf 82' lang='lat' dir='ltr'>mox</span> <span class='ocrx_word' id='word_1_46' title='bbox 565 249 681 286; x_wconf 69' lang='lat' dir='ltr'>delineat,</span> <span class='ocrx_word' id='word_1_47' title='bbox 971 253 1107 285; x_wconf 83' lang='lat' dir='ltr'>Respublica</span> <span class='ocrx_word' id='word_1_48' title='bbox 1119 262 1186 278; x_wconf 83' lang='lat' dir='ltr'>orans</span> <span class='ocrx_word' id='word_1_49' title='bbox 1198 255 1225 279; x_wconf 82' lang='lat' dir='ltr'>ab</span> <span class='ocrx_word' id='word_1_50' title='bbox 1237 256 1317 280; x_wconf 74' lang='lat' dir='ltr'>alienis</span> <span class='ocrx_word' id='word_1_51' title='bbox 1328 258 1473 281; x_wconf 88' lang='lat' dir='ltr'>commodis.</span> 
     </span>
     <span class='ocr_line' id='line_1_6' title="bbox 162 285 1485 321; baseline 0 -9"><span class='ocrx_word' id='word_1_52' title='bbox 162 288 253 321; x_wconf 68' lang='lat' dir='ltr'>Junstis</span> <span class='ocrx_word' id='word_1_53' title='bbox 266 289 363 317; x_wconf 82' lang='lat' dir='ltr'>juvenco</span> <span class='ocrx_word' id='word_1_54' title='bbox 372 292 426 309; x_wconf 89' lang='lat' dir='ltr'>cum</span> <span class='ocrx_word' id='word_1_55' title='bbox 435 285 529 311; x_wconf 80' lang='lat' dir='ltr'>juvenca</span> <span class='ocrx_word' id='word_1_56' title='bbox 541 288 660 318; x_wconf 59' lang='lat' dir='ltr'>mmmm,</span> <span class='ocrx_word' id='word_1_57' title='bbox 971 285 1014 307; x_wconf 86' lang='lat' dir='ltr'>His</span> <span class='ocrx_word' id='word_1_58' title='bbox 1026 286 1157 310; x_wconf 80' lang='lat' dir='ltr'>constitutis</span> <span class='ocrx_word' id='word_1_59' title='bbox 1171 288 1215 315; x_wconf 86' lang='lat' dir='ltr'>ita,</span> <span class='ocrx_word' id='word_1_60' title='bbox 1233 287 1292 311; x_wconf 72' lang='lat' dir='ltr'>tubae</span> <span class='ocrx_word' id='word_1_61' title='bbox 1305 287 1383 312; x_wconf 83' lang='lat' dir='ltr'>sonitu</span> <span class='ocrx_word' id='word_1_62' title='bbox 1393 289 1485 320; x_wconf 80' lang='lat' dir='ltr'>oppido</span> 
     </span>
     <span class='ocr_line' id='line_1_7' title="bbox 162 313 1527 352; baseline 0 -7"><span class='ocrx_word' id='word_1_63' title='bbox 162 324 252 345; x_wconf 79' lang='lat' dir='ltr'>Taurus</span> <span class='ocrx_word' id='word_1_64' title='bbox 263 319 361 352; x_wconf 85' lang='lat' dir='ltr'>quidem</span> <span class='ocrx_word' id='word_1_65' title='bbox 371 314 471 347; x_wconf 78' lang='lat' dir='ltr'>pascebat</span> <span class='ocrx_word' id='word_1_66' title='bbox 483 314 511 350; x_wconf 74' lang='lat' dir='ltr'>ad</span> <span class='ocrx_word' id='word_1_67' title='bbox 521 321 599 345; x_wconf 84' lang='lat' dir='ltr'>campi</span> <span class='ocrx_word' id='word_1_68' title='bbox 611 313 667 341; x_wconf 80' lang='lat' dir='ltr'>sata,</span> <span class='ocrx_word' id='word_1_69' title='bbox 969 317 1075 347; x_wconf 87' lang='lat' dir='ltr'>Imponit</span> <span class='ocrx_word' id='word_1_70' title='bbox 1087 319 1161 342; x_wconf 81' lang='lat' dir='ltr'>altum</span> <span class='ocrx_word' id='word_1_71' title='bbox 1172 326 1262 343; x_wconf 86' lang='lat' dir='ltr'>nomen</span> <span class='ocrx_word' id='word_1_72' title='bbox 1270 336 1276 347; x_wconf 91' lang='lat'>,</span> <span class='ocrx_word' id='word_1_73' title='bbox 1295 320 1320 343; x_wconf 74' lang='grc' dir='ltr'>δε</span> <span class='ocrx_word' id='word_1_74' title='bbox 1332 323 1437 344; x_wconf 78' lang='lat' dir='ltr'>Romam</span> <span class='ocrx_word' id='word_1_75' title='bbox 1449 326 1527 344; x_wconf 83' lang='lat' dir='ltr'>vocat:</span> 
     </span>
     <span class='ocr_line' id='line_1_8' title="bbox 162 344 1485 383; baseline 0 -7"><span class='ocrx_word' id='word_1_76' title='bbox 162 352 264 383; x_wconf 83' lang='lat' dir='ltr'>Juvenca</span> <span class='ocrx_word' id='word_1_77' title='bbox 276 353 369 374; x_wconf 81' lang='lat' dir='ltr'>verterat</span> <span class='ocrx_word' id='word_1_78' title='bbox 381 346 404 370; x_wconf 86' lang='lat' dir='ltr'>se</span> <span class='ocrx_word' id='word_1_79' title='bbox 414 346 441 369; x_wconf 81' lang='lat' dir='ltr'>ad</span> <span class='ocrx_word' id='word_1_80' title='bbox 453 345 517 369; x_wconf 81' lang='lat' dir='ltr'>urbis</span> <span class='ocrx_word' id='word_1_81' title='bbox 529 344 623 382; x_wconf 75' lang='lat' dir='ltr'>pascua5</span> <span class='ocrx_word' id='word_1_82' title='bbox 969 349 997 370; x_wconf 88' lang='lat' dir='ltr'>Et</span> <span class='ocrx_word' id='word_1_83' title='bbox 1010 350 1159 380; x_wconf 75' lang='lat' dir='ltr'>congregavit</span> <span class='ocrx_word' id='word_1_84' title='bbox 1171 358 1261 374; x_wconf 77' lang='lat' dir='ltr'>coetum</span> <span class='ocrx_word' id='word_1_85' title='bbox 1274 350 1303 374; x_wconf 80' lang='lat' dir='ltr'>ab</span> <span class='ocrx_word' id='word_1_86' title='bbox 1314 353 1397 376; x_wconf 77' lang='lat' dir='ltr'>accolis</span> <span class='ocrx_word' id='word_1_87' title='bbox 1410 353 1470 376; x_wconf 85' lang='lat' dir='ltr'>locis</span> <span class='ocrx_word' id='word_1_88' title='bbox 1479 370 1485 379; x_wconf 86' lang='lat'>,</span> 
     </span>
     <span class='ocr_line' id='line_1_9' title="bbox 162 377 1523 413; baseline 0 -6"><span class='ocrx_word' id='word_1_89' title='bbox 162 385 206 408; x_wconf 84' lang='lat' dir='ltr'>His</span> <span class='ocrx_word' id='word_1_90' title='bbox 219 383 335 406; x_wconf 81' lang='lat' dir='ltr'>ominatus</span> <span class='ocrx_word' id='word_1_91' title='bbox 347 378 465 402; x_wconf 82' lang='lat' dir='ltr'>Romulus</span> <span class='ocrx_word' id='word_1_92' title='bbox 476 377 548 409; x_wconf 82' lang='lat' dir='ltr'>fignis</span> <span class='ocrx_word' id='word_1_93' title='bbox 558 383 616 412; x_wconf 74' lang='lat' dir='ltr'>erat,</span> <span class='ocrx_word' id='word_1_94' title='bbox 966 378 1080 408; x_wconf 85' lang='lat' dir='ltr'>Juvenes,</span> <span class='ocrx_word' id='word_1_95' title='bbox 1099 381 1199 411; x_wconf 82' lang='lat' dir='ltr'>puellas,</span> <span class='ocrx_word' id='word_1_96' title='bbox 1217 383 1332 413; x_wconf 86' lang='lat' dir='ltr'>virgines,</span> <span class='ocrx_word' id='word_1_97' title='bbox 1349 384 1427 411; x_wconf 86' lang='lat' dir='ltr'>viros,</span> <span class='ocrx_word' id='word_1_98' title='bbox 1445 383 1523 412; x_wconf 80' lang='lat' dir='ltr'>senes3</span> 
     </span>
     <span class='ocr_line' id='line_1_10' title="bbox 162 408 1495 446; baseline -0.001 -7"><span class='ocrx_word' id='word_1_99' title='bbox 162 418 221 439; x_wconf 83' lang='lat' dir='ltr'>Fore</span> <span class='ocrx_word' id='word_1_100' title='bbox 235 420 259 437; x_wconf 90' lang='lat' dir='ltr'>ut</span> <span class='ocrx_word' id='word_1_101' title='bbox 267 413 310 435; x_wconf 83' lang='lat' dir='ltr'>viri</span> <span class='ocrx_word' id='word_1_102' title='bbox 324 417 411 434; x_wconf 85' lang='lat' dir='ltr'>terrore</span> <span class='ocrx_word' id='word_1_103' title='bbox 422 409 477 433; x_wconf 81' lang='lat' dir='ltr'>clari</span> <span class='ocrx_word' id='word_1_104' title='bbox 490 408 560 433; x_wconf 71' lang='lat' dir='ltr'>essent</span> <span class='ocrx_word' id='word_1_105' title='bbox 569 408 644 437; x_wconf 83' lang='lat' dir='ltr'>foris,</span> <span class='ocrx_word' id='word_1_106' title='bbox 966 411 1011 432; x_wconf 84' lang='lat' dir='ltr'>Hic</span> <span class='ocrx_word' id='word_1_107' title='bbox 1023 411 1121 435; x_wconf 79' lang='lat' dir='ltr'>civitatis</span> <span class='ocrx_word' id='word_1_108' title='bbox 1134 413 1168 440; x_wconf 83' lang='lat' dir='ltr'>jus</span> <span class='ocrx_word' id='word_1_109' title='bbox 1179 413 1216 436; x_wconf 79' lang='lat' dir='ltr'>dat</span> <span class='ocrx_word' id='word_1_110' title='bbox 1226 430 1232 439; x_wconf 95' lang='lat'>‚</span> <span class='ocrx_word' id='word_1_111' title='bbox 1253 414 1356 446; x_wconf 65' lang='lat' dir='ltr'>cedesque</span> <span class='ocrx_word' id='word_1_112' title='bbox 1368 415 1495 442; x_wconf 81' lang='lat' dir='ltr'>omnibus,</span> 
     </span>
     <span class='ocr_line' id='line_1_11' title="bbox 162 441 1511 478; baseline 0.001 -10"><span class='ocrx_word' id='word_1_113' title='bbox 162 449 191 471; x_wconf 71' lang='lat' dir='ltr'>Et</span> <span class='ocrx_word' id='word_1_114' title='bbox 201 446 266 478; x_wconf 76' lang='lat' dir='ltr'>prole</span> <span class='ocrx_word' id='word_1_115' title='bbox 276 442 386 468; x_wconf 76' lang='lat' dir='ltr'>foecunda</span> <span class='ocrx_word' id='word_1_116' title='bbox 396 441 484 467; x_wconf 84' lang='lat' dir='ltr'>futuras</span> <span class='ocrx_word' id='word_1_117' title='bbox 496 441 618 467; x_wconf 78' lang='lat' dir='ltr'>foeminas,</span> <span class='ocrx_word' id='word_1_118' title='bbox 964 444 999 464; x_wconf 84' lang='lat' dir='ltr'>Ac</span> <span class='ocrx_word' id='word_1_119' title='bbox 1011 443 1102 473; x_wconf 87' lang='lat' dir='ltr'>primus</span> <span class='ocrx_word' id='word_1_120' title='bbox 1113 443 1151 467; x_wconf 88' lang='lat' dir='ltr'>hic</span> <span class='ocrx_word' id='word_1_121' title='bbox 1165 446 1217 468; x_wconf 75' lang='lat' dir='ltr'>Rex</span> <span class='ocrx_word' id='word_1_122' title='bbox 1230 443 1313 477; x_wconf 75' lang='lat' dir='ltr'>sceptra</span> <span class='ocrx_word' id='word_1_123' title='bbox 1324 450 1408 472; x_wconf 73' lang='lat' dir='ltr'>Romae</span> <span class='ocrx_word' id='word_1_124' title='bbox 1419 447 1511 471; x_wconf 67' lang='lat' dir='ltr'>stabilit.</span> 
     </span>
     <span class='ocr_line' id='line_1_12' title="bbox 827 506 1079 534; baseline 0.004 -1"><span class='ocrx_word' id='word_1_125' title='bbox 827 506 852 533; x_wconf 93' lang='lat' dir='ltr'><strong>C</strong></span> <span class='ocrx_word' id='word_1_126' title='bbox 874 516 890 534; x_wconf 77' lang='grc' dir='ltr'>Α</span> <span class='ocrx_word' id='word_1_127' title='bbox 910 516 924 534; x_wconf 75' lang='lat'>1‘</span> <span class='ocrx_word' id='word_1_128' title='bbox 947 516 964 534; x_wconf 86' lang='lat' dir='ltr'>u</span> <span class='ocrx_word' id='word_1_129' title='bbox 986 515 1003 532; x_wconf 83' lang='lat' dir='ltr'>T</span> <span class='ocrx_word' id='word_1_130' title='bbox 1044 507 1079 534; x_wconf 85' lang='grc' dir='ltr'>ΙΙ.</span> 
     </span>
    </p>
   </div>
   <div class='ocr_carea' id='block_1_3' title="bbox 614 560 1283 608">
    <p class='ocr_par' dir='ltr' id='par_1_3' title="bbox 614 560 1283 608">
     <span class='ocr_line' id='line_1_13' title="bbox 614 560 1283 608; baseline 0.007 -13"><span class='ocrx_word' id='word_1_131' title='bbox 614 561 665 595; x_wconf 88' lang='lat' dir='ltr'>De</span> <span class='ocrx_word' id='word_1_132' title='bbox 673 560 778 607; x_wconf 82' lang='lat' dir='ltr'>forma</span> <span class='ocrx_word' id='word_1_133' title='bbox 794 566 840 596; x_wconf 71' lang='lat'>(9⁴</span> <span class='ocrx_word' id='word_1_134' title='bbox 853 560 1064 608; x_wconf 67' lang='lat' dir='ltr'><em>magnitudine</em></span> <span class='ocrx_word' id='word_1_135' title='bbox 1076 561 1159 597; x_wconf 84' lang='lat' dir='ltr'>urbis</span> <span class='ocrx_word' id='word_1_136' title='bbox 1175 564 1283 600; x_wconf 58' lang='lat' dir='ltr'>Roma.</span> 
     </span>
    </p>
   </div>
   <div class='ocr_carea' id='block_1_4' title="bbox 151 641 1739 2132">
    <p class='ocr_par' dir='ltr' id='par_1_4' title="bbox 159 641 1738 680">
     <span class='ocr_line' id='line_1_14' title="bbox 159 641 1738 680; baseline 0.002 -7"><span class='ocrx_word' id='word_1_137' title='bbox 159 645 161 647; x_wconf 82' lang='grc'><strong>’</strong></span> <span class='ocrx_word' id='word_1_138' title='bbox 215 646 326 673; x_wconf 74' lang='lat' dir='ltr'>Ermiffii</span> <span class='ocrx_word' id='word_1_139' title='bbox 342 643 483 672; x_wconf 85' lang='lat' dir='ltr'>Numitori</span> <span class='ocrx_word' id='word_1_140' title='bbox 499 641 599 670; x_wconf 82' lang='lat' dir='ltr'>Albana</span> <span class='ocrx_word' id='word_1_141' title='bbox 615 651 659 673; x_wconf 88' lang='lat' dir='ltr'>re,</span> <span class='ocrx_word' id='word_1_142' title='bbox 680 650 709 671; x_wconf 88' lang='lat' dir='ltr'>ut</span> <span class='ocrx_word' id='word_1_143' title='bbox 722 643 781 680; x_wconf 82' lang='lat' dir='ltr'>jam</span> <span class='ocrx_word' id='word_1_144' title='bbox 796 642 900 670; x_wconf 65' lang='lat' dir='ltr'>dietum</span> <span class='ocrx_word' id='word_1_145' title='bbox 919 643 969 675; x_wconf 91' lang='lat' dir='ltr'>est,</span> <span class='ocrx_word' id='word_1_146' title='bbox 991 643 1124 672; x_wconf 81' lang='lat' dir='ltr'>Romulus</span> <span class='ocrx_word' id='word_1_147' title='bbox 1139 647 1165 674; x_wconf 73' lang='lat' dir='ltr'>Sc</span> <span class='ocrx_word' id='word_1_148' title='bbox 1181 646 1286 673; x_wconf 84' lang='lat' dir='ltr'>Remus</span> <span class='ocrx_word' id='word_1_149' title='bbox 1301 645 1478 675; x_wconf 76' lang='lat' dir='ltr'>condiderunt</span> <span class='ocrx_word' id='word_1_150' title='bbox 1494 645 1588 674; x_wconf 87' lang='lat' dir='ltr'>urbem</span> <span class='ocrx_word' id='word_1_151' title='bbox 1599 647 1738 680; x_wconf 70' lang='lat' dir='ltr'>Romam,</span> 
     </span>
    </p>

    <p class='ocr_par' dir='ltr' id='par_1_5' title="bbox 160 680 1739 1066">
     <span class='ocr_line' id='line_1_15' title="bbox 214 680 1736 721; baseline 0.003 -11"><span class='ocrx_word' id='word_1_152' title='bbox 214 694 271 721; x_wconf 73' lang='lat' dir='ltr'>quae</span> <span class='ocrx_word' id='word_1_153' title='bbox 291 684 380 721; x_wconf 87' lang='lat' dir='ltr'>postea</span> <span class='ocrx_word' id='word_1_154' title='bbox 400 680 532 716; x_wconf 82' lang='lat' dir='ltr'>Septicollis</span> <span class='ocrx_word' id='word_1_155' title='bbox 554 680 624 707; x_wconf 64' lang='lat' dir='ltr'>dieta</span> <span class='ocrx_word' id='word_1_156' title='bbox 647 681 697 709; x_wconf 89' lang='lat' dir='ltr'>fuit</span> <span class='ocrx_word' id='word_1_157' title='bbox 713 693 718 709; x_wconf 82' lang='lat' dir='ltr'><em>z</em></span> <span class='ocrx_word' id='word_1_158' title='bbox 742 681 813 717; x_wconf 88' lang='lat' dir='ltr'>quod</span> <span class='ocrx_word' id='word_1_159' title='bbox 834 680 938 717; x_wconf 80' lang='lat' dir='ltr'>septem</span> <span class='ocrx_word' id='word_1_160' title='bbox 953 690 1061 711; x_wconf 80' lang='lat' dir='ltr'>montes</span> <span class='ocrx_word' id='word_1_161' title='bbox 1076 685 1160 711; x_wconf 83' lang='lat' dir='ltr'>muris</span> <span class='ocrx_word' id='word_1_162' title='bbox 1174 683 1224 711; x_wconf 80' lang='lat' dir='ltr'>suis</span> <span class='ocrx_word' id='word_1_163' title='bbox 1240 683 1381 720; x_wconf 81' lang='lat' dir='ltr'>complexa</span> <span class='ocrx_word' id='word_1_164' title='bbox 1395 684 1434 712; x_wconf 78' lang='lat' dir='ltr'>iit.</span> <span class='ocrx_word' id='word_1_165' title='bbox 1475 686 1540 712; x_wconf 90' lang='lat' dir='ltr'>Non</span> <span class='ocrx_word' id='word_1_166' title='bbox 1554 693 1643 714; x_wconf 88' lang='lat' dir='ltr'>autem</span> <span class='ocrx_word' id='word_1_167' title='bbox 1658 686 1736 714; x_wconf 85' lang='lat' dir='ltr'>initio</span> 
     </span>
     <span class='ocr_line' id='line_1_16' title="bbox 160 718 1738 760; baseline -0.001 -10"><span class='ocrx_word' id='word_1_168' title='bbox 160 730 218 750; x_wconf 82' lang='lat' dir='ltr'>tam</span> <span class='ocrx_word' id='word_1_169' title='bbox 235 728 316 758; x_wconf 74' lang='lat' dir='ltr'>capax</span> <span class='ocrx_word' id='word_1_170' title='bbox 331 731 360 749; x_wconf 87' lang='lat' dir='ltr'>ea</span> <span class='ocrx_word' id='word_1_171' title='bbox 374 721 433 748; x_wconf 85' lang='lat' dir='ltr'>fuit.</span> <span class='ocrx_word' id='word_1_172' title='bbox 474 718 607 746; x_wconf 80' lang='lat' dir='ltr'>Romulus</span> <span class='ocrx_word' id='word_1_173' title='bbox 621 720 692 747; x_wconf 89' lang='lat' dir='ltr'>enim</span> <span class='ocrx_word' id='word_1_174' title='bbox 708 721 829 756; x_wconf 84' lang='lat' dir='ltr'>primum</span> <span class='ocrx_word' id='word_1_175' title='bbox 844 728 905 747; x_wconf 87' lang='lat' dir='ltr'>eam</span> <span class='ocrx_word' id='word_1_176' title='bbox 919 721 1074 758; x_wconf 74' lang='lat' dir='ltr'>quadratam</span> <span class='ocrx_word' id='word_1_177' title='bbox 1091 723 1211 750; x_wconf 80' lang='lat' dir='ltr'>condidit</span> <span class='ocrx_word' id='word_1_178' title='bbox 1225 724 1253 750; x_wconf 90' lang='lat' dir='ltr'>in</span> <span class='ocrx_word' id='word_1_179' title='bbox 1268 729 1363 750; x_wconf 89' lang='lat' dir='ltr'>monte</span> <span class='ocrx_word' id='word_1_180' title='bbox 1378 722 1496 750; x_wconf 88' lang='lat' dir='ltr'>Palatino</span> <span class='ocrx_word' id='word_1_181' title='bbox 1511 743 1517 753; x_wconf 90' lang='lat'>‚</span> <span class='ocrx_word' id='word_1_182' title='bbox 1539 730 1616 760; x_wconf 85' lang='lat' dir='ltr'>atque</span> <span class='ocrx_word' id='word_1_183' title='bbox 1630 733 1738 760; x_wconf 76' lang='lat' dir='ltr'>pomoe..</span> 
     </span>
     <span class='ocr_line' id='line_1_17' title="bbox 162 758 1737 799; baseline 0.001 -12"><span class='ocrx_word' id='word_1_184' title='bbox 162 761 204 788; x_wconf 87' lang='lat' dir='ltr'>rio</span> <span class='ocrx_word' id='word_1_185' title='bbox 219 760 314 788; x_wconf 84' lang='lat' dir='ltr'>claufit.</span> <span class='ocrx_word' id='word_1_186' title='bbox 354 760 399 787; x_wconf 88' lang='lat' dir='ltr'>Ne</span> <span class='ocrx_word' id='word_1_187' title='bbox 414 766 504 787; x_wconf 86' lang='lat' dir='ltr'>autem</span> <span class='ocrx_word' id='word_1_188' title='bbox 520 767 571 795; x_wconf 88' lang='lat' dir='ltr'>qua</span> <span class='ocrx_word' id='word_1_189' title='bbox 585 758 624 784; x_wconf 83' lang='lat' dir='ltr'>vis</span> <span class='ocrx_word' id='word_1_190' title='bbox 638 765 746 786; x_wconf 82' lang='lat' dir='ltr'>externa</span> <span class='ocrx_word' id='word_1_191' title='bbox 762 758 865 786; x_wconf 84' lang='lat' dir='ltr'><strong>Urbem</strong></span> <span class='ocrx_word' id='word_1_192' title='bbox 880 760 979 787; x_wconf 83' lang='lat' dir='ltr'>adoriri</span> <span class='ocrx_word' id='word_1_193' title='bbox 993 761 1078 796; x_wconf 77' lang='lat' dir='ltr'>posset</span> <span class='ocrx_word' id='word_1_194' title='bbox 1088 781 1095 790; x_wconf 76' lang='grc'>,</span> <span class='ocrx_word' id='word_1_195' title='bbox 1124 767 1202 797; x_wconf 79' lang='lat' dir='ltr'>atque</span> <span class='ocrx_word' id='word_1_196' title='bbox 1217 760 1327 788; x_wconf 87' lang='lat' dir='ltr'>finitimi</span> <span class='ocrx_word' id='word_1_197' title='bbox 1340 759 1420 787; x_wconf 88' lang='lat' dir='ltr'>colles</span> <span class='ocrx_word' id='word_1_198' title='bbox 1431 781 1437 791; x_wconf 91' lang='lat'>‚</span> <span class='ocrx_word' id='word_1_199' title='bbox 1464 760 1580 788; x_wconf 80' lang='lat' dir='ltr'>hostium</span> <span class='ocrx_word' id='word_1_200' title='bbox 1595 761 1737 799; x_wconf 87' lang='lat' dir='ltr'>aliquando</span> 
     </span>
     <span class='ocr_line' id='line_1_18' title="bbox 163 797 1737 838; baseline -0.001 -12"><span class='ocrx_word' id='word_1_201' title='bbox 163 807 235 826; x_wconf 86' lang='lat' dir='ltr'>arces</span> <span class='ocrx_word' id='word_1_202' title='bbox 257 797 353 829; x_wconf 82' lang='lat' dir='ltr'>effent,</span> <span class='ocrx_word' id='word_1_203' title='bbox 374 807 406 825; x_wconf 89' lang='lat' dir='ltr'>ex</span> <span class='ocrx_word' id='word_1_204' title='bbox 429 797 523 834; x_wconf 87' lang='lat' dir='ltr'>quibus</span> <span class='ocrx_word' id='word_1_205' title='bbox 544 798 665 823; x_wconf 87' lang='lat' dir='ltr'>Romam</span> <span class='ocrx_word' id='word_1_206' title='bbox 680 804 819 829; x_wconf 65' lang='lat' dir='ltr'>vexarent,</span> <span class='ocrx_word' id='word_1_207' title='bbox 840 807 895 825; x_wconf 91' lang='lat' dir='ltr'>non</span> <span class='ocrx_word' id='word_1_208' title='bbox 910 799 982 835; x_wconf 90' lang='lat' dir='ltr'>quod</span> <span class='ocrx_word' id='word_1_209' title='bbox 996 799 1026 825; x_wconf 84' lang='lat' dir='ltr'>iis</span> <span class='ocrx_word' id='word_1_210' title='bbox 1042 799 1106 827; x_wconf 91' lang='lat' dir='ltr'>locis</span> <span class='ocrx_word' id='word_1_211' title='bbox 1120 798 1266 836; x_wconf 72' lang='lat' dir='ltr'>indigeret,</span> <span class='ocrx_word' id='word_1_212' title='bbox 1288 797 1444 832; x_wconf 75' lang='lat' dir='ltr'>Capitolium</span> <span class='ocrx_word' id='word_1_213' title='bbox 1464 799 1570 834; x_wconf 85' lang='lat' dir='ltr'>primo,</span> <span class='ocrx_word' id='word_1_214' title='bbox 1592 808 1657 827; x_wconf 87' lang='lat' dir='ltr'>mox</span> <span class='ocrx_word' id='word_1_215' title='bbox 1670 801 1737 838; x_wconf 72' lang='lat' dir='ltr'>Qi-</span> 
     </span>
     <span class='ocr_line' id='line_1_19' title="bbox 161 835 1735 875; baseline 0.001 -13"><span class='ocrx_word' id='word_1_216' title='bbox 161 835 269 864; x_wconf 74' lang='lat' dir='ltr'>rinalem</span> <span class='ocrx_word' id='word_1_217' title='bbox 287 839 312 864; x_wconf 64' lang='grc' dir='ltr'>ἃ</span> <span class='ocrx_word' id='word_1_218' title='bbox 328 835 431 864; x_wconf 64' lang='lat' dir='ltr'>Caelium</span> <span class='ocrx_word' id='word_1_219' title='bbox 453 835 532 863; x_wconf 88' lang='lat' dir='ltr'>colles</span> <span class='ocrx_word' id='word_1_220' title='bbox 542 855 548 866; x_wconf 87' lang='lat'>‚</span> <span class='ocrx_word' id='word_1_221' title='bbox 569 835 614 872; x_wconf 85' lang='lat' dir='ltr'>qui</span> <span class='ocrx_word' id='word_1_222' title='bbox 636 844 709 864; x_wconf 83' lang='lat' dir='ltr'>erant</span> <span class='ocrx_word' id='word_1_223' title='bbox 731 835 790 863; x_wconf 89' lang='lat' dir='ltr'>urbi</span> <span class='ocrx_word' id='word_1_224' title='bbox 814 836 969 867; x_wconf 84' lang='lat' dir='ltr'>viciniores,</span> <span class='ocrx_word' id='word_1_225' title='bbox 993 839 1020 865; x_wconf 59' lang='grc' dir='ltr'>ἃ</span> <span class='ocrx_word' id='word_1_226' title='bbox 1043 848 1075 865; x_wconf 81' lang='lat' dir='ltr'>ex</span> <span class='ocrx_word' id='word_1_227' title='bbox 1091 836 1185 875; x_wconf 86' lang='lat' dir='ltr'>quibus</span> <span class='ocrx_word' id='word_1_228' title='bbox 1201 836 1270 864; x_wconf 90' lang='lat' dir='ltr'>Urbs</span> <span class='ocrx_word' id='word_1_229' title='bbox 1284 835 1337 872; x_wconf 86' lang='lat' dir='ltr'>ipsa</span> <span class='ocrx_word' id='word_1_230' title='bbox 1352 837 1437 874; x_wconf 82' lang='lat' dir='ltr'>magis</span> <span class='ocrx_word' id='word_1_231' title='bbox 1450 837 1599 873; x_wconf 79' lang='lat' dir='ltr'>oppugnari</span> <span class='ocrx_word' id='word_1_232' title='bbox 1614 845 1735 872; x_wconf 82' lang='lat' dir='ltr'>poterat,</span> 
     </span>
     <span class='ocr_line' id='line_1_20' title="bbox 162 873 1739 913; baseline 0.001 -12"><span class='ocrx_word' id='word_1_233' title='bbox 162 873 242 907; x_wconf 75' lang='lat' dir='ltr'>fuffa,</span> <span class='ocrx_word' id='word_1_234' title='bbox 262 873 315 901; x_wconf 87' lang='lat' dir='ltr'>five</span> <span class='ocrx_word' id='word_1_235' title='bbox 335 884 447 913; x_wconf 81' lang='lat' dir='ltr'>aggere,</span> <span class='ocrx_word' id='word_1_236' title='bbox 467 881 512 902; x_wconf 89' lang='lat' dir='ltr'>aut</span> <span class='ocrx_word' id='word_1_237' title='bbox 533 882 613 900; x_wconf 87' lang='lat' dir='ltr'>muro</span> <span class='ocrx_word' id='word_1_238' title='bbox 636 873 768 906; x_wconf 78' lang='lat' dir='ltr'>firmavit,</span> <span class='ocrx_word' id='word_1_239' title='bbox 788 874 960 911; x_wconf 66' lang='lat' dir='ltr'>praesidioque</span> <span class='ocrx_word' id='word_1_240' title='bbox 981 875 1070 904; x_wconf 83' lang='lat' dir='ltr'>locato</span> <span class='ocrx_word' id='word_1_241' title='bbox 1090 883 1217 912; x_wconf 80' lang='lat' dir='ltr'>tanquam</span> <span class='ocrx_word' id='word_1_242' title='bbox 1239 884 1312 903; x_wconf 88' lang='lat' dir='ltr'>arces</span> <span class='ocrx_word' id='word_1_243' title='bbox 1326 875 1463 903; x_wconf 82' lang='lat' dir='ltr'>munivit:</span> <span class='ocrx_word' id='word_1_244' title='bbox 1485 884 1547 901; x_wconf 89' lang='lat' dir='ltr'>cum</span> <span class='ocrx_word' id='word_1_245' title='bbox 1563 874 1739 903; x_wconf 86' lang='lat' dir='ltr'>nihilominus-</span> 
     </span>
     <span class='ocr_line' id='line_1_21' title="bbox 163 912 1734 950; baseline 0 -10"><span class='ocrx_word' id='word_1_246' title='bbox 163 920 237 940; x_wconf 81' lang='lat' dir='ltr'>extra</span> <span class='ocrx_word' id='word_1_247' title='bbox 252 912 333 941; x_wconf 84' lang='lat' dir='ltr'>Urbis</span> <span class='ocrx_word' id='word_1_248' title='bbox 348 914 424 950; x_wconf 77' lang='lat' dir='ltr'>ipiius</span> <span class='ocrx_word' id='word_1_249' title='bbox 438 913 539 940; x_wconf 76' lang='lat' dir='ltr'>moenia</span> <span class='ocrx_word' id='word_1_250' title='bbox 553 913 773 950; x_wconf 86' lang='lat' dir='ltr'>pomoeriumque</span> <span class='ocrx_word' id='word_1_251' title='bbox 788 912 877 940; x_wconf 82' lang='lat' dir='ltr'>essent.</span> <span class='ocrx_word' id='word_1_252' title='bbox 919 914 999 942; x_wconf 87' lang='lat' dir='ltr'>Paulo</span> <span class='ocrx_word' id='word_1_253' title='bbox 1013 915 1071 950; x_wconf 90' lang='lat' dir='ltr'>post</span> <span class='ocrx_word' id='word_1_254' title='bbox 1086 915 1164 941; x_wconf 84' lang='lat' dir='ltr'>Titus</span> <span class='ocrx_word' id='word_1_255' title='bbox 1180 915 1288 945; x_wconf 85' lang='lat' dir='ltr'>Tatius,</span> <span class='ocrx_word' id='word_1_256' title='bbox 1309 912 1466 941; x_wconf 87' lang='lat' dir='ltr'>Sabinorum</span> <span class='ocrx_word' id='word_1_257' title='bbox 1482 913 1555 944; x_wconf 82' lang='lat' dir='ltr'>Rex,</span> <span class='ocrx_word' id='word_1_258' title='bbox 1578 922 1640 940; x_wconf 89' lang='lat' dir='ltr'>cum</span> <span class='ocrx_word' id='word_1_259' title='bbox 1656 912 1669 940; x_wconf 67' lang='lat' dir='ltr'>il</span> <span class='ocrx_word' id='word_1_260' title='bbox 1679 915 1734 940; x_wconf 88' lang='lat' dir='ltr'>Ro-</span> 
     </span>
     <span class='ocr_line' id='line_1_22' title="bbox 162 950 1735 988; baseline 0.001 -11"><span class='ocrx_word' id='word_1_261' title='bbox 162 950 238 978; x_wconf 87' lang='lat' dir='ltr'>mulo</span> <span class='ocrx_word' id='word_1_262' title='bbox 259 951 286 977; x_wconf 89' lang='lat' dir='ltr'>in</span> <span class='ocrx_word' id='word_1_263' title='bbox 301 953 391 988; x_wconf 83' lang='lat' dir='ltr'>praelio</span> <span class='ocrx_word' id='word_1_264' title='bbox 405 951 489 978; x_wconf 61' lang='lat' dir='ltr'>vistus</span> <span class='ocrx_word' id='word_1_265' title='bbox 505 953 532 979; x_wconf 66' lang='grc' dir='ltr'>ὅ(</span> <span class='ocrx_word' id='word_1_266' title='bbox 545 951 572 978; x_wconf 89' lang='lat' dir='ltr'>in</span> <span class='ocrx_word' id='word_1_267' title='bbox 586 951 682 978; x_wconf 89' lang='lat' dir='ltr'>urbem</span> <span class='ocrx_word' id='word_1_268' title='bbox 697 960 817 988; x_wconf 83' lang='lat' dir='ltr'>receptus</span> <span class='ocrx_word' id='word_1_269' title='bbox 834 950 896 979; x_wconf 73' lang='lat' dir='ltr'>effer</span> <span class='ocrx_word' id='word_1_270' title='bbox 908 972 916 983; x_wconf 91' lang='lat'>,</span> <span class='ocrx_word' id='word_1_271' title='bbox 944 953 1039 980; x_wconf 89' lang='lat' dir='ltr'>veteris</span> <span class='ocrx_word' id='word_1_272' title='bbox 1054 951 1134 980; x_wconf 88' lang='lat' dir='ltr'>Urbis</span> <span class='ocrx_word' id='word_1_273' title='bbox 1150 953 1288 988; x_wconf 79' lang='lat' dir='ltr'>pomoerio</span> <span class='ocrx_word' id='word_1_274' title='bbox 1303 950 1441 986; x_wconf 73' lang='lat' dir='ltr'>Tarpeium</span> <span class='ocrx_word' id='word_1_275' title='bbox 1457 958 1582 979; x_wconf 88' lang='lat' dir='ltr'>montem</span> <span class='ocrx_word' id='word_1_276' title='bbox 1598 951 1735 987; x_wconf 74' lang='lat' dir='ltr'>adjunxit5</span> 
     </span>
     <span class='ocr_line' id='line_1_23' title="bbox 161 988 1734 1028; baseline 0.001 -13"><span class='ocrx_word' id='word_1_277' title='bbox 161 996 278 1026; x_wconf 88' lang='lat' dir='ltr'>eumque</span> <span class='ocrx_word' id='word_1_278' title='bbox 293 990 407 1021; x_wconf 80' lang='lat' dir='ltr'>Sabinis,</span> <span class='ocrx_word' id='word_1_279' title='bbox 429 991 474 1027; x_wconf 86' lang='lat' dir='ltr'>qui</span> <span class='ocrx_word' id='word_1_280' title='bbox 487 988 576 1017; x_wconf 88' lang='lat' dir='ltr'>secum</span> <span class='ocrx_word' id='word_1_281' title='bbox 592 991 712 1017; x_wconf 82' lang='lat' dir='ltr'>Romam</span> <span class='ocrx_word' id='word_1_282' title='bbox 728 990 988 1027; x_wconf 65' lang='lat' dir='ltr'>commigraverunt,</span> <span class='ocrx_word' id='word_1_283' title='bbox 1008 990 1182 1018; x_wconf 86' lang='lat' dir='ltr'>habitandum</span> <span class='ocrx_word' id='word_1_284' title='bbox 1197 990 1285 1021; x_wconf 88' lang='lat' dir='ltr'>dedit,</span> <span class='ocrx_word' id='word_1_285' title='bbox 1307 999 1388 1027; x_wconf 90' lang='lat' dir='ltr'>quem</span> <span class='ocrx_word' id='word_1_286' title='bbox 1403 992 1429 1018; x_wconf 58' lang='grc' dir='ltr'>ἃ*</span> <span class='ocrx_word' id='word_1_287' title='bbox 1442 989 1496 1026; x_wconf 90' lang='lat' dir='ltr'>ipse</span> <span class='ocrx_word' id='word_1_288' title='bbox 1509 988 1644 1017; x_wconf 87' lang='lat' dir='ltr'>habitavit.</span> <span class='ocrx_word' id='word_1_289' title='bbox 1669 989 1734 1028; x_wconf 51' lang='lat' dir='ltr'>Qu*-</span> 
     </span>
     <span class='ocr_line' id='line_1_24' title="bbox 160 1026 1504 1066; baseline 0 -12"><span class='ocrx_word' id='word_1_290' title='bbox 160 1026 268 1055; x_wconf 69' lang='lat' dir='ltr'>riualem</span> <span class='ocrx_word' id='word_1_291' title='bbox 284 1038 390 1066; x_wconf 87' lang='lat' dir='ltr'>quoque</span> <span class='ocrx_word' id='word_1_292' title='bbox 403 1035 530 1056; x_wconf 87' lang='lat' dir='ltr'>montem</span> <span class='ocrx_word' id='word_1_293' title='bbox 539 1049 545 1059; x_wconf 91' lang='lat'>‚</span> <span class='ocrx_word' id='word_1_294' title='bbox 565 1029 654 1056; x_wconf 80' lang='lat' dir='ltr'>addita</span> <span class='ocrx_word' id='word_1_295' title='bbox 668 1028 799 1060; x_wconf 84' lang='lat' dir='ltr'>custodia,</span> <span class='ocrx_word' id='word_1_296' title='bbox 819 1028 949 1056; x_wconf 85' lang='lat' dir='ltr'>firmavit:</span> <span class='ocrx_word' id='word_1_297' title='bbox 971 1039 1027 1057; x_wconf 90' lang='lat' dir='ltr'>non</span> <span class='ocrx_word' id='word_1_298' title='bbox 1041 1037 1133 1057; x_wconf 84' lang='lat' dir='ltr'>tamen</span> <span class='ocrx_word' id='word_1_299' title='bbox 1147 1028 1227 1056; x_wconf 80' lang='lat' dir='ltr'>Urbis</span> <span class='ocrx_word' id='word_1_300' title='bbox 1240 1029 1379 1064; x_wconf 79' lang='lat' dir='ltr'>pomoerio</span> <span class='ocrx_word' id='word_1_301' title='bbox 1393 1027 1504 1056; x_wconf 85' lang='lat' dir='ltr'>inclufit.</span> 
     </span>
    </p>

    <p class='ocr_par' dir='ltr' id='par_1_6' title="bbox 151 1065 1734 2132">
     <span class='ocr_line' id='line_1_25' title="bbox 201 1065 1734 1107; baseline 0.001 -15"><span class='ocrx_word' id='word_1_302' title='bbox 201 1066 323 1094; x_wconf 87' lang='lat' dir='ltr'>Romulo</span> <span class='ocrx_word' id='word_1_303' title='bbox 343 1067 457 1098; x_wconf 88' lang='lat' dir='ltr'>sublato,</span> <span class='ocrx_word' id='word_1_304' title='bbox 479 1068 572 1094; x_wconf 83' lang='lat' dir='ltr'>Numa</span> <span class='ocrx_word' id='word_1_305' title='bbox 595 1066 742 1101; x_wconf 85' lang='lat' dir='ltr'>Pompilius</span> <span class='ocrx_word' id='word_1_306' title='bbox 767 1072 807 1095; x_wconf 80' lang='lat'>11¹.</span> <span class='ocrx_word' id='word_1_307' title='bbox 835 1067 894 1094; x_wconf 78' lang='lat' dir='ltr'>Rex</span> <span class='ocrx_word' id='word_1_308' title='bbox 908 1068 971 1095; x_wconf 86' lang='lat' dir='ltr'>teste</span> <span class='ocrx_word' id='word_1_309' title='bbox 985 1066 1099 1107; x_wconf 73' lang='lat' dir='ltr'>Dionysio</span> <span class='ocrx_word' id='word_1_310' title='bbox 1112 1066 1197 1094; x_wconf 85' lang='lat' dir='ltr'>collem</span> <span class='ocrx_word' id='word_1_311' title='bbox 1216 1065 1397 1104; x_wconf 75' lang='lat' dir='ltr'>Qirinalem,</span> <span class='ocrx_word' id='word_1_312' title='bbox 1426 1067 1472 1103; x_wconf 89' lang='lat' dir='ltr'>qui</span> <span class='ocrx_word' id='word_1_313' title='bbox 1486 1065 1499 1093; x_wconf 72' lang='lat' dir='ltr'>a</span> <span class='ocrx_word' id='word_1_314' title='bbox 1514 1066 1580 1094; x_wconf 90' lang='lat' dir='ltr'>Tito</span> <span class='ocrx_word' id='word_1_315' title='bbox 1594 1067 1675 1093; x_wconf 79' lang='lat' dir='ltr'>Tatio</span> <span class='ocrx_word' id='word_1_316' title='bbox 1690 1076 1734 1093; x_wconf 90' lang='lat' dir='ltr'>cu-</span> 
     </span>
     <span class='ocr_line' id='line_1_26' title="bbox 163 1103 1734 1142; baseline -0.001 -10"><span class='ocrx_word' id='word_1_317' title='bbox 163 1104 245 1131; x_wconf 86' lang='lat' dir='ltr'>stodia</span> <span class='ocrx_word' id='word_1_318' title='bbox 266 1113 372 1133; x_wconf 84' lang='lat' dir='ltr'>tantum</span> <span class='ocrx_word' id='word_1_319' title='bbox 393 1106 513 1133; x_wconf 83' lang='lat' dir='ltr'>firmatus</span> <span class='ocrx_word' id='word_1_320' title='bbox 534 1113 604 1136; x_wconf 85' lang='lat' dir='ltr'>erat,</span> <span class='ocrx_word' id='word_1_321' title='bbox 627 1104 707 1132; x_wconf 80' lang='lat' dir='ltr'>Urbis</span> <span class='ocrx_word' id='word_1_322' title='bbox 730 1106 842 1133; x_wconf 80' lang='lat' dir='ltr'>circuitu</span> <span class='ocrx_word' id='word_1_323' title='bbox 863 1104 979 1138; x_wconf 78' lang='lat' dir='ltr'>inclusit,</span> <span class='ocrx_word' id='word_1_324' title='bbox 1001 1108 1027 1134; x_wconf 82' lang='lat'>&amp;</span> <span class='ocrx_word' id='word_1_325' title='bbox 1049 1106 1217 1142; x_wconf 84' lang='lat' dir='ltr'>pomoerium</span> <span class='ocrx_word' id='word_1_326' title='bbox 1237 1104 1358 1141; x_wconf 84' lang='lat' dir='ltr'>protulit.</span> <span class='ocrx_word' id='word_1_327' title='bbox 1400 1105 1497 1142; x_wconf 85' lang='lat' dir='ltr'>Neque</span> <span class='ocrx_word' id='word_1_328' title='bbox 1511 1114 1577 1131; x_wconf 87' lang='lat' dir='ltr'>vero</span> <span class='ocrx_word' id='word_1_329' title='bbox 1591 1103 1639 1132; x_wconf 87' lang='lat' dir='ltr'>hac</span> <span class='ocrx_word' id='word_1_330' title='bbox 1655 1103 1734 1132; x_wconf 88' lang='lat' dir='ltr'>Urbis</span> 
     </span>
     <span class='ocr_line' id='line_1_27' title="bbox 163 1141 1733 1182; baseline 0 -13"><span class='ocrx_word' id='word_1_331' title='bbox 163 1143 307 1178; x_wconf 80' lang='lat' dir='ltr'>capacitate</span> <span class='ocrx_word' id='word_1_332' title='bbox 326 1143 420 1182; x_wconf 81' lang='lat' dir='ltr'>reliqui</span> <span class='ocrx_word' id='word_1_333' title='bbox 444 1145 532 1180; x_wconf 81' lang='lat' dir='ltr'>Reges</span> <span class='ocrx_word' id='word_1_334' title='bbox 548 1144 668 1172; x_wconf 86' lang='lat' dir='ltr'>contenti</span> <span class='ocrx_word' id='word_1_335' title='bbox 691 1143 818 1171; x_wconf 85' lang='lat' dir='ltr'>fuerunt:</span> <span class='ocrx_word' id='word_1_336' title='bbox 838 1145 902 1181; x_wconf 86' lang='lat' dir='ltr'>quin</span> <span class='ocrx_word' id='word_1_337' title='bbox 925 1143 1011 1171; x_wconf 89' lang='lat' dir='ltr'>nullus</span> <span class='ocrx_word' id='word_1_338' title='bbox 1033 1143 1098 1176; x_wconf 85' lang='lat' dir='ltr'>fuit,</span> <span class='ocrx_word' id='word_1_339' title='bbox 1121 1144 1167 1181; x_wconf 87' lang='lat' dir='ltr'>qui</span> <span class='ocrx_word' id='word_1_340' title='bbox 1187 1153 1242 1170; x_wconf 87' lang='lat' dir='ltr'>non</span> <span class='ocrx_word' id='word_1_341' title='bbox 1256 1144 1423 1179; x_wconf 83' lang='lat' dir='ltr'>pomoerium</span> <span class='ocrx_word' id='word_1_342' title='bbox 1437 1141 1593 1179; x_wconf 88' lang='lat' dir='ltr'>protulerit,</span> <span class='ocrx_word' id='word_1_343' title='bbox 1614 1145 1641 1170; x_wconf 51' lang='grc' dir='ltr'>δί</span> <span class='ocrx_word' id='word_1_344' title='bbox 1654 1151 1733 1169; x_wconf 88' lang='lat' dir='ltr'>mon-</span> 
     </span>
     <span class='ocr_line' id='line_1_28' title="bbox 161 1180 1734 1219; baseline 0 -12"><span class='ocrx_word' id='word_1_345' title='bbox 161 1187 219 1208; x_wconf 89' lang='lat' dir='ltr'>tem</span> <span class='ocrx_word' id='word_1_346' title='bbox 239 1181 356 1219; x_wconf 81' lang='lat' dir='ltr'>aliquem</span> <span class='ocrx_word' id='word_1_347' title='bbox 377 1182 419 1210; x_wconf 86' lang='lat' dir='ltr'>vel</span> <span class='ocrx_word' id='word_1_348' title='bbox 441 1182 539 1210; x_wconf 88' lang='lat' dir='ltr'>collem</span> <span class='ocrx_word' id='word_1_349' title='bbox 561 1181 629 1210; x_wconf 90' lang='lat' dir='ltr'>Urbi</span> <span class='ocrx_word' id='word_1_350' title='bbox 650 1182 772 1209; x_wconf 80' lang='lat' dir='ltr'>addendo</span> <span class='ocrx_word' id='word_1_351' title='bbox 787 1201 794 1212; x_wconf 90' lang='lat'>,</span> <span class='ocrx_word' id='word_1_352' title='bbox 823 1191 883 1209; x_wconf 81' lang='lat' dir='ltr'>eam</span> <span class='ocrx_word' id='word_1_353' title='bbox 905 1183 1072 1218; x_wconf 79' lang='lat' dir='ltr'>capaciorem</span> <span class='ocrx_word' id='word_1_354' title='bbox 1096 1182 1198 1210; x_wconf 89' lang='lat' dir='ltr'>fecerit.</span> <span class='ocrx_word' id='word_1_355' title='bbox 1240 1181 1332 1208; x_wconf 82' lang='lat' dir='ltr'>Tullus</span> <span class='ocrx_word' id='word_1_356' title='bbox 1347 1183 1421 1210; x_wconf 88' lang='lat' dir='ltr'>enim</span> <span class='ocrx_word' id='word_1_357' title='bbox 1437 1181 1563 1208; x_wconf 80' lang='lat' dir='ltr'>Hostilius</span> <span class='ocrx_word' id='word_1_358' title='bbox 1578 1201 1584 1211; x_wconf 92' lang='lat'><strong>‚</strong></span> <span class='ocrx_word' id='word_1_359' title='bbox 1612 1180 1688 1208; x_wconf 85' lang='lat' dir='ltr'>Hosti</span> <span class='ocrx_word' id='word_1_360' title='bbox 1705 1182 1734 1208; x_wconf 88' lang='lat' dir='ltr'>F.</span> 
     </span>
     <span class='ocr_line' id='line_1_29' title="bbox 162 1218 1733 1257; baseline 0 -12"><span class='ocrx_word' id='word_1_361' title='bbox 162 1219 223 1245; x_wconf 84' lang='lat' dir='ltr'>Rex</span> <span class='ocrx_word' id='word_1_362' title='bbox 242 1230 250 1246; x_wconf 90' lang='lat'>1</span> <span class='ocrx_word' id='word_1_363' title='bbox 261 1231 300 1247; x_wconf 92' lang='lat'>11.</span> <span class='ocrx_word' id='word_1_364' title='bbox 333 1220 403 1247; x_wconf 75' lang='lat' dir='ltr'>Alba</span> <span class='ocrx_word' id='word_1_365' title='bbox 418 1220 489 1257; x_wconf 71' lang='lat' dir='ltr'>longa</span> <span class='ocrx_word' id='word_1_366' title='bbox 510 1221 611 1251; x_wconf 78' lang='lat' dir='ltr'>diruta,</span> <span class='ocrx_word' id='word_1_367' title='bbox 633 1219 793 1256; x_wconf 88' lang='lat' dir='ltr'>Albanisque</span> <span class='ocrx_word' id='word_1_368' title='bbox 808 1221 835 1247; x_wconf 90' lang='lat' dir='ltr'>in</span> <span class='ocrx_word' id='word_1_369' title='bbox 850 1219 955 1247; x_wconf 88' lang='lat' dir='ltr'>Urbem</span> <span class='ocrx_word' id='word_1_370' title='bbox 970 1222 1097 1256; x_wconf 83' lang='lat' dir='ltr'>receptis,</span> <span class='ocrx_word' id='word_1_371' title='bbox 1117 1228 1228 1247; x_wconf 78' lang='lat' dir='ltr'>montem</span> <span class='ocrx_word' id='word_1_372' title='bbox 1245 1223 1268 1245; x_wconf 90' lang='lat' dir='ltr'><em>C</em></span> <span class='ocrx_word' id='word_1_373' title='bbox 1268 1218 1347 1247; x_wconf 64' lang='lat' dir='ltr'>alium</span> <span class='ocrx_word' id='word_1_374' title='bbox 1366 1220 1504 1256; x_wconf 76' lang='lat' dir='ltr'>pomoerio</span> <span class='ocrx_word' id='word_1_375' title='bbox 1519 1219 1636 1249; x_wconf 82' lang='lat' dir='ltr'>addidit,</span> <span class='ocrx_word' id='word_1_376' title='bbox 1658 1228 1733 1246; x_wconf 89' lang='lat' dir='ltr'>eum-</span> 
     </span>
     <span class='ocr_line' id='line_1_30' title="bbox 162 1256 1731 1293; baseline 0 -11"><span class='ocrx_word' id='word_1_377' title='bbox 162 1263 214 1291; x_wconf 85' lang='lat' dir='ltr'>que</span> <span class='ocrx_word' id='word_1_378' title='bbox 229 1256 336 1283; x_wconf 81' lang='lat' dir='ltr'>Albanis</span> <span class='ocrx_word' id='word_1_379' title='bbox 350 1258 493 1284; x_wconf 87' lang='lat' dir='ltr'>colendum</span> <span class='ocrx_word' id='word_1_380' title='bbox 510 1258 654 1293; x_wconf 70' lang='lat' dir='ltr'>assignavit.</span> <span class='ocrx_word' id='word_1_381' title='bbox 682 1258 774 1292; x_wconf 81' lang='lat' dir='ltr'>Qem</span> <span class='ocrx_word' id='word_1_382' title='bbox 789 1265 880 1283; x_wconf 86' lang='lat' dir='ltr'>tamen</span> <span class='ocrx_word' id='word_1_383' title='bbox 894 1263 1019 1282; x_wconf 83' lang='lat' dir='ltr'>montem</span> <span class='ocrx_word' id='word_1_384' title='bbox 1036 1259 1144 1283; x_wconf 88' lang='lat' dir='ltr'>Ancum</span> <span class='ocrx_word' id='word_1_385' title='bbox 1160 1258 1291 1284; x_wconf 80' lang='lat' dir='ltr'>Martium</span> <span class='ocrx_word' id='word_1_386' title='bbox 1310 1267 1349 1283; x_wconf 84' lang='grc' dir='ltr'>ιν.</span> <span class='ocrx_word' id='word_1_387' title='bbox 1376 1259 1484 1293; x_wconf 80' lang='lat' dir='ltr'>Regem</span> <span class='ocrx_word' id='word_1_388' title='bbox 1498 1257 1635 1292; x_wconf 81' lang='lat' dir='ltr'>pomoerio</span> <span class='ocrx_word' id='word_1_389' title='bbox 1648 1256 1731 1283; x_wconf 80' lang='lat' dir='ltr'>inclu-</span> 
     </span>
     <span class='ocr_line' id='line_1_31' title="bbox 162 1291 1732 1328; baseline 0.002 -10"><span class='ocrx_word' id='word_1_390' title='bbox 162 1291 217 1319; x_wconf 65' lang='lat' dir='ltr'>fiss‘e</span> <span class='ocrx_word' id='word_1_391' title='bbox 239 1293 333 1320; x_wconf 82' lang='lat' dir='ltr'>Strabo</span> <span class='ocrx_word' id='word_1_392' title='bbox 346 1314 354 1324; x_wconf 92' lang='lat'><em>‚</em></span> <span class='ocrx_word' id='word_1_393' title='bbox 375 1293 415 1320; x_wconf 92' lang='lat' dir='ltr'>vel</span> <span class='ocrx_word' id='word_1_394' title='bbox 438 1295 469 1319; x_wconf 88' lang='lat' dir='ltr'>L.</span> <span class='ocrx_word' id='word_1_395' title='bbox 485 1293 663 1328; x_wconf 78' lang='lat' dir='ltr'>Tarquinium</span> <span class='ocrx_word' id='word_1_396' title='bbox 685 1291 804 1320; x_wconf 80' lang='lat' dir='ltr'>Priscum</span> <span class='ocrx_word' id='word_1_397' title='bbox 820 1313 828 1324; x_wconf 93' lang='lat'>,</span> <span class='ocrx_word' id='word_1_398' title='bbox 849 1293 957 1320; x_wconf 81' lang='lat' dir='ltr'>Tacitus</span> <span class='ocrx_word' id='word_1_399' title='bbox 978 1294 1104 1328; x_wconf 84' lang='lat' dir='ltr'>produnt.</span> <span class='ocrx_word' id='word_1_400' title='bbox 1145 1293 1205 1319; x_wconf 89' lang='lat' dir='ltr'>Post</span> <span class='ocrx_word' id='word_1_401' title='bbox 1225 1292 1296 1320; x_wconf 84' lang='lat' dir='ltr'>hunc</span> <span class='ocrx_word' id='word_1_402' title='bbox 1317 1294 1405 1320; x_wconf 88' lang='lat' dir='ltr'>Ancus</span> <span class='ocrx_word' id='word_1_403' title='bbox 1428 1295 1539 1320; x_wconf 83' lang='lat' dir='ltr'>Martius</span> <span class='ocrx_word' id='word_1_404' title='bbox 1553 1313 1560 1324; x_wconf 90' lang='lat'>,</span> <span class='ocrx_word' id='word_1_405' title='bbox 1582 1294 1681 1320; x_wconf 81' lang='lat' dir='ltr'>Numae</span> <span class='ocrx_word' id='word_1_406' title='bbox 1703 1296 1732 1321; x_wconf 82' lang='lat' dir='ltr'>F.</span> 
     </span>
     <span class='ocr_line' id='line_1_32' title="bbox 163 1328 1732 1362; baseline -0.001 -6"><span class='ocrx_word' id='word_1_407' title='bbox 163 1331 223 1357; x_wconf 84' lang='lat' dir='ltr'>Rex</span> <span class='ocrx_word' id='word_1_408' title='bbox 240 1340 280 1362; x_wconf 73' lang='lat' dir='ltr'>iv.</span> <span class='ocrx_word' id='word_1_409' title='bbox 303 1330 432 1358; x_wconf 88' lang='lat' dir='ltr'>Politorio</span> <span class='ocrx_word' id='word_1_410' title='bbox 446 1350 452 1360; x_wconf 90' lang='lat'>,</span> <span class='ocrx_word' id='word_1_411' title='bbox 482 1331 640 1356; x_wconf 77' lang='lat' dir='ltr'>Latinorum</span> <span class='ocrx_word' id='word_1_412' title='bbox 660 1329 736 1356; x_wconf 89' lang='lat' dir='ltr'>Urbe</span> <span class='ocrx_word' id='word_1_413' title='bbox 756 1329 840 1357; x_wconf 85' lang='lat' dir='ltr'>excisa</span> <span class='ocrx_word' id='word_1_414' title='bbox 854 1349 861 1359; x_wconf 97' lang='lat'>‚</span> <span class='ocrx_word' id='word_1_415' title='bbox 890 1331 991 1356; x_wconf 85' lang='lat' dir='ltr'>Latinis</span> <span class='ocrx_word' id='word_1_416' title='bbox 1006 1351 1013 1361; x_wconf 97' lang='lat'>,</span> <span class='ocrx_word' id='word_1_417' title='bbox 1040 1332 1068 1357; x_wconf 88' lang='lat' dir='ltr'>in</span> <span class='ocrx_word' id='word_1_418' title='bbox 1088 1329 1191 1357; x_wconf 89' lang='lat' dir='ltr'>Urbem</span> <span class='ocrx_word' id='word_1_419' title='bbox 1207 1329 1326 1360; x_wconf 78' lang='lat' dir='ltr'>adscitis,</span> <span class='ocrx_word' id='word_1_420' title='bbox 1354 1339 1464 1357; x_wconf 73' lang='lat' dir='ltr'>montem</span> <span class='ocrx_word' id='word_1_421' title='bbox 1480 1328 1643 1357; x_wconf 68' lang='lat' dir='ltr'>Aventinum</span> <span class='ocrx_word' id='word_1_422' title='bbox 1658 1330 1732 1358; x_wconf 83' lang='lat' dir='ltr'>habi-</span> 
     </span>
     <span class='ocr_line' id='line_1_33' title="bbox 161 1366 1731 1404; baseline 0.001 -9"><span class='ocrx_word' id='word_1_423' title='bbox 161 1368 273 1395; x_wconf 66' lang='lat' dir='ltr'>tandum</span> <span class='ocrx_word' id='word_1_424' title='bbox 294 1369 434 1399; x_wconf 69' lang='lat' dir='ltr'>concessit,</span> <span class='ocrx_word' id='word_1_425' title='bbox 455 1377 536 1404; x_wconf 90' lang='lat' dir='ltr'>quem</span> <span class='ocrx_word' id='word_1_426' title='bbox 559 1375 650 1394; x_wconf 86' lang='lat' dir='ltr'>tamen</span> <span class='ocrx_word' id='word_1_427' title='bbox 670 1374 699 1394; x_wconf 85' lang='lat' dir='ltr'>ut</span> <span class='ocrx_word' id='word_1_428' title='bbox 719 1366 889 1397; x_wconf 88' lang='lat' dir='ltr'>ominosum,</span> <span class='ocrx_word' id='word_1_429' title='bbox 910 1367 991 1394; x_wconf 81' lang='lat' dir='ltr'>Urbis</span> <span class='ocrx_word' id='word_1_430' title='bbox 1005 1368 1143 1403; x_wconf 62' lang='lat' dir='ltr'>pomoerio</span> <span class='ocrx_word' id='word_1_431' title='bbox 1156 1376 1211 1394; x_wconf 86' lang='lat' dir='ltr'>non</span> <span class='ocrx_word' id='word_1_432' title='bbox 1226 1366 1337 1394; x_wconf 80' lang='lat' dir='ltr'>inclusit.</span> <span class='ocrx_word' id='word_1_433' title='bbox 1379 1368 1456 1395; x_wconf 87' lang='lat' dir='ltr'>Idem</span> <span class='ocrx_word' id='word_1_434' title='bbox 1472 1375 1562 1395; x_wconf 87' lang='lat' dir='ltr'>autem</span> <span class='ocrx_word' id='word_1_435' title='bbox 1579 1369 1639 1394; x_wconf 85' lang='lat' dir='ltr'>Rex</span> <span class='ocrx_word' id='word_1_436' title='bbox 1654 1368 1731 1396; x_wconf 70' lang='lat' dir='ltr'>fellas</span> 
     </span>
     <span class='ocr_line' id='line_1_34' title="bbox 161 1403 1729 1441; baseline 0.001 -9"><span class='ocrx_word' id='word_1_437' title='bbox 161 1406 263 1434; x_wconf 87' lang='lat' dir='ltr'>circum</span> <span class='ocrx_word' id='word_1_438' title='bbox 286 1406 390 1434; x_wconf 89' lang='lat' dir='ltr'>Urbem</span> <span class='ocrx_word' id='word_1_439' title='bbox 413 1405 491 1437; x_wconf 80' lang='lat' dir='ltr'>fecit,</span> <span class='ocrx_word' id='word_1_440' title='bbox 512 1414 568 1441; x_wconf 73' lang='lat' dir='ltr'>qus:</span> <span class='ocrx_word' id='word_1_441' title='bbox 588 1403 732 1441; x_wconf 50' lang='lat' dir='ltr'>,Quonam</span> <span class='ocrx_word' id='word_1_442' title='bbox 753 1403 888 1441; x_wconf 70' lang='lat' dir='ltr'>appellatae</span> <span class='ocrx_word' id='word_1_443' title='bbox 909 1403 984 1436; x_wconf 84' lang='lat' dir='ltr'>sunt,</span> <span class='ocrx_word' id='word_1_444' title='bbox 1006 1407 1033 1433; x_wconf 67' lang='lat' dir='ltr'>&amp;c</span> <span class='ocrx_word' id='word_1_445' title='bbox 1047 1404 1207 1437; x_wconf 69' lang='lat' dir='ltr'>janiculum,</span> <span class='ocrx_word' id='word_1_446' title='bbox 1229 1413 1327 1441; x_wconf 88' lang='lat' dir='ltr'>quem,</span> <span class='ocrx_word' id='word_1_447' title='bbox 1349 1404 1421 1432; x_wconf 62' lang='lat' dir='ltr'>faci—o</span> <span class='ocrx_word' id='word_1_448' title='bbox 1434 1405 1509 1441; x_wconf 87' lang='lat' dir='ltr'>super</span> <span class='ocrx_word' id='word_1_449' title='bbox 1524 1405 1647 1432; x_wconf 89' lang='lat' dir='ltr'>Tiberim</span> <span class='ocrx_word' id='word_1_450' title='bbox 1662 1415 1729 1441; x_wconf 89' lang='lat' dir='ltr'>pon-</span> 
     </span>
     <span class='ocr_line' id='line_1_35' title="bbox 160 1442 1729 1479; baseline -0.001 -7"><span class='ocrx_word' id='word_1_451' title='bbox 160 1451 188 1472; x_wconf 90' lang='lat' dir='ltr'>te</span> <span class='ocrx_word' id='word_1_452' title='bbox 209 1443 332 1476; x_wconf 83' lang='lat' dir='ltr'>sublicio,</span> <span class='ocrx_word' id='word_1_453' title='bbox 354 1451 435 1472; x_wconf 81' lang='lat' dir='ltr'>muro</span> <span class='ocrx_word' id='word_1_454' title='bbox 456 1445 588 1473; x_wconf 76' lang='lat' dir='ltr'>cinxerat,</span> <span class='ocrx_word' id='word_1_455' title='bbox 610 1442 678 1470; x_wconf 90' lang='lat' dir='ltr'>Urbi</span> <span class='ocrx_word' id='word_1_456' title='bbox 698 1443 808 1470; x_wconf 86' lang='lat' dir='ltr'>addidit.</span> <span class='ocrx_word' id='word_1_457' title='bbox 843 1443 950 1470; x_wconf 86' lang='lat' dir='ltr'>Secutus</span> <span class='ocrx_word' id='word_1_458' title='bbox 972 1453 1033 1471; x_wconf 84' lang='lat' dir='ltr'>eum</span> <span class='ocrx_word' id='word_1_459' title='bbox 1050 1445 1081 1471; x_wconf 89' lang='lat' dir='ltr'>L.</span> <span class='ocrx_word' id='word_1_460' title='bbox 1097 1443 1272 1479; x_wconf 80' lang='lat' dir='ltr'>Tarquinius,</span> <span class='ocrx_word' id='word_1_461' title='bbox 1294 1444 1431 1470; x_wconf 82' lang='lat' dir='ltr'>Damarati</span> <span class='ocrx_word' id='word_1_462' title='bbox 1446 1445 1473 1470; x_wconf 90' lang='lat' dir='ltr'>F.</span> <span class='ocrx_word' id='word_1_463' title='bbox 1489 1442 1605 1474; x_wconf 82' lang='lat' dir='ltr'>Priscus,</span> <span class='ocrx_word' id='word_1_464' title='bbox 1627 1444 1687 1471; x_wconf 83' lang='lat' dir='ltr'>Rex</span> <span class='ocrx_word' id='word_1_465' title='bbox 1702 1454 1729 1472; x_wconf 90' lang='lat' dir='ltr'>v-.</span> 
     </span>
     <span class='ocr_line' id='line_1_36' title="bbox 160 1480 1728 1519; baseline -0.001 -10"><span class='ocrx_word' id='word_1_466' title='bbox 160 1482 240 1510; x_wconf 88' lang='lat' dir='ltr'>Urbis</span> <span class='ocrx_word' id='word_1_467' title='bbox 261 1493 353 1511; x_wconf 89' lang='lat' dir='ltr'>muros</span> <span class='ocrx_word' id='word_1_468' title='bbox 374 1481 511 1510; x_wconf 82' lang='lat' dir='ltr'>ruderibus</span> <span class='ocrx_word' id='word_1_469' title='bbox 527 1502 533 1511; x_wconf 81' lang='lat'>,</span> <span class='ocrx_word' id='word_1_470' title='bbox 561 1480 706 1518; x_wconf 80' lang='lat' dir='ltr'>vilibusque</span> <span class='ocrx_word' id='word_1_471' title='bbox 728 1481 861 1508; x_wconf 62' lang='lat' dir='ltr'>structuris</span> <span class='ocrx_word' id='word_1_472' title='bbox 881 1481 913 1508; x_wconf 88' lang='lat' dir='ltr'>ad</span> <span class='ocrx_word' id='word_1_473' title='bbox 936 1491 995 1509; x_wconf 82' lang='lat' dir='ltr'>cam</span> <span class='ocrx_word' id='word_1_474' title='bbox 1017 1483 1090 1510; x_wconf 89' lang='lat' dir='ltr'>diem</span> <span class='ocrx_word' id='word_1_475' title='bbox 1110 1481 1252 1508; x_wconf 73' lang='lat' dir='ltr'>aedificatos</span> <span class='ocrx_word' id='word_1_476' title='bbox 1266 1501 1273 1511; x_wconf 96' lang='lat'>,</span> <span class='ocrx_word' id='word_1_477' title='bbox 1293 1481 1396 1516; x_wconf 83' lang='lat' dir='ltr'>primus</span> <span class='ocrx_word' id='word_1_478' title='bbox 1418 1482 1501 1517; x_wconf 65' lang='lat' dir='ltr'>coepit</span> <span class='ocrx_word' id='word_1_479' title='bbox 1521 1480 1586 1509; x_wconf 72' lang='lat' dir='ltr'>fixis</span> <span class='ocrx_word' id='word_1_480' title='bbox 1607 1484 1728 1519; x_wconf 82' lang='lat' dir='ltr'>magnis,</span> 
     </span>
     <span class='ocr_line' id='line_1_37' title="bbox 158 1517 1728 1556; baseline 0 -9"><span class='ocrx_word' id='word_1_481' title='bbox 158 1520 268 1552; x_wconf 75' lang='lat' dir='ltr'>Albano,</span> <span class='ocrx_word' id='word_1_482' title='bbox 289 1519 437 1552; x_wconf 67' lang='lat' dir='ltr'>Tibartino,</span> <span class='ocrx_word' id='word_1_483' title='bbox 457 1523 483 1548; x_wconf 62' lang='grc' dir='ltr'>ἃ</span> <span class='ocrx_word' id='word_1_484' title='bbox 503 1517 649 1555; x_wconf 71' lang='lat' dir='ltr'>Praenestmo</span> <span class='ocrx_word' id='word_1_485' title='bbox 667 1519 699 1546; x_wconf 87' lang='lat' dir='ltr'>ad</span> <span class='ocrx_word' id='word_1_486' title='bbox 719 1519 839 1556; x_wconf 80' lang='lat' dir='ltr'>regulam</span> <span class='ocrx_word' id='word_1_487' title='bbox 862 1519 984 1548; x_wconf 81' lang='lat' dir='ltr'>formatis</span> <span class='ocrx_word' id='word_1_488' title='bbox 1005 1529 1142 1554; x_wconf 66' lang='lat' dir='ltr'>extruere,</span> <span class='ocrx_word' id='word_1_489' title='bbox 1164 1528 1230 1555; x_wconf 87' lang='lat' dir='ltr'>quos</span> <span class='ocrx_word' id='word_1_490' title='bbox 1254 1519 1358 1545; x_wconf 86' lang='lat' dir='ltr'>Servius</span> <span class='ocrx_word' id='word_1_491' title='bbox 1381 1519 1484 1547; x_wconf 86' lang='lat' dir='ltr'>Tullius</span> <span class='ocrx_word' id='word_1_492' title='bbox 1508 1521 1567 1548; x_wconf 84' lang='lat' dir='ltr'>Rex</span> <span class='ocrx_word' id='word_1_493' title='bbox 1582 1528 1626 1546; x_wconf 90' lang='lat' dir='ltr'>v1.</span> <span class='ocrx_word' id='word_1_494' title='bbox 1640 1520 1728 1555; x_wconf 86' lang='lat' dir='ltr'>perfe-</span> 
     </span>
     <span class='ocr_line' id='line_1_38' title="bbox 159 1555 1727 1595; baseline -0.001 -9"><span class='ocrx_word' id='word_1_495' title='bbox 159 1559 204 1587; x_wconf 89' lang='lat' dir='ltr'>cit.</span> <span class='ocrx_word' id='word_1_496' title='bbox 243 1560 285 1587; x_wconf 89' lang='lat' dir='ltr'>De</span> <span class='ocrx_word' id='word_1_497' title='bbox 306 1559 358 1587; x_wconf 91' lang='lat' dir='ltr'>hoc</span> <span class='ocrx_word' id='word_1_498' title='bbox 379 1560 452 1586; x_wconf 86' lang='lat' dir='ltr'>enim</span> <span class='ocrx_word' id='word_1_499' title='bbox 474 1567 565 1586; x_wconf 86' lang='lat' dir='ltr'>rerum</span> <span class='ocrx_word' id='word_1_500' title='bbox 589 1558 775 1585; x_wconf 76' lang='lat' dir='ltr'>Romanarum</span> <span class='ocrx_word' id='word_1_501' title='bbox 796 1558 936 1593; x_wconf 77' lang='lat' dir='ltr'>scriPtores</span> <span class='ocrx_word' id='word_1_502' title='bbox 956 1559 1076 1590; x_wconf 84' lang='lat' dir='ltr'>tradunt,</span> <span class='ocrx_word' id='word_1_503' title='bbox 1097 1557 1169 1595; x_wconf 88' lang='lat' dir='ltr'>quod</span> <span class='ocrx_word' id='word_1_504' title='bbox 1183 1555 1320 1595; x_wconf 63' lang='lat' dir='ltr'>Efilm&#39;lias,</span> <span class='ocrx_word' id='word_1_505' title='bbox 1340 1556 1503 1595; x_wconf 72' lang='lat' dir='ltr'>Qirinalem</span> <span class='ocrx_word' id='word_1_506' title='bbox 1518 1560 1545 1585; x_wconf 56' lang='grc' dir='ltr'>ἃ</span> <span class='ocrx_word' id='word_1_507' title='bbox 1558 1555 1727 1590; x_wconf 67' lang='lat' dir='ltr'>Viminalem,</span> 
     </span>
     <span class='ocr_line' id='line_1_39' title="bbox 161 1594 1727 1634; baseline 0.001 -11"><span class='ocrx_word' id='word_1_508' title='bbox 161 1604 283 1630; x_wconf 62' lang='lat' dir='ltr'>montes,</span> <span class='ocrx_word' id='word_1_509' title='bbox 307 1598 386 1626; x_wconf 88' lang='lat' dir='ltr'>Urbis</span> <span class='ocrx_word' id='word_1_510' title='bbox 407 1597 544 1633; x_wconf 69' lang='lat' dir='ltr'>pomoerio</span> <span class='ocrx_word' id='word_1_511' title='bbox 566 1596 712 1627; x_wconf 75' lang='lat' dir='ltr'>addiderit,</span> <span class='ocrx_word' id='word_1_512' title='bbox 735 1598 761 1624; x_wconf 61' lang='grc' dir='ltr'>ἃ</span> <span class='ocrx_word' id='word_1_513' title='bbox 784 1597 904 1623; x_wconf 80' lang='lat' dir='ltr'>Romam</span> <span class='ocrx_word' id='word_1_514' title='bbox 920 1606 1032 1634; x_wconf 77' lang='lat' dir='ltr'>aggere,</span> <span class='ocrx_word' id='word_1_515' title='bbox 1054 1596 1126 1624; x_wconf 74' lang='lat' dir='ltr'>fossis</span> <span class='ocrx_word' id='word_1_516' title='bbox 1141 1598 1167 1623; x_wconf 62' lang='lat' dir='ltr'>&amp;c</span> <span class='ocrx_word' id='word_1_517' title='bbox 1183 1604 1263 1622; x_wconf 88' lang='lat' dir='ltr'>muro</span> <span class='ocrx_word' id='word_1_518' title='bbox 1279 1594 1384 1631; x_wconf 80' lang='lat' dir='ltr'>lapideo</span> <span class='ocrx_word' id='word_1_519' title='bbox 1399 1596 1615 1623; x_wconf 86' lang='lat' dir='ltr'>circumdederit.</span> <span class='ocrx_word' id='word_1_520' title='bbox 1656 1597 1727 1624; x_wconf 90' lang='lat' dir='ltr'>Tan-</span> 
     </span>
     <span class='ocr_line' id='line_1_40' title="bbox 160 1633 1727 1673; baseline 0 -11"><span class='ocrx_word' id='word_1_521' title='bbox 160 1636 225 1663; x_wconf 89' lang='lat' dir='ltr'>dem</span> <span class='ocrx_word' id='word_1_522' title='bbox 248 1637 278 1663; x_wconf 93' lang='lat' dir='ltr'>L.</span> <span class='ocrx_word' id='word_1_523' title='bbox 294 1637 452 1673; x_wconf 79' lang='lat' dir='ltr'>Tarquinius</span> <span class='ocrx_word' id='word_1_524' title='bbox 476 1638 506 1663; x_wconf 94' lang='lat' dir='ltr'>L.</span> <span class='ocrx_word' id='word_1_525' title='bbox 522 1636 550 1662; x_wconf 87' lang='lat' dir='ltr'>F.</span> <span class='ocrx_word' id='word_1_526' title='bbox 566 1634 710 1670; x_wconf 78' lang='lat' dir='ltr'>Superbus,</span> <span class='ocrx_word' id='word_1_527' title='bbox 733 1635 793 1662; x_wconf 73' lang='lat' dir='ltr'>Rex</span> <span class='ocrx_word' id='word_1_528' title='bbox 806 1644 868 1661; x_wconf 75' lang='lat' dir='ltr'>vn.</span> <span class='ocrx_word' id='word_1_529' title='bbox 890 1635 1025 1663; x_wconf 69' lang='lat' dir='ltr'>immenso</span> <span class='ocrx_word' id='word_1_530' title='bbox 1047 1634 1078 1661; x_wconf 85' lang='lat' dir='ltr'>ab</span> <span class='ocrx_word' id='word_1_531' title='bbox 1101 1635 1205 1662; x_wconf 86' lang='lat' dir='ltr'>oriente</span> <span class='ocrx_word' id='word_1_532' title='bbox 1226 1642 1322 1671; x_wconf 81' lang='lat' dir='ltr'>aggere</span> <span class='ocrx_word' id='word_1_533' title='bbox 1343 1634 1434 1662; x_wconf 88' lang='lat' dir='ltr'>addito</span> <span class='ocrx_word' id='word_1_534' title='bbox 1450 1654 1458 1665; x_wconf 91' lang='lat'>,</span> <span class='ocrx_word' id='word_1_535' title='bbox 1478 1633 1583 1661; x_wconf 87' lang='lat' dir='ltr'>Urbem</span> <span class='ocrx_word' id='word_1_536' title='bbox 1596 1634 1727 1662; x_wconf 84' lang='lat' dir='ltr'>tutiorem</span> 
     </span>
     <span class='ocr_line' id='line_1_41' title="bbox 159 1671 1727 1711; baseline -0.001 -10"><span class='ocrx_word' id='word_1_537' title='bbox 159 1674 231 1702; x_wconf 79' lang='lat' dir='ltr'>fecit.</span> <span class='ocrx_word' id='word_1_538' title='bbox 273 1675 306 1702; x_wconf 81' lang='lat' dir='ltr'>Et</span> <span class='ocrx_word' id='word_1_539' title='bbox 326 1675 359 1702; x_wconf 88' lang='lat' dir='ltr'>ad</span> <span class='ocrx_word' id='word_1_540' title='bbox 373 1674 442 1702; x_wconf 87' lang='lat' dir='ltr'>hunc</span> <span class='ocrx_word' id='word_1_541' title='bbox 456 1674 565 1711; x_wconf 83' lang='lat' dir='ltr'>quidem</span> <span class='ocrx_word' id='word_1_542' title='bbox 581 1673 697 1700; x_wconf 75' lang='lat' dir='ltr'>medum</span> <span class='ocrx_word' id='word_1_543' title='bbox 712 1671 814 1708; x_wconf 84' lang='lat' dir='ltr'>septem</span> <span class='ocrx_word' id='word_1_544' title='bbox 829 1671 866 1699; x_wconf 88' lang='lat' dir='ltr'>illi</span> <span class='ocrx_word' id='word_1_545' title='bbox 881 1674 967 1710; x_wconf 75' lang='lat' dir='ltr'>Reges</span> <span class='ocrx_word' id='word_1_546' title='bbox 981 1673 1085 1700; x_wconf 83' lang='lat' dir='ltr'>Urbem</span> <span class='ocrx_word' id='word_1_547' title='bbox 1099 1671 1269 1707; x_wconf 80' lang='lat' dir='ltr'>amplificasse</span> <span class='ocrx_word' id='word_1_548' title='bbox 1283 1692 1290 1702; x_wconf 92' lang='lat'><em>‚</em></span> <span class='ocrx_word' id='word_1_549' title='bbox 1311 1682 1323 1698; x_wconf 83' lang='lat'><em>1</em></span> <span class='ocrx_word' id='word_1_550' title='bbox 1340 1672 1472 1699; x_wconf 86' lang='lat' dir='ltr'>veteribus</span> <span class='ocrx_word' id='word_1_551' title='bbox 1487 1671 1658 1708; x_wconf 80' lang='lat' dir='ltr'>scriptoribus</span> <span class='ocrx_word' id='word_1_552' title='bbox 1674 1680 1727 1699; x_wconf 86' lang='lat' dir='ltr'>tra-</span> 
     </span>
     <span class='ocr_line' id='line_1_42' title="bbox 159 1709 1725 1749; baseline -0.001 -9"><span class='ocrx_word' id='word_1_553' title='bbox 159 1713 277 1740; x_wconf 86' lang='lat' dir='ltr'>duntur:</span> <span class='ocrx_word' id='word_1_554' title='bbox 298 1721 449 1749; x_wconf 82' lang='lat' dir='ltr'>quanquam</span> <span class='ocrx_word' id='word_1_555' title='bbox 471 1713 504 1740; x_wconf 88' lang='lat' dir='ltr'>de</span> <span class='ocrx_word' id='word_1_556' title='bbox 526 1710 658 1746; x_wconf 83' lang='lat' dir='ltr'>nonnullis</span> <span class='ocrx_word' id='word_1_557' title='bbox 679 1712 748 1739; x_wconf 84' lang='lat' dir='ltr'>inter</span> <span class='ocrx_word' id='word_1_558' title='bbox 768 1720 812 1738; x_wconf 88' lang='lat' dir='ltr'>eos</span> <span class='ocrx_word' id='word_1_559' title='bbox 834 1720 889 1738; x_wconf 86' lang='lat' dir='ltr'>non</span> <span class='ocrx_word' id='word_1_560' title='bbox 904 1712 1053 1739; x_wconf 75' lang='lat' dir='ltr'>conveniat.</span> <span class='ocrx_word' id='word_1_561' title='bbox 1095 1711 1230 1738; x_wconf 82' lang='lat' dir='ltr'>Libertate</span> <span class='ocrx_word' id='word_1_562' title='bbox 1244 1709 1337 1746; x_wconf 82' lang='lat' dir='ltr'>populi</span> <span class='ocrx_word' id='word_1_563' title='bbox 1352 1711 1508 1741; x_wconf 81' lang='lat' dir='ltr'>constituta,</span> <span class='ocrx_word' id='word_1_564' title='bbox 1529 1710 1679 1746; x_wconf 86' lang='lat' dir='ltr'>produntur</span> <span class='ocrx_word' id='word_1_565' title='bbox 1695 1713 1725 1738; x_wconf 93' lang='lat' dir='ltr'>L.</span> 
     </span>
     <span class='ocr_line' id='line_1_43' title="bbox 160 1747 1725 1785; baseline -0.001 -7"><span class='ocrx_word' id='word_1_566' title='bbox 160 1750 300 1778; x_wconf 85' lang='lat' dir='ltr'>Cornelius</span> <span class='ocrx_word' id='word_1_567' title='bbox 324 1754 354 1779; x_wconf 87' lang='lat' dir='ltr'>L.</span> <span class='ocrx_word' id='word_1_568' title='bbox 370 1751 398 1777; x_wconf 87' lang='lat' dir='ltr'>F.</span> <span class='ocrx_word' id='word_1_569' title='bbox 413 1751 440 1778; x_wconf 89' lang='lat' dir='ltr'>P.</span> <span class='ocrx_word' id='word_1_570' title='bbox 457 1752 494 1778; x_wconf 87' lang='lat' dir='ltr'>N.</span> <span class='ocrx_word' id='word_1_571' title='bbox 514 1749 582 1777; x_wconf 62' lang='lat' dir='ltr'>fulla</span> <span class='ocrx_word' id='word_1_572' title='bbox 605 1749 677 1776; x_wconf 73' lang='lat' dir='ltr'>Felix</span> <span class='ocrx_word' id='word_1_573' title='bbox 700 1749 822 1777; x_wconf 67' lang='lat' dir='ltr'>,metator</span> <span class='ocrx_word' id='word_1_574' title='bbox 837 1770 843 1780; x_wconf 94' lang='lat'>,</span> <span class='ocrx_word' id='word_1_575' title='bbox 866 1751 898 1776; x_wconf 87' lang='lat' dir='ltr'>C.</span> <span class='ocrx_word' id='word_1_576' title='bbox 917 1749 996 1784; x_wconf 74' lang='lat' dir='ltr'>Julius</span> <span class='ocrx_word' id='word_1_577' title='bbox 1011 1751 1043 1777; x_wconf 89' lang='lat' dir='ltr'>C.</span> <span class='ocrx_word' id='word_1_578' title='bbox 1059 1751 1086 1776; x_wconf 85' lang='lat' dir='ltr'>F.</span> <span class='ocrx_word' id='word_1_579' title='bbox 1103 1750 1135 1776; x_wconf 89' lang='lat' dir='ltr'>C.</span> <span class='ocrx_word' id='word_1_580' title='bbox 1150 1748 1186 1774; x_wconf 88' lang='lat' dir='ltr'>N.</span> <span class='ocrx_word' id='word_1_581' title='bbox 1207 1747 1307 1778; x_wconf 65' lang='lat' dir='ltr'>Caeffir,</span> <span class='ocrx_word' id='word_1_582' title='bbox 1328 1751 1355 1776; x_wconf 84' lang='lat'>&amp;</span> <span class='ocrx_word' id='word_1_583' title='bbox 1375 1749 1526 1785; x_wconf 81' lang='lat' dir='ltr'>Imperator</span> <span class='ocrx_word' id='word_1_584' title='bbox 1541 1747 1640 1778; x_wconf 71' lang='lat' dir='ltr'>Caefizr,</span> <span class='ocrx_word' id='word_1_585' title='bbox 1661 1748 1725 1776; x_wconf 80' lang='lat' dir='ltr'>Divi</span> 
     </span>
     <span class='ocr_line' id='line_1_44' title="bbox 159 1783 1725 1829; baseline -0.002 -14"><span class='ocrx_word' id='word_1_586' title='bbox 159 1789 187 1816; x_wconf 84' lang='lat' dir='ltr'>F.</span> <span class='ocrx_word' id='word_1_587' title='bbox 203 1790 235 1816; x_wconf 92' lang='lat' dir='ltr'>C.</span> <span class='ocrx_word' id='word_1_588' title='bbox 252 1790 287 1817; x_wconf 89' lang='lat' dir='ltr'>N.</span> <span class='ocrx_word' id='word_1_589' title='bbox 308 1789 453 1826; x_wconf 75' lang='lat' dir='ltr'>AugustuS,</span> <span class='ocrx_word' id='word_1_590' title='bbox 475 1788 554 1816; x_wconf 85' lang='lat' dir='ltr'>Urbis</span> <span class='ocrx_word' id='word_1_591' title='bbox 577 1787 710 1829; x_wconf 57' lang='lat' dir='ltr'>ambitum</span> <span class='ocrx_word' id='word_1_592' title='bbox 732 1787 875 1817; x_wconf 74' lang='lat' dir='ltr'>adauxisse,</span> <span class='ocrx_word' id='word_1_593' title='bbox 897 1783 1028 1824; x_wconf 83' lang='lat' dir='ltr'>Urbisque</span> <span class='ocrx_word' id='word_1_594' title='bbox 1050 1785 1219 1823; x_wconf 77' lang='lat' dir='ltr'>pomoerium</span> <span class='ocrx_word' id='word_1_595' title='bbox 1240 1786 1388 1821; x_wconf 81' lang='lat' dir='ltr'>protuliffe:</span> <span class='ocrx_word' id='word_1_596' title='bbox 1410 1796 1464 1823; x_wconf 93' lang='lat' dir='ltr'>quo</span> <span class='ocrx_word' id='word_1_597' title='bbox 1479 1796 1543 1814; x_wconf 90' lang='lat' dir='ltr'>vcro</span> <span class='ocrx_word' id='word_1_598' title='bbox 1557 1786 1658 1816; x_wconf 88' lang='lat' dir='ltr'>modo,</span> <span class='ocrx_word' id='word_1_599' title='bbox 1680 1795 1725 1815; x_wconf 82' lang='lat' dir='ltr'>aut</span> 
     </span>
     <span class='ocr_line' id='line_1_45' title="bbox 158 1822 1725 1863; baseline -0.004 -9"><span class='ocrx_word' id='word_1_600' title='bbox 158 1835 212 1863; x_wconf 85' lang='lat' dir='ltr'>quo</span> <span class='ocrx_word' id='word_1_601' title='bbox 232 1826 293 1855; x_wconf 90' lang='lat' dir='ltr'>loco</span> <span class='ocrx_word' id='word_1_602' title='bbox 313 1827 380 1854; x_wconf 86' lang='lat' dir='ltr'>Urbi</span> <span class='ocrx_word' id='word_1_603' title='bbox 402 1827 508 1858; x_wconf 65' lang='lat' dir='ltr'>addito,</span> <span class='ocrx_word' id='word_1_604' title='bbox 530 1836 585 1854; x_wconf 90' lang='lat' dir='ltr'>non</span> <span class='ocrx_word' id='word_1_605' title='bbox 607 1826 774 1862; x_wconf 76' lang='lat' dir='ltr'>exprimitur.</span> <span class='ocrx_word' id='word_1_606' title='bbox 812 1826 886 1852; x_wconf 82' lang='lat' dir='ltr'>Inter</span> <span class='ocrx_word' id='word_1_607' title='bbox 907 1826 1085 1862; x_wconf 82' lang='lat' dir='ltr'>Imperatores</span> <span class='ocrx_word' id='word_1_608' title='bbox 1100 1823 1222 1851; x_wconf 84' lang='lat' dir='ltr'>Tiberius</span> <span class='ocrx_word' id='word_1_609' title='bbox 1238 1823 1376 1855; x_wconf 82' lang='lat' dir='ltr'>Claudius,</span> <span class='ocrx_word' id='word_1_610' title='bbox 1398 1824 1475 1863; x_wconf 82' lang='lat' dir='ltr'>Drusi</span> <span class='ocrx_word' id='word_1_611' title='bbox 1491 1826 1519 1851; x_wconf 83' lang='lat' dir='ltr'>F.</span> <span class='ocrx_word' id='word_1_612' title='bbox 1534 1822 1618 1850; x_wconf 64' lang='lat' dir='ltr'>Caesar</span> <span class='ocrx_word' id='word_1_613' title='bbox 1633 1825 1725 1861; x_wconf 83' lang='lat' dir='ltr'>Augu-</span> 
     </span>
     <span class='ocr_line' id='line_1_46' title="bbox 157 1861 1723 1900; baseline -0.002 -8"><span class='ocrx_word' id='word_1_614' title='bbox 157 1866 209 1892; x_wconf 85' lang='lat' dir='ltr'>stus</span> <span class='ocrx_word' id='word_1_615' title='bbox 227 1864 354 1893; x_wconf 66' lang='lat' dir='ltr'>Aventino</span> <span class='ocrx_word' id='word_1_616' title='bbox 376 1875 458 1892; x_wconf 75' lang='lat' dir='ltr'>mame</span> <span class='ocrx_word' id='word_1_617' title='bbox 473 1886 480 1896; x_wconf 93' lang='lat'>,</span> <span class='ocrx_word' id='word_1_618' title='bbox 510 1867 540 1892; x_wconf 87' lang='lat' dir='ltr'>L.</span> <span class='ocrx_word' id='word_1_619' title='bbox 562 1865 699 1892; x_wconf 87' lang='lat' dir='ltr'>Domitius</span> <span class='ocrx_word' id='word_1_620' title='bbox 720 1863 875 1891; x_wconf 87' lang='lat' dir='ltr'>Aurelianus</span> <span class='ocrx_word' id='word_1_621' title='bbox 890 1885 897 1896; x_wconf 92' lang='lat'>,</span> <span class='ocrx_word' id='word_1_622' title='bbox 924 1863 1009 1891; x_wconf 74' lang='lat' dir='ltr'>Caesar</span> <span class='ocrx_word' id='word_1_623' title='bbox 1030 1863 1159 1900; x_wconf 83' lang='lat' dir='ltr'>Augustus</span> <span class='ocrx_word' id='word_1_624' title='bbox 1175 1881 1182 1892; x_wconf 85' lang='lat'>,</span> <span class='ocrx_word' id='word_1_625' title='bbox 1210 1866 1303 1895; x_wconf 69' lang='lat' dir='ltr'>Campo</span> <span class='ocrx_word' id='word_1_626' title='bbox 1325 1866 1424 1888; x_wconf 71' lang='lat' dir='ltr'>Marna</span> <span class='ocrx_word' id='word_1_627' title='bbox 1446 1862 1583 1897; x_wconf 66' lang='lat' dir='ltr'>pomoerio</span> <span class='ocrx_word' id='word_1_628' title='bbox 1605 1861 1723 1889; x_wconf 80' lang='lat' dir='ltr'>inclulis:</span> 
     </span>
     <span class='ocr_line' id='line_1_47' title="bbox 157 1898 1724 1939; baseline -0.003 -10"><span class='ocrx_word' id='word_1_629' title='bbox 157 1903 259 1931; x_wconf 86' lang='lat' dir='ltr'>Flavius</span> <span class='ocrx_word' id='word_1_630' title='bbox 280 1903 467 1931; x_wconf 78' lang='lat' dir='ltr'>Constantinus</span> <span class='ocrx_word' id='word_1_631' title='bbox 488 1904 622 1931; x_wconf 72' lang='lat' dir='ltr'>Maximus</span> <span class='ocrx_word' id='word_1_632' title='bbox 635 1923 643 1934; x_wconf 89' lang='lat'>‚</span> <span class='ocrx_word' id='word_1_633' title='bbox 671 1902 800 1939; x_wconf 79' lang='lat' dir='ltr'>Augustus</span> <span class='ocrx_word' id='word_1_634' title='bbox 814 1922 821 1932; x_wconf 95' lang='lat'>,</span> <span class='ocrx_word' id='word_1_635' title='bbox 848 1901 933 1937; x_wconf 63' lang='lat' dir='ltr'>Castro</span> <span class='ocrx_word' id='word_1_636' title='bbox 949 1901 1061 1935; x_wconf 59' lang='lat' dir='ltr'>pretorio</span> <span class='ocrx_word' id='word_1_637' title='bbox 1083 1899 1170 1928; x_wconf 82' lang='lat' dir='ltr'>exciso</span> <span class='ocrx_word' id='word_1_638' title='bbox 1186 1919 1193 1930; x_wconf 94' lang='lat'>,</span> <span class='ocrx_word' id='word_1_639' title='bbox 1216 1899 1296 1926; x_wconf 88' lang='lat' dir='ltr'>Urbis</span> <span class='ocrx_word' id='word_1_640' title='bbox 1317 1898 1451 1926; x_wconf 86' lang='lat' dir='ltr'>ambitum</span> <span class='ocrx_word' id='word_1_641' title='bbox 1472 1899 1630 1935; x_wconf 88' lang='lat' dir='ltr'>ampliorem</span> <span class='ocrx_word' id='word_1_642' title='bbox 1655 1899 1724 1927; x_wconf 73' lang='lat' dir='ltr'>fece-</span> 
     </span>
     <span class='ocr_line' id='line_1_48' title="bbox 154 1936 1723 1978; baseline -0.001 -11"><span class='ocrx_word' id='word_1_643' title='bbox 154 1948 225 1969; x_wconf 89' lang='lat' dir='ltr'>runt.</span> <span class='ocrx_word' id='word_1_644' title='bbox 265 1945 328 1970; x_wconf 63' lang='lat' dir='ltr'>Haec</span> <span class='ocrx_word' id='word_1_645' title='bbox 349 1943 440 1969; x_wconf 76' lang='lat' dir='ltr'>omnia</span> <span class='ocrx_word' id='word_1_646' title='bbox 462 1941 565 1978; x_wconf 68' lang='lat' dir='ltr'>prolixe</span> <span class='ocrx_word' id='word_1_647' title='bbox 587 1944 613 1969; x_wconf 64' lang='grc' dir='ltr'>ἃ</span> <span class='ocrx_word' id='word_1_648' title='bbox 634 1940 776 1977; x_wconf 79' lang='lat' dir='ltr'>diligenter</span> <span class='ocrx_word' id='word_1_649' title='bbox 789 1941 908 1971; x_wconf 59' lang='lat' dir='ltr'>adductis</span> <span class='ocrx_word' id='word_1_650' title='bbox 922 1938 1043 1975; x_wconf 83' lang='lat' dir='ltr'>plurimis</span> <span class='ocrx_word' id='word_1_651' title='bbox 1057 1946 1178 1966; x_wconf 84' lang='lat' dir='ltr'>veterum</span> <span class='ocrx_word' id='word_1_652' title='bbox 1192 1936 1352 1973; x_wconf 83' lang='lat' dir='ltr'>scriptorum</span> <span class='ocrx_word' id='word_1_653' title='bbox 1367 1937 1525 1965; x_wconf 85' lang='lat' dir='ltr'>testimoniis</span> <span class='ocrx_word' id='word_1_654' title='bbox 1539 1958 1546 1969; x_wconf 92' lang='lat'>‚</span> <span class='ocrx_word' id='word_1_655' title='bbox 1564 1936 1723 1973; x_wconf 74' lang='lat' dir='ltr'>persequun-</span> 
     </span>
     <span class='ocr_line' id='line_1_49' title="bbox 155 1975 1723 2018; baseline -0.003 -11"><span class='ocrx_word' id='word_1_656' title='bbox 155 1986 199 2006; x_wconf 87' lang='lat' dir='ltr'>tur</span> <span class='ocrx_word' id='word_1_657' title='bbox 219 1981 352 2018; x_wconf 83' lang='lat' dir='ltr'>Georgius</span> <span class='ocrx_word' id='word_1_658' title='bbox 376 1979 507 2008; x_wconf 78' lang='lat' dir='ltr'>Fabricius</span> <span class='ocrx_word' id='word_1_659' title='bbox 530 1981 557 2007; x_wconf 90' lang='lat' dir='ltr'>in</span> <span class='ocrx_word' id='word_1_660' title='bbox 578 1979 733 2011; x_wconf 50' lang='lat' dir='ltr'>sua„Roma</span> <span class='ocrx_word' id='word_1_661' title='bbox 749 1999 756 2009; x_wconf 92' lang='lat'>,</span> <span class='ocrx_word' id='word_1_662' title='bbox 784 1980 810 2006; x_wconf 56' lang='grc' dir='ltr'>ἃ</span> <span class='ocrx_word' id='word_1_663' title='bbox 826 1978 978 2014; x_wconf 69' lang='lat' dir='ltr'>Onuslirius</span> <span class='ocrx_word' id='word_1_664' title='bbox 993 1978 1133 2005; x_wconf 87' lang='lat' dir='ltr'>Panvinius</span> <span class='ocrx_word' id='word_1_665' title='bbox 1149 1976 1207 2009; x_wconf 82' lang='lat' dir='ltr'>libr.</span> <span class='ocrx_word' id='word_1_666' title='bbox 1227 1986 1248 2002; x_wconf 91' lang='lat'>1.</span> <span class='ocrx_word' id='word_1_667' title='bbox 1276 1976 1545 2003; x_wconf 79' lang='lat' dir='ltr'>Commentariorum</span> <span class='ocrx_word' id='word_1_668' title='bbox 1560 1975 1723 2011; x_wconf 56' lang='lat' dir='ltr'>Reipublicae</span> 
     </span>
     <span class='ocr_line' id='line_1_50' title="bbox 155 2013 1727 2054; baseline -0.001 -11"><span class='ocrx_word' id='word_1_669' title='bbox 155 2017 299 2046; x_wconf 69' lang='lat' dir='ltr'>Romanos:</span> <span class='ocrx_word' id='word_1_670' title='bbox 321 2018 391 2046; x_wconf 86' lang='lat' dir='ltr'>unde</span> <span class='ocrx_word' id='word_1_671' title='bbox 410 2018 558 2054; x_wconf 80' lang='lat' dir='ltr'>pleniorem</span> <span class='ocrx_word' id='word_1_672' title='bbox 572 2018 628 2053; x_wconf 86' lang='lat' dir='ltr'>ejus</span> <span class='ocrx_word' id='word_1_673' title='bbox 642 2017 680 2044; x_wconf 89' lang='lat' dir='ltr'>rei</span> <span class='ocrx_word' id='word_1_674' title='bbox 697 2017 897 2053; x_wconf 81' lang='lat' dir='ltr'>cognitionem,</span> <span class='ocrx_word' id='word_1_675' title='bbox 919 2016 964 2054; x_wconf 91' lang='lat' dir='ltr'>qui</span> <span class='ocrx_word' id='word_1_676' title='bbox 977 2016 1016 2043; x_wconf 80' lang='lat' dir='ltr'>his</span> <span class='ocrx_word' id='word_1_677' title='bbox 1032 2022 1174 2043; x_wconf 70' lang='lat' dir='ltr'>contentus</span> <span class='ocrx_word' id='word_1_678' title='bbox 1188 2023 1243 2040; x_wconf 91' lang='lat' dir='ltr'>non</span> <span class='ocrx_word' id='word_1_679' title='bbox 1258 2013 1309 2044; x_wconf 89' lang='lat' dir='ltr'>est,</span> <span class='ocrx_word' id='word_1_680' title='bbox 1329 2020 1420 2048; x_wconf 88' lang='lat' dir='ltr'>petere</span> <span class='ocrx_word' id='word_1_681' title='bbox 1433 2014 1526 2049; x_wconf 85' lang='lat' dir='ltr'>potest.</span> <span class='ocrx_word' id='word_1_682' title='bbox 1568 2014 1627 2041; x_wconf 84' lang='lat' dir='ltr'>Nos</span> <span class='ocrx_word' id='word_1_683' title='bbox 1641 2023 1706 2042; x_wconf 84' lang='lat' dir='ltr'>vero</span> <span class='ocrx_word' id='word_1_684' title='bbox 1716 2032 1727 2045; x_wconf 77' lang='lat'>‚—</span> 
     </span>
     <span class='ocr_line' id='line_1_51' title="bbox 153 2050 1720 2093; baseline -0.001 -12"><span class='ocrx_word' id='word_1_685' title='bbox 153 2053 192 2082; x_wconf 88' lang='lat' dir='ltr'>his</span> <span class='ocrx_word' id='word_1_686' title='bbox 205 2057 341 2092; x_wconf 73' lang='lat' dir='ltr'>praemissis</span> <span class='ocrx_word' id='word_1_687' title='bbox 356 2057 388 2084; x_wconf 84' lang='lat' dir='ltr'>ad</span> <span class='ocrx_word' id='word_1_688' title='bbox 403 2056 502 2093; x_wconf 76' lang='lat' dir='ltr'>reliqua</span> <span class='ocrx_word' id='word_1_689' title='bbox 517 2056 673 2084; x_wconf 85' lang='lat' dir='ltr'>accedemus</span> <span class='ocrx_word' id='word_1_690' title='bbox 689 2066 693 2081; x_wconf 81' lang='lat'><em>2</em></span> <span class='ocrx_word' id='word_1_691' title='bbox 715 2057 741 2083; x_wconf 61' lang='grc' dir='ltr'>ἃ</span> <span class='ocrx_word' id='word_1_692' title='bbox 757 2064 820 2083; x_wconf 90' lang='lat' dir='ltr'>cum</span> <span class='ocrx_word' id='word_1_693' title='bbox 835 2055 940 2083; x_wconf 84' lang='lat' dir='ltr'>mentio</span> <span class='ocrx_word' id='word_1_694' title='bbox 955 2054 1099 2090; x_wconf 76' lang='lat' dir='ltr'>pomoerii,</span> <span class='ocrx_word' id='word_1_695' title='bbox 1120 2051 1228 2088; x_wconf 76' lang='lat' dir='ltr'>ejusque</span> <span class='ocrx_word' id='word_1_696' title='bbox 1240 2050 1395 2087; x_wconf 81' lang='lat' dir='ltr'>prolationis</span> <span class='ocrx_word' id='word_1_697' title='bbox 1409 2050 1477 2079; x_wconf 60' lang='lat' dir='ltr'>fasta</span> <span class='ocrx_word' id='word_1_698' title='bbox 1490 2051 1556 2088; x_wconf 74' lang='lat' dir='ltr'>saepe</span> <span class='ocrx_word' id='word_1_699' title='bbox 1571 2050 1665 2085; x_wconf 87' lang='lat' dir='ltr'>fuerit,</span> <span class='ocrx_word' id='word_1_700' title='bbox 1686 2053 1720 2080; x_wconf 82' lang='lat' dir='ltr'>de</span> 
     </span>
     <span class='ocr_line' id='line_1_52' title="bbox 151 2095 542 2132; baseline 0.005 -13"><span class='ocrx_word' id='word_1_701' title='bbox 151 2102 183 2119; x_wconf 86' lang='lat' dir='ltr'>eo</span> <span class='ocrx_word' id='word_1_702' title='bbox 197 2103 267 2122; x_wconf 88' lang='lat' dir='ltr'>nunc</span> <span class='ocrx_word' id='word_1_703' title='bbox 277 2096 399 2132; x_wconf 74' lang='lat' dir='ltr'>quaedam</span> <span class='ocrx_word' id='word_1_704' title='bbox 412 2095 542 2122; x_wconf 84' lang='lat' dir='ltr'>dicemus.</span> 
     </span>
    </p>
   </div>
   <div class='ocr_carea' id='block_1_5' title="bbox 180 2158 1724 2417">
    <p class='ocr_par' dir='ltr' id='par_1_7' title="bbox 949 2158 1724 2255">
     <span class='ocr_line' id='line_1_53' title="bbox 982 2158 1724 2191; baseline 0.001 -9"><span class='ocrx_word' id='word_1_705' title='bbox 982 2161 1097 2190; x_wconf 72' lang='lat' dir='ltr'>Infircrum</span> <span class='ocrx_word' id='word_1_706' title='bbox 1112 2159 1273 2191; x_wconf 75' lang='lat' dir='ltr'>eptimontium.</span> <span class='ocrx_word' id='word_1_707' title='bbox 1289 2160 1351 2182; x_wconf 83' lang='lat' dir='ltr'>Inter</span> <span class='ocrx_word' id='word_1_708' title='bbox 1358 2158 1424 2182; x_wconf 77' lang='lat' dir='ltr'>ferias</span> <span class='ocrx_word' id='word_1_709' title='bbox 1431 2159 1659 2190; x_wconf 65' lang='lat' dir='ltr'>Rmnmasleng.</span> <span class='ocrx_word' id='word_1_710' title='bbox 1669 2161 1724 2183; x_wconf 79' lang='lat' dir='ltr'>Sue-</span> 
     </span>
     <span class='ocr_line' id='line_1_54' title="bbox 949 2190 1720 2222; baseline -0.001 -7"><span class='ocrx_word' id='word_1_711' title='bbox 949 2199 999 2216; x_wconf 87' lang='lat' dir='ltr'>ton.</span> <span class='ocrx_word' id='word_1_712' title='bbox 1015 2192 1154 2215; x_wconf 80' lang='lat' dir='ltr'>Domitiano</span> <span class='ocrx_word' id='word_1_713' title='bbox 1166 2198 1245 2221; x_wconf 78' lang='lat' dir='ltr'>cap.4.</span> <span class='ocrx_word' id='word_1_714' title='bbox 1259 2191 1283 2213; x_wconf 85' lang='lat'>&amp;</span> <span class='ocrx_word' id='word_1_715' title='bbox 1296 2191 1443 2222; x_wconf 78' lang='lat' dir='ltr'>interpretes,</span> <span class='ocrx_word' id='word_1_716' title='bbox 1462 2191 1485 2214; x_wconf 61' lang='grc' dir='ltr'>ἃ</span> <span class='ocrx_word' id='word_1_717' title='bbox 1499 2190 1689 2214; x_wconf 67' lang='lat' dir='ltr'>dicamiufralib.</span> <span class='ocrx_word' id='word_1_718' title='bbox 1699 2200 1720 2218; x_wconf 78' lang='lat'>4.</span> 
     </span>
     <span class='ocr_line' id='line_1_55' title="bbox 949 2222 1720 2255; baseline -0.001 -9"><span class='ocrx_word' id='word_1_719' title='bbox 949 2231 996 2255; x_wconf 72' lang='lat' dir='ltr'>cap.</span> <span class='ocrx_word' id='word_1_720' title='bbox 1010 2228 1046 2246; x_wconf 75' lang='lat'>16,</span> <span class='ocrx_word' id='word_1_721' title='bbox 1058 2223 1155 2246; x_wconf 88' lang='lat' dir='ltr'>interim</span> <span class='ocrx_word' id='word_1_722' title='bbox 1167 2222 1192 2245; x_wconf 88' lang='lat' dir='ltr'>in</span> <span class='ocrx_word' id='word_1_723' title='bbox 1202 2229 1312 2251; x_wconf 80' lang='lat' dir='ltr'>tyronum</span> <span class='ocrx_word' id='word_1_724' title='bbox 1320 2224 1415 2253; x_wconf 70' lang='lat' dir='ltr'>gratiam</span> <span class='ocrx_word' id='word_1_725' title='bbox 1423 2240 1430 2248; x_wconf 87' lang='lat'>‚</span> <span class='ocrx_word' id='word_1_726' title='bbox 1444 2230 1546 2252; x_wconf 84' lang='lat' dir='ltr'>quorum</span> <span class='ocrx_word' id='word_1_727' title='bbox 1555 2223 1579 2246; x_wconf 89' lang='lat' dir='ltr'>in</span> <span class='ocrx_word' id='word_1_728' title='bbox 1587 2230 1667 2246; x_wconf 80' lang='lat' dir='ltr'>manus</span> <span class='ocrx_word' id='word_1_729' title='bbox 1675 2222 1720 2245; x_wconf 80' lang='lat' dir='ltr'>hoc</span> 
     </span>
    </p>

    <p class='ocr_par' dir='ltr' id='par_1_8' title="bbox 205 2253 1719 2320">
     <span class='ocr_line' id='line_1_56' title="bbox 933 2253 1718 2286; baseline -0.003 -8"><span class='ocrx_word' id='word_1_730' title='bbox 933 2280 934 2283; x_wconf 16' lang='grc' dir='ltr'><strong>Ἴ</strong></span> <span class='ocrx_word' id='word_1_731' title='bbox 949 2263 1009 2286; x_wconf 80' lang='lat' dir='ltr'>opus</span> <span class='ocrx_word' id='word_1_732' title='bbox 1027 2254 1121 2280; x_wconf 80' lang='lat' dir='ltr'>damus,</span> <span class='ocrx_word' id='word_1_733' title='bbox 1139 2253 1264 2277; x_wconf 78' lang='lat' dir='ltr'>adscribam</span> <span class='ocrx_word' id='word_1_734' title='bbox 1277 2254 1367 2285; x_wconf 83' lang='lat' dir='ltr'>aliquot</span> <span class='ocrx_word' id='word_1_735' title='bbox 1380 2255 1500 2277; x_wconf 69' lang='lat' dir='ltr'>Poetarum</span> <span class='ocrx_word' id='word_1_736' title='bbox 1514 2254 1640 2277; x_wconf 80' lang='lat' dir='ltr'>celebrium</span> <span class='ocrx_word' id='word_1_737' title='bbox 1653 2255 1702 2277; x_wconf 74' lang='lat' dir='ltr'>loca</span> <span class='ocrx_word' id='word_1_738' title='bbox 1711 2270 1718 2280; x_wconf 84' lang='lat'>,</span> 
     </span>
     <span class='ocr_line' id='line_1_57' title="bbox 205 2285 1719 2320; baseline -0.002 -9"><span class='ocrx_word' id='word_1_739' title='bbox 205 2290 279 2311; x_wconf 72' lang='lat' dir='ltr'>ther</span> <span class='ocrx_word' id='word_1_740' title='bbox 297 2287 436 2315; x_wconf 77' lang='lat' dir='ltr'>Historicos,</span> <span class='ocrx_word' id='word_1_741' title='bbox 452 2290 568 2320; x_wconf 77' lang='lat' dir='ltr'>eleganter</span> <span class='ocrx_word' id='word_1_742' title='bbox 588 2289 667 2314; x_wconf 80' lang='lat' dir='ltr'>Aurel.</span> <span class='ocrx_word' id='word_1_743' title='bbox 682 2287 788 2313; x_wconf 74' lang='lat' dir='ltr'>rrudem.</span> <span class='ocrx_word' id='word_1_744' title='bbox 806 2289 918 2312; x_wconf 79' lang='lat' dir='ltr'>Romano</span> <span class='ocrx_word' id='word_1_745' title='bbox 933 2285 934 2290; x_wconf 60' lang='lat'>¹</span> <span class='ocrx_word' id='word_1_746' title='bbox 948 2287 990 2317; x_wconf 88' lang='lat' dir='ltr'>qui</span> <span class='ocrx_word' id='word_1_747' title='bbox 1005 2285 1092 2316; x_wconf 79' lang='lat' dir='ltr'>septeni</span> <span class='ocrx_word' id='word_1_748' title='bbox 1101 2288 1183 2309; x_wconf 67' lang='lat' dir='ltr'>Romae</span> <span class='ocrx_word' id='word_1_749' title='bbox 1190 2286 1487 2309; x_wconf 75' lang='lat' dir='ltr'>montiummemineiunx.</span> <span class='ocrx_word' id='word_1_750' title='bbox 1506 2285 1645 2309; x_wconf 72' lang='lat' dir='ltr'>Claudianus</span> <span class='ocrx_word' id='word_1_751' title='bbox 1652 2292 1719 2309; x_wconf 81' lang='lat' dir='ltr'>meus</span> 
     </span>
    </p>

    <p class='ocr_par' dir='ltr' id='par_1_9' title="bbox 180 2316 1609 2417">
     <span class='ocr_line' id='line_1_58' title="bbox 206 2316 1609 2352; baseline 0 -11"><span class='ocrx_word' id='word_1_752' title='bbox 206 2321 304 2349; x_wconf 63' lang='lat' dir='ltr'>Many-re</span> <span class='ocrx_word' id='word_1_753' title='bbox 325 2321 440 2351; x_wconf 76' lang='lat' dir='ltr'>eptr&#39;collem</span> <span class='ocrx_word' id='word_1_754' title='bbox 454 2322 558 2352; x_wconf 62' lang='lat' dir='ltr'>appellas,</span> <span class='ocrx_word' id='word_1_755' title='bbox 949 2318 977 2342; x_wconf 87' lang='lat' dir='ltr'>de</span> <span class='ocrx_word' id='word_1_756' title='bbox 991 2317 1047 2340; x_wconf 74' lang='lat' dir='ltr'>flatu</span> <span class='ocrx_word' id='word_1_757' title='bbox 1058 2318 1107 2344; x_wconf 85' lang='lat' dir='ltr'>ejus</span> <span class='ocrx_word' id='word_1_758' title='bbox 1118 2316 1180 2339; x_wconf 82' lang='lat' dir='ltr'>urbis</span> <span class='ocrx_word' id='word_1_759' title='bbox 1193 2316 1233 2340; x_wconf 88' lang='lat' dir='ltr'>sub</span> <span class='ocrx_word' id='word_1_760' title='bbox 1247 2317 1356 2340; x_wconf 83' lang='lat' dir='ltr'>Honorio</span> <span class='ocrx_word' id='word_1_761' title='bbox 1370 2322 1430 2348; x_wconf 83' lang='lat' dir='ltr'>Aug.</span> <span class='ocrx_word' id='word_1_762' title='bbox 1444 2317 1473 2340; x_wconf 84' lang='lat' dir='ltr'>de</span> <span class='ocrx_word' id='word_1_763' title='bbox 1485 2322 1507 2342; x_wconf 88' lang='lat'>6.</span> <span class='ocrx_word' id='word_1_764' title='bbox 1520 2317 1609 2341; x_wconf 70' lang='lat' dir='ltr'>consu-¹.</span> 
     </span>
     <span class='ocr_line' id='line_1_59' title="bbox 182 2348 1456 2381; baseline -0.002 -9"><span class='ocrx_word' id='word_1_765' title='bbox 182 2353 271 2373; x_wconf 67' lang='lat' dir='ltr'>Divum</span> <span class='ocrx_word' id='word_1_766' title='bbox 279 2351 358 2379; x_wconf 60' lang='lat' dir='ltr'>flwose</span> <span class='ocrx_word' id='word_1_767' title='bbox 368 2359 417 2373; x_wconf 80' lang='lat' dir='ltr'>cum</span> <span class='ocrx_word' id='word_1_768' title='bbox 427 2357 479 2381; x_wconf 78' lang='lat' dir='ltr'>puer</span> <span class='ocrx_word' id='word_1_769' title='bbox 491 2354 619 2376; x_wconf 54' lang='lat' dir='ltr'>Imaum-tius</span> <span class='ocrx_word' id='word_1_770' title='bbox 980 2348 1150 2378; x_wconf 72' lang='lat' dir='ltr'>Erexitsubrtax</span> <span class='ocrx_word' id='word_1_771' title='bbox 1163 2355 1231 2370; x_wconf 76' lang='lat' dir='ltr'>turres</span> <span class='ocrx_word' id='word_1_772' title='bbox 1240 2365 1246 2374; x_wconf 91' lang='lat'>,</span> <span class='ocrx_word' id='word_1_773' title='bbox 1262 2349 1379 2380; x_wconf 59' lang='lat' dir='ltr'>anesusque</span> <span class='ocrx_word' id='word_1_774' title='bbox 1391 2352 1456 2379; x_wconf 54' lang='lat' dir='ltr'>tocgtt</span> 
     </span>
     <span class='ocr_line' id='line_1_60' title="bbox 180 2381 1491 2417; baseline -0.001 -13"><span class='ocrx_word' id='word_1_775' title='bbox 180 2383 290 2406; x_wconf 65' lang='lat' dir='ltr'>fraudaret</span> <span class='ocrx_word' id='word_1_776' title='bbox 301 2383 501 2416; x_wconf 72' lang='lat' dir='ltr'>arcemfiptrcollcm</span> <span class='ocrx_word' id='word_1_777' title='bbox 514 2386 636 2417; x_wconf 55' lang='lat' dir='ltr'>&#39;Rgmulua</span> <span class='ocrx_word' id='word_1_778' title='bbox 744 2412 752 2414; x_wconf 31' lang='lat' dir='ltr'><em>V</em></span> <span class='ocrx_word' id='word_1_779' title='bbox 980 2383 1064 2411; x_wconf 58' lang='lat' dir='ltr'>§efrem</span> <span class='ocrx_word' id='word_1_780' title='bbox 1075 2381 1170 2404; x_wconf 72' lang='lat' dir='ltr'>continno</span> <span class='ocrx_word' id='word_1_781' title='bbox 1184 2386 1264 2404; x_wconf 74' lang='lat' dir='ltr'>montes</span> <span class='ocrx_word' id='word_1_782' title='bbox 1271 2381 1410 2413; x_wconf 62' lang='lat' dir='ltr'>jnvcnefiere</span> <span class='ocrx_word' id='word_1_783' title='bbox 1422 2387 1491 2403; x_wconf 67' lang='lat' dir='ltr'>muro.</span> 
     </span>
    </p>
   </div>
   <div class='ocr_carea' id='block_1_6' title="bbox 272 2165 805 2192">
    <p class='ocr_par' dir='ltr' id='par_1_10' title="bbox 272 2165 805 2192">
     <span class='ocr_line' id='line_1_61' title="bbox 272 2165 805 2192; baseline -0.004 0"><span class='ocrx_word' id='word_1_784' title='bbox 272 2166 321 2192; x_wconf 84' lang='lat' dir='ltr'>An</span> <span class='ocrx_word' id='word_1_785' title='bbox 343 2165 424 2192; x_wconf 68' lang='grc' dir='ltr'>(ΖΑΓ.</span> <span class='ocrx_word' id='word_1_786' title='bbox 440 2165 475 2191; x_wconf 88' lang='grc' dir='ltr'>Π.</span> <span class='ocrx_word' id='word_1_787' title='bbox 495 2165 805 2192; x_wconf 57' lang='lat' dir='ltr'>piammonem.</span> 
     </span>
    </p>
   </div>
   <div class='ocr_carea' id='block_1_7' title="bbox 931 2169 936 2276">
    <p class='ocr_par' dir='ltr' id='par_1_11' title="bbox 931 2169 936 2276">
     <span class='ocr_line' id='line_1_62' title="bbox 931 2169 936 2276; baseline 0 458"><span class='ocrx_word' id='word_1_788' title='bbox 931 2169 936 2276; x_wconf 95' lang='lat' dir='ltr'> </span> 
     </span>
    </p>
   </div>
   <div class='ocr_carea' id='block_1_8' title="bbox 394 2226 674 2262">
    <p class='ocr_par' dir='ltr' id='par_1_12' title="bbox 394 2226 674 2262">
     <span class='ocr_line' id='line_1_63' title="bbox 394 2226 674 2262; baseline -0.004 -9"><span class='ocrx_word' id='word_1_789' title='bbox 394 2229 491 2262; x_wconf 73' lang='lat' dir='ltr'>Septem</span> <span class='ocrx_word' id='word_1_790' title='bbox 503 2231 584 2254; x_wconf 74' lang='lat' dir='ltr'>Romae</span> <span class='ocrx_word' id='word_1_791' title='bbox 597 2226 674 2253; x_wconf 62' lang='lat' dir='ltr'>colles.</span> 
     </span>
    </p>
   </div>
   <div class='ocr_carea' id='block_1_9' title="bbox 1653 2410 1720 2435">
    <p class='ocr_par' dir='ltr' id='par_1_13' title="bbox 1653 2410 1720 2435">
     <span class='ocr_line' id='line_1_64' title="bbox 1653 2410 1720 2435; baseline 0 0"><span class='ocrx_word' id='word_1_792' title='bbox 1653 2410 1691 2435; x_wconf 68' lang='lat' dir='ltr'>Ede</span> <span class='ocrx_word' id='word_1_793' title='bbox 1696 2417 1720 2435; x_wconf 69' lang='lat' dir='ltr'>tri</span> 
     </span>
    </p>
   </div>
  </div>
 </body>
</html>
