2075 2734
404 105 459 143 585
653 95 1092 128 ANTiQu1rArum
1134 92 1475 125 RoMANAnuM
1516 98 1705 127 L1n.v111.

403 150 483 178 etiam
499 146 707 174 circumvenere
722 142 775 170 fine
790 141 895 170 alterius
912 141 1091 169 incommodo
1105 149 1217 178 uterque
1235 143 1362 171 dominus
1376 142 1469 179 poss‘et.
1509 144 1572 170 Haec
1587 141 1684 169 horum
1699 142 1841 174 verborum
1857 146 1921 185 legis
1938 151 1975 178 est

402 184 531 215 sententia
544 182 595 210 lata
608 182 665 218 post
678 191 709 209 xx
720 191 740 208 1.
753 180 864 208 tabulas:
886 182 911 208 ὅ(
926 179 1038 207 Manilia
1051 180 1093 207 lex
1107 181 1158 210 est.
1179 190 1229 217 qua
1242 181 1395 213 cavebatur,
1416 188 1445 208 ut
1460 181 1565 217 quoties
1578 181 1611 208 de
1623 180 1662 207 his
1677 182 1792 218 quinque
1799 185 1908 219 pedibus
1915 197 1979 216 con.

403 222 529 254 troverfia
544 221 618 251 essssb
638 219 779 257 eligeret-‚ir
793 218 904 251 arbiter,
926 218 979 246 slve
992 217 1155 256 agrimensor,
1177 219 1222 255 qui
1235 229 1281 247 eos
1294 227 1413 257 regeret,
1433 228 1541 256 arteque
1558 218 1600 247 [ua
1615 219 1795 248 constitueret.

499 280 696 314 XLVIII.
723 281 799 326 Ejus
814 276 946 318 arboris,
972 290 1032 324 quae
1048 280 1081 311 in
1096 277 1232 310 alienum
1249 288 1357 322 agrum
1375 275 1573 326 impenderet,
1599 288 1700 310 ramos
1712 278 1884 324 quindecim

765 327 858 376 pedes
875 328 971 361 altius
987 325 1004 360 ὰ
1021 336 1103 360 terra
1117 324 1332 358 circumcidere
1347 326 1402 372 jus
1418 324 1470 367 esto
1494 327 1608 360 vicino.

444 394 570 422 Recitant
585 393 611 420 Sc
625 390 692 419 hanc
704 390 794 428 legem
809 389 966 420 Balduinus,
985 390 1166 424 oldendarpius
1181 391 1207 417 ὃ(
1222 391 1409 415 Hortomannu:
1421 409 1430 420 ,
1448 389 1522 424 cujus
1535 389 1720 417 testimonium
1734 396 1805 420 extat
1816 392 1885 428 apud
1898 393 1982 428 Ulpia-
2030 404 2039 413 ·

405 440 468 461 mem
481 433 507 458 in
521 430 539 458 l.
551 439 574 457 ι.
579 428 615 469 ff
627 430 658 456 de
671 428 724 456 arb.
737 429 857 457 cobrtend.
876 428 921 457 ubi
934 429 1055 465 praetoris
1068 429 1095 455 in
1109 428 1222 456 eandem
1237 426 1395 454 sementiam
1410 426 1583 455 interdidtum
1597 427 1648 455 hoc
1661 428 1775 464 profert:
1795 432 1856 467 Qua
1868 430 1940 458 arbor
1949 443 1981 461 ex

404 481 462 509 agro
475 478 518 497 tuo
530 467 556 496 in
570 477 660 505 agrum
674 466 743 495 illius
755 467 894 501 impendet,
916 466 933 494 fi
948 476 996 503 per
1009 474 1036 494 te
1050 467 1111 497 stat,
1132 475 1187 503 quo
1203 465 1291 491 minus
1305 464 1385 500 pedes
1400 465 1552 501 quindecim
1569 464 1582 492 a
1596 474 1666 493 terra
1678 475 1739 494 eam
1752 466 1830 496 altius
1843 470 1978 499 coerceas:

405 517 470 536 tunc
484 507 627 545 quominus
642 506 678 534 illi
692 506 728 533 ita
741 507 880 535 coercere,
899 505 1023 542 lignaque
1037 504 1083 532 fibi
1097 503 1193 531 habere
1208 503 1299 532 liceat,
1320 502 1376 529 vim
1390 502 1447 529 fieri
1461 510 1532 530 veto.
1570 503 1655 531 Infert
1669 513 1758 533 autem
1774 505 1819 533 fic:
1842 507 1924 543 Qod
1939 509 1977 537 ait

403 554 507 581 putor,
528 547 554 574 ὅ(
569 544 610 571 lex
625 554 657 572 xr
667 553 688 571 1.
701 543 849 572 tabularum
864 543 971 571 efficere
984 543 1083 573 voluit,
1103 550 1133 570 ut
1146 541 1300 578 quindecim
1316 540 1395 578 pedes
1413 539 1488 569 altius
1499 542 1568 569 rami
1581 542 1682 570 arboris
1695 543 1933 574 circumciduntur:
1952 547 1980 576 ὃς

405 584 458 613 hoc
469 584 567 613 iccirco
581 581 708 610 &Pedium
722 583 773 615 est,
793 591 827 610 ne
838 581 935 611 umbra
947 580 1048 609 arboris
1063 581 1152 608 vicino
1164 578 1264 616 praedio
1279 586 1398 607 noceret.

478 646 545 678 XL
555 645 618 678 IX.
644 641 797 677 Glandem
806 641 894 688 suam
912 645 944 676 in
960 643 1094 677 alienum
1103 640 1241 689 fundum
1254 639 1460 689 procidentem
1477 638 1642 687 colligendi
1650 642 1706 688 jus
1725 640 1781 683 elio
1793 645 1905 679 vicino.

445 706 627 743 Suppeditavit
641 705 693 734 hoc
707 712 784 742 caput
800 704 899 732 Plinius
912 704 980 733 libro
1002 708 1041 733 16.
1055 706 1141 743 capite
1158 715 1182 741 5.
1203 703 1295 731 Sensus
1314 702 1381 741 legis
1400 702 1554 732 manifestus
1571 702 1616 730 est.
1653 705 1734 738 Cujus
1747 703 1835 742 legem
1849 706 1930 740 hanc,
1951 715 1981 736 ut

407 745 481 774 (redi
495 754 541 781 par
555 744 590 771 est
599 764 605 774 ,
625 742 693 771 libro
706 744 737 771 ad
751 753 782 771 xx
793 753 813 770 r.
825 742 923 771 tabulas
936 751 1044 780 quarto,
1064 743 1196 780 explicans
1210 742 1244 769 fic
1255 741 1356 770 scribit:
1377 741 1484 769 Glandis
1495 739 1657 776 appellatione
1671 751 1784 770 omnem
1793 742 1909 772 fructum
1917 755 1980 774 con-

405 784 500 814 tineri,
520 780 646 818 exemplo
654 782 741 809 Graeci
750 781 877 809 sermonis
891 782 960 817 apud
975 790 1041 818 quos
1053 791 1148 809 omnes
1162 781 1289 809 arborum
1304 779 1401 816 species
1414 783 1527 815 dxgfidpua
1543 778 1714 815 appellantur.
1734 781 1765 808 In
1772 783 1885 809 eandem
1891 789 1982 811 autem

408 822 505 849 veteris
518 820 584 857 legis
599 818 755 847 sententiam
772 826 842 846 extat
850 818 959 853 pratoris
975 820 1160 848 interdictum:
1183 819 1324 849 Glandem,
1344 827 1400 854 quae
1412 826 1444 846 ex
1459 817 1526 846 illius
1539 826 1605 856 agro
1619 816 1648 845 iu
1660 824 1737 847 tuum
1752 820 1842 852 cadat,
1862 829 1917 859 quo
1931 822 1984 856 miff

407 867 458 888 nus
471 859 508 887 illi
521 859 602 887 tertio
617 866 724 895 quoque
737 857 780 884 die
794 856 896 894 legere,
918 857 1021 885 auferre
1034 857 1111 886 liceat
1121 877 1128 888 ‚
1150 858 1206 885 vim
1222 856 1279 884 fieri
1293 862 1365 884 veto.

526 921 567 953 L.
592 916 633 949 Ut
642 917 672 963 st
686 918 880 967 vicini-inter
895 918 928 962 fi
936 919 1069 963 jurgant
1074 916 1192 963 finibus
1207 915 1368 964 regundis,
1395 914 1525 950 arbitros
1539 925 1600 951 tres
1616 916 1743 959 darent.-
1770 919 1866 967 eisque

841 966 932 998 totius
953 968 998 998 rei
1011 967 1066 1012 jus
1079 989 1089 1005 ‚
1116 963 1335 1011 arbitriumque
1345 967 1563 1012 permitterent.

447 1029 647 1061 Testimonium
661 1028 725 1067 legis
738 1036 810 1058 extat
824 1030 922 1066 partim
936 1029 1006 1064 apud
1021 1028 1147 1061 Nonium,
1167 1030 1266 1065 partim
1281 1029 1350 1066 apud
1365 1028 1506 1057 Ciceronem
1522 1029 1590 1058 libro
1603 1030 1719 1061 secundo
1733 1032 1767 1061 de
1779 1030 1888 1068 legibus.

448 1069 584 1097 Sententia
597 1068 633 1096 est
649 1067 793 1095 manifesta.
830 1066 914 1094 Cicero
928 1066 973 1094 lib.
986 1076 1014 1102 4.
1026 1067 1060 1095 de
1074 1067 1221 1105 republica,
1242 1067 1306 1095 teste
1318 1066 1398 1094 Nonio
1411 1087 1418 1099 ,
1438 1067 1473 1095 fic
1486 1067 1613 1104 striPtum
1627 1071 1731 1108 reliquit
1745 1081 1753 1098 ·.
1773 1068 1891 1107 ngari
1906 1069 1985 1109 {gitur

409 1105 451 1133 lex
463 1114 534 1133 vetat
547 1104 613 1132 inter
619 1107 649 1140 ſs
661 1105 765 1136 vicinos,
786 1116 833 1132 non
847 1104 958 1142 litigare.

446 1143 477 1170 Si
486 1144 553 1170 inter
558 1144 588 1177 fi>
594 1144 732 1182 jurgant]
755 1142 950 1171 Benevolorum
963 1144 1128 1172 concertatio
1133 1143 1249 1181 jurgium
1264 1144 1368 1172 dicitur.
1390 1143 1465 1172 Inter
1479 1144 1604 1173 inimicos
1621 1145 1741 1173 diffenfio
1752 1145 1782 1174 lis
1791 1145 1944 1182 appellatur.

445 1180 550 1209 Finibus
561 1182 708 1219 regundis]
730 1182 806 1210 Fines
818 1190 945 1219 agrorum
960 1181 1063 1209 termini
1076 1183 1101 1210 δε
1116 1181 1214 1209 limites
1227 1181 1398 1218 appellantur.
1419 1181 1522 1208 Finibus
1531 1182 1662 1220 regundis,
1682 1185 1708 1212 id
1723 1185 1773 1215 est,
1795 1184 1984 1212 finibusdiscri-

410 1219 559 1249 minandis,
580 1220 622 1247 icu
638 1219 786 1247 statuendis.
806 1224 898 1257 Regere
912 1220 999 1250 enim,
1020 1220 1127 1256 antiqua
1141 1221 1166 1248 &
1181 1218 1343 1247 decemvirali
1355 1219 1560 1256 significatione,
1573 1221 1623 1252 est,
1639 1220 1689 1248 suis
1703 1222 1796 1249 finibus
1810 1223 1985 1250 terminatum

400 1256 511 1332 ἓαβόειΐ.
531 1257 633 1296 Boetia}
645 1257 775 1294 interpres
784 1259 955 1294 Topicorum
972 1257 1095 1285 Ciceronis
1111 1258 1210 1295 inquit:
1232 1256 1295 1295 Regi
1296 1255 1366 1297 fines
1379 1256 1510 1288 dicuntur,
1529 1257 1625 1298 quoties
1636 1259 1804 1298 umifiluifque
1817 1269 1876 1297 ager
1885 1260 1987 1297 proprii&

423 1305 451 1323 nt
465 1305 496 1322 us
507 1302 673 1323 terminatur.

798 1372 855 1399 DE
880 1372 1104 1410 INJURHS,
1125 1373 1345 1409 ALIlsQUE
1371 1373 1597 1402 DELICTIS.

528 1434 592 1467 LI.
617 1433 651 1465 Si
666 1433 734 1478 quis
749 1430 941 1474 aflitaverit,
961 1432 1027 1478 sive
1043 1444 1165 1466 carmen
1179 1432 1367 1474 condiderit,
1393 1432 1472 1479 quod
1486 1434 1652 1479 infamiam
1658 1433 1863 1480 flagitiumve

916 1482 1010 1514 alteri
1030 1491 1168 1528 precetur
1184 1505 1196 1525 ,
1227 1484 1327 1528 capite
1344 1483 1477 1526 pimitor.

451 1552 550 1581 Cicero
560 1550 629 1579 libro
644 1559 671 1585 4.
690 1550 723 1577 de
735 1550 877 1587 republica.

451 1592 513 1618 Hoc
527 1599 557 1617 xi
570 1599 589 1616 1.
602 1588 751 1616 tabularum
767 1597 844 1624 caput
860 1609 866 1619 ,
886 1597 939 1625 quo
953 1597 1033 1624 poena
1046 1591 1074 1617 in
1088 1588 1227 1625 scriptores
1247 1588 1399 1617 libellomm
1421 1587 1588 1616 famosorum
1605 1591 1632 1617 &
1646 1588 1794 1616 fabularum
1808 1588 1985 1622 scenicarum,

413 1627 505 1663 quibus
518 1627 680 1655 nominatim
696 1626 766 1654 cives
781 1628 920 1654 Romanos
934 1633 1069 1658 taxarem,
1090 1628 1209 1655 statuitur
1222 1647 1228 1657 ,
1250 1634 1322 1655 extat
1336 1626 1364 1652 in
1378 1625 1533 1662 fragmento
1547 1625 1606 1653 libri
1623 1627 1709 1663 quarti
1725 1625 1846 1653 Ciceronis
1862 1628 1895 1654 de
1908 1636 1985 1663 repu-

413 1666 479 1694 blica
492 1686 501 1697 ‚
520 1665 587 1702 apud
605 1662 773 1700 Augustinum
787 1664 855 1692 libro
867 1663 983 1693 secundo
995 1685 1002 1696 ,
1023 1665 1109 1701 capite
1124 1664 1239 1692 secundo
1253 1684 1260 1695 ‚
1281 1665 1311 1690 de
1325 1662 1437 1690 Cirimte
1452 1662 1500 1690 Dei
1514 1683 1521 1693 ,
1542 1663 1586 1691 ubi
1602 1664 1742 1701 Afra-anus
1763 1665 1796 1692 de
1807 1664 1928 1693 libertate
1941 1674 1986 1692 co-

416 1703 522 1731 moediae
535 1703 603 1739 apud
618 1703 726 1730 Graecos
740 1702 857 1733 locutus,
879 1702 912 1729 fic
927 1703 1035 1730 tandem
1051 1703 1186 1730 concludit
1199 1713 1203 1729 :
1227 1702 1330 1730 Nostrae
1344 1708 1437 1729 contra
1451 1711 1483 1728 xr
1494 1711 1514 1729 1.
1527 1702 1619 1730 tabulae
1633 1723 1640 1734 ‚
1661 1711 1722 1730 cum
1737 1711 1878 1738 perpaucas
1891 1712 1931 1730 res
1945 1712 1986 1730 ca-

413 1742 468 1777 pite
483 1740 631 1770 limxiffeut,
653 1741 680 1767 in
694 1739 732 1766 his
746 1740 813 1768 hanc
829 1749 934 1781 quoque
950 1740 1097 1768 faciendam
1112 1760 1119 1771 ,
1139 1747 1298 1777 putaverunt
1313 1750 1320 1767 :
1340 1744 1368 1766 St
1380 1738 1439 1778 quis
1451 1738 1603 1776 afflmviffee
1617 1761 1623 1771 ‚
1634 1738 1694 1776 five
1709 1749 1810 1767 carmen
1828 1740 1984 1776 condidiffit,

412 1779 481 1817 quod
491 1777 624 1815 infirmium
632 1778 742 1813 flueret,
756 1777 921 1816 flagitiumve
933 1778 1010 1805 alteri
1019 1786 1170 1812 precaretur.
1194 1778 1300 1811 Iudiciis
1313 1778 1385 1804 enim
1394 1797 1401 1808 ,
1421 1786 1452 1805 ac
1467 1778 1666 1814 magistratuum
1679 1777 1910 1813 disceptationibus
1922 1778 1986 1815 legi-

415 1818 486 1844 ·imis
502 1816 663 1854 propositam
681 1817 763 1844 vitam
778 1837 784 1847 ‚
809 1826 863 1844 non
877 1818 1018 1852 poetarum
1032 1816 1143 1854 ingeniis
1154 1811 1249 1842 habere
1259 1815 1386 1842 debemus
1401 1825 1406 1841 z
1426 1824 1475 1842 nec
1487 1814 1615 1852 probrum
1631 1816 1719 1842 audire
1732 1835 1738 1845 ,
1760 1815 1807 1842 nifi
1819 1825 1848 1842 ea
1864 1815 1935 1853 lege,
1956 1823 1986 1843 ut

413 1855 570 1892 respondere
583 1855 674 1885 liceat,
696 1856 723 1882 ὃς
735 1853 836 1891 judicio
850 1853 999 1883 defendere.
1030 1855 1164 1882 Hactenus
1185 1852 1278 1880 Cicero.
1304 1852 1424 1880 Horatius
1438 1862 1543 1889 quoque
1555 1852 1693 1890 aliquoties
1707 1854 1734 1880 in
1747 1852 1815 1880 libro
1828 1853 1986 1881 sermonum

414 1896 440 1920 S<
455 1901 511 1921 arte
522 1894 627 1930 poetica
640 1892 671 1919 all
687 1891 753 1919 hanc
766 1891 853 1928 legem
868 1891 967 1919 alludit.
989 1893 1022 1919 Et
1036 1899 1126 1920 extant
1140 1892 1167 1919 in
1180 1891 1427 1927 jurisconsultorum
1443 1891 1514 1918 libris
1528 1890 1614 1927 plures
1625 1890 1710 1928 leges,
1732 1900 1789 1928 quae
1799 1900 1861 1918 cum
1872 1891 1986 1928 haclege

413 1938 565 1969 congruunt
579 1951 586 1961 ,
608 1933 635 1958 ὃς
649 1929 747 1957 libellos
762 1929 880 1957 famosos
893 1929 1043 1965 prohibent.
1079 1933 1107 1956 In
1123 1928 1256 1956 pandectis
1268 1940 1299 1957 ex
1314 1929 1418 1963 Ulpiano
1432 1936 1664 1957 commemoratur
1676 1929 1717 1957 lex
1731 1949 1738 1960 ‚
1758 1928 1810 1956 five
1822 1928 1987 1957 senatuscon-

416 1969 512 1997 mltum
530 1970 557 1996 in
572 1968 627 1996 hacc
642 1968 720 1996 verba
735 1979 739 1993 :
759 1966 856 2006 Siquis
869 1968 960 1994 librum
974 1968 1011 1994 ad
1025 1967 1160 2004 infirmium
1179 1967 1282 2002 alicujus
1295 1969 1464 2002 pertinentem
1470 1966 1566 2005 firtpſst
1579 1987 1586 1998 ,
1607 1966 1736 2002 compesuit
1747 1987 1756 1998 ,
1781 1966 1862 1994 edidit
1876 1987 1883 1998 ,
1903 1967 1986 1994 dolove

416 2007 480 2033 malo
491 2007 568 2043 scm,
588 2017 636 2045 quo
651 2005 715 2045 quid
726 2016 810 2033 eorum
819 2003 891 2043 fieret
903 2017 910 2031 :
927 2004 1041 2044 etiamsi
1051 2005 1156 2033 alterius
1171 2005 1269 2032 nomine
1283 2004 1393 2033 ediderit
1407 2026 1414 2037 ,
1435 2003 1533 2043 velstne
1546 2004 1645 2031 nomine
1659 2027 1667 2037 ‚
1687 2013 1727 2032 uti
1739 2005 1771 2031 tle
1784 2014 1814 2032 ea
1830 2015 1856 2031 re
1869 2015 1941 2042 agere
1953 2005 1986 2033 li-

413 2052 479 2070 ceat:
499 2044 539 2076 (9
548 2043 574 2080 fi
584 2042 820 2082 condemnatmsit,
838 2042 883 2082 qui
895 2043 924 2071 id
934 2042 1012 2079 fecit,
1034 2042 1179 2082 intestabilis
1191 2054 1223 2070 ex
1238 2043 1288 2081 lege
1301 2042 1347 2080 effe
1363 2042 1472 2076 jubetur.
1511 2041 1660 2077 Jntfstabilis
1679 2050 1769 2071 autem
1789 2043 1887 2071 dicitur
1900 2044 1935 2075 is,
1955 2051 1986 2071 ut

417 2081 475 2107 alibi
490 2081 609 2115 Uiuianus
623 2081 750 2119 explicat,
771 2082 815 2119 qui
830 2091 879 2110 nec
891 2082 1081 2110 testamentum
1095 2082 1180 2109 facere
1195 2083 1293 2117 potests
1313 2090 1361 2109 nec
1375 2082 1406 2109 ad
1420 2081 1728 2110 testimoniumadhibcri
1741 2081 1820 2109 testis.
1839 2083 1915 2116 Cajus
1922 2090 1985 2108 vero

416 2118 449 2143 fic
464 2119 658 2154 interpretatur.
683 2124 749 2147 Cum
761 2120 811 2157 lege
824 2119 881 2159 quis
896 2118 1042 2155 intestabilis
1049 2119 1154 2155 jubetur
1168 2119 1213 2157 effe
1226 2140 1234 2151 ,
1261 2130 1286 2146 eo
1296 2119 1405 2154 pertinet
1417 2139 1424 2150 ‚
1445 2129 1475 2146 ne
1487 2120 1539 2153 ejus
1553 2118 1688 2152 recipiatur
1702 2117 1871 2156 testimonium
1883 2131 1892 2145 .-
1911 2121 1938 2147 &
1954 2128 1986 2146 eo

418 2155 546 2191 amplius,
567 2166 594 2184 ut
608 2166 700 2192 putant
715 2158 838 2195 quidam,
859 2167 892 2186 ne
906 2158 951 2194 ipli
967 2159 1068 2186 dicatur
1083 2158 1275 2186 testimonium.
1314 2159 1397 2185 Porro
1408 2156 1528 2191 Ulpianus
1541 2157 1645 2193 adjicit,
1667 2158 1759 2186 eadem
1775 2166 1855 2193 poena
1869 2166 1900 2185 ex
1914 2155 1984 2184 sena-

416 2192 576 2221 tusconsulto
590 2197 672 2222 teneri
686 2197 765 2223 ctiam
780 2205 841 2223 cum
857 2217 863 2228 ‚
885 2196 930 2232 qui
944 2198 1137 2234 epigrammata
1151 2217 1159 2228 ,
1179 2196 1283 2224 aliudve
1299 2196 1361 2233 quid
1374 2216 1382 2227 ,
1401 2195 1454 2222 fine
1469 2194 1595 2231 scriPtura
1609 2196 1637 2222 in
1654 2203 1747 2223 notam
1762 2196 1910 2232 aliquorum
1923 2203 1987 2230 pro-

416 2232 534 2262 duxerit,
555 2232 620 2258 item
635 2233 679 2267 qui
694 2235 840 2261 emendum
855 2234 1062 2263 vendendumve
1074 2236 1213 2262 curaverit.
1257 2235 1349 2262 Multis
1363 2234 1421 2269 post
1436 2232 1579 2271 Augustum
1594 2234 1682 2266 annis,
1702 2234 1805 2261 editum
1820 2234 1855 2260 est
1867 2232 1984 2259 acerbius

416 2269 550 2305 qUOdd³ffl
568 2268 736 2297 leeul‘nhffli
749 2272 903 2310 izrlemtyqtoe
916 2273 1025 2300 eddium
1040 2294 1046 2302 .
1067 2281 1096 2301 ut
1110 2273 1155 2310 qui
1170 2281 1328 2309 quocunque
1347 2271 1408 2298 loco
1422 2271 1554 2299 famosum
1569 2271 1687 2299 libellum
1708 2272 1837 2299 invenerit
1849 2291 1856 2301 ,
1876 2278 1925 2297 nec
1937 2270 1986 2296 sta—

416 2309 465 2334 fiiu
482 2307 629 2342 corruperit
643 2326 651 2337 2
671 2306 713 2334 scd
728 2308 802 2335 alicui
817 2310 971 2344 patefecerit
985 2332 991 2342 ‚
1013 2311 1117 2347 capitali
1135 2310 1263 2346 supplicio
1284 2311 1458 2339 coerceretur.
1499 2309 1618 2338 Plurium
1636 2310 1834 2347 Imperatorum
1845 2307 1894 2335 hac
1907 2307 1941 2335 de
1955 2317 1984 2336 re

413 2345 616 2374 <emanationes
626 2343 704 2373 habes
718 2345 744 2373 in
757 2346 864 2382 integro
879 2349 971 2377 codice
985 2347 1147 2388 Theodosiana
1162 2348 1240 2385 11129.
1970 2383 1986 2412 d

1935 2386 1967 2411 Se
