2075 2734
690 154 1137 188 Anrxqurrarum
1176 152 1517 182 Rominmzum
1558 152 1700 183 anv.

411 162 466 190 240
2054 169 2055 172 ’

411 200 441 228 E.
457 201 613 228 C.Lunt.
813 200 848 226 D.
870 201 1065 228 MennTn.
1212 203 1245 230 C.
1265 203 1298 229 C.
1321 203 1433 229 Lunx.
1614 200 1853 232 A.A00N.NP.
2052 235 2053 238 Q

410 239 438 265 F.
454 238 489 265 C.
505 240 613 265 Lunn.
816 237 845 264 E.
867 239 1024 266 Aueusr.
1047 239 1106 266 NP.
1187 245 1189 248 '
1211 241 1246 268 D.
1267 241 1299 266 C.
1320 240 1428 266 Luni.
1614 238 1645 264 B.
1668 237 1724 265 EN.

409 277 444 302 G.
464 277 501 304 N.
515 277 590 303 Lun
603 285 624 303 ι.
816 276 839 301 F.
861 277 967 306 Four.
988 276 1048 304 NP.
1213 279 1245 306 E.
1264 279 1285 306 E
1298 288 1305 304 1
1318 288 1345 305 D·
1367 278 1426 304 NP.
1438 275 1581 313 Epul.i‘nd.
1616 276 1647 302 C.
1670 275 1690 302 E
1704 286 1712 303 ι
1725 287 1752 303 n.
1775 277 1837 304 NP.
2052 288 2053 308 Q

412 315 448 340 H.
464 314 506 340 Et
522 325 548 342 n.
564 314 624 341 NP.
815 314 850 340 G.
872 315 928 341 EN.
1215 318 1243 344 F.
1264 316 1292 342 F.
1313 316 1413 352 Equor.
1426 314 1504 350 prob.
1617 314 1654 340 D.
1675 314 1701 339 F.
2052 340 2053 356 Q

410 352 444 378 A.
460 353 485 380 F.
503 352 602 389 Equor.
617 350 697 386 prob.
815 353 851 379 H.
872 352 893 378 E
906 361 914 378 1
927 362 956 379 n.
978 352 1028 378 NP
1215 355 1251 381 G.
1261 354 1292 380 C.
1306 353 1500 389 Lun.pleb.in
1508 352 1582 381 Circ.
1617 351 1648 378 E.
1670 352 1763 379 Cous
1795 352 1845 379 NP

410 389 440 417 B.
458 392 503 417 Lu
513 400 541 417 n.
555 390 639 417 Rom.
655 389 681 417 in
698 388 772 418 Circ.
817 390 849 417 A.
869 391 896 418 F.
1216 394 1252 419 H.
1272 391 1306 419 C.
1328 391 1354 418 in
1364 391 1437 419 Circ.
1617 390 1646 415 F.
1666 390 1699 416 C·
2052 391 2054 410 Q

408 427 446 455 C.
460 430 491 455 C.
507 428 535 454 in
550 427 622 454 Circ.
817 428 846 454 B.
865 428 901 455 C·
1216 431 1248 458 A.
1269 430 1302 456 C.
1323 429 1349 456 in
1359 430 1432 456 Circ.
1618 428 1653 454 G.
1676 428 1741 456 Fen
1756 439 1765 456 1
1777 438 1803 456 λε
1833 430 1993 460 SATURNJ
2052 454 2053 458 ,

410 467 446 493 D.
461 467 492 493 C.
508 466 535 492 in
549 465 621 495 Circ.
817 465 851 493 C.
871 468 903 494 C.
1218 469 1245 495 Β,
1266 468 1301 494 C.
1325 468 1404 494 Men
1417 477 1444 494 κ.
1618 467 1655 492 Η.
1677 465 1712 494 C.

411 504 442 530 E.
456 505 488 532 C.
503 505 530 531 in
545 504 618 531 Circ.
816 505 850 531 D.
872 507 960 532 ARM·
983 503 1044 531 NP.
1217 506 1249 532 C.
1271 505 1306 532 C.
1329 505 1444 532 MERK.
1621 502 1652 529 A.
1674 506 1782 533 OrAL.
1803 506 1861 534 NP.

410 543 437 569 F.
451 543 484 571 C.
499 543 525 570 in
541 542 612 569 Circ.
817 543 848 568 E.
868 544 899 570 C.
1217 544 1252 570 D.
1273 544 1308 570 C.
1330 543 1443 570 MERK·
1620 541 1649 568 Β.
1668 543 1700 568 C.

409 581 446 607 G.
462 581 622 609 C.Mznx.
819 581 845 606 F.
867 582 898 608 C.
1219 581 1249 607 E.
1271 580 1306 608 C.
1620 579 1652 605 C.
1673 581 1699 606 D
1712 592 1720 609 ι
1733 591 1758 610 ν.
1781 582 1838 609 NP.

411 619 497 647 H·C.
512 621 628 646 Mtnx.
816 618 852 647 G.
873 621 904 646 C.
1216 620 1240 645 F.
1261 620 1292 645 C.
1618 617 1653 642 D.
1674 620 1706 646 C.
2050 621 2051 641 Q

411 657 445 683 A.
460 657 494 685 C.
510 658 625 684 MERK.
817 658 851 682 H.
875 659 912 683 C.
1217 658 1252 684 G.
1273 658 1305 685 C.
1621 654 1651 680 E.
1672 658 1758 687 LAR.
1780 658 1838 685 NP.
2049 656 2051 698 Q

411 694 442 721 Β.
458 696 519 722 ΝΡ.
535 696 649 722 MERK.
664 693 700 720 H.
714 693 752 720 D·
818 694 848 720 A.
871 696 904 721 C.
1216 697 1251 722 H.
1275 696 1309 722 C.
1621 693 1648 718 F·
1670 696 1704 722 C.
2049 702 2051 725 ἶ

452 734 564 772 Augusti
577 730 781 761 natalibusLud.
818 732 848 759 B.
869 735 902 760 C.
1218 734 1251 760 A.
1275 734 1307 761 C.
1619 731 1654 757 G.
1675 735 1707 760 C.
2048 728 2051 775 Q

455 773 528 800 Circ.
817 771 849 798 C.
869 771 904 798 C.
1217 772 1246 798 Β.
1268 773 1300 798 C.
1618 769 1653 796 H·
1675 771 1710 798 C.
2048 795 2050 808 ⁴.

412 810 446 837 C.
468 811 500 838 C.
818 809 852 835 D.
873 810 905 836 C.
928 810 1011 838 Lun.
1033 813 1130 838 VicT
1217 811 1249 836 C.
1272 811 1306 836 C.
1619 798 1651 833 Ᾰ-
1671 810 1708 837 C.
2048 823 2049 830 1

414 848 451 875 D.
470 850 502 876 C.
820 848 849 874 E.
872 848 904 875 C.
926 848 1001 876 Lux>
1015 858 1037 876 1·
1216 849 1252 874 D.
1276 850 1310 875 C.
1621 845 1650 872 B·
1671 848 1706 876 C.
2048 862 2049 870 κ

416 886 447 913 E.
468 887 501 914 C.
818 887 845 912 F.
866 887 898 913 C.
919 885 1025 914 Luni.
1219 886 1250 913 E.
1270 887 1304 913 C.
1619 883 1653 911 C.
1677 887 1707 913 F.

413 925 433 949 1²
462 925 494 951 C.
819 925 855 952 G.
876 925 908 951 C.
931 924 1027 953 LuD1
1218 925 1247 951 F.
1267 926 1303 951 C.
1620 922 1656 952 D.
1676 925 1701 951 F.

416 962 452 990 G.
474 963 508 989 C.
819 964 856 992 H.
875 963 907 989 C.
928 962 1039 990 Lunx.
1620 961 1650 988 E.
1672 962 1706 990 C.
2046 993 2048 1004 Q

417 1000 453 1026 H.
472 1000 501 1028 F.
1361 999 1453 1028 XXX.
2046 1006 2047 1034 Q

418 1037 451 1065 A.
471 1038 504 1066 C.
948 1038 1056 1067 XXXI.
1749 1039 1855 1072 XXXI.
2046 1039 2047 1055 ³

557 1077 649 1105 XXX.

927 1128 1049 1171 Sequitur
1062 1129 1135 1166 hujus
1151 1128 1302 1158 Kalend.1rii
1314 1130 1467 1166 explanatio.

1107 1205 1134 1233 C
1154 1216 1171 1233 A
1191 1217 1215 1236 r.
1255 1207 1316 1234 ΙΙΙ.

873 1268 927 1302 De
945 1267 1120 1315 discrimine
1142 1268 1262 1305 dierum
1284 1267 1367 1316 apud
1388 1271 1548 1303 Romanos.

421 1354 509 1417 De
528 1364 598 1384 anno
615 1357 642 1385 ὃς
657 1355 789 1384 mensibus
804 1356 922 1385 diximus
936 1364 944 1389 ς
971 1356 1114 1394 sequuntur
1126 1356 1182 1385 dies
1200 1357 1245 1394 qui
1261 1358 1380 1384 minores
1400 1358 1461 1384 anni
1481 1362 1567 1392 partes
1583 1353 1651 1383 sunt.
1695 1355 1760 1383 Non
1775 1362 1866 1384 autem
1881 1357 2000 1395 proposi-

511 1402 572 1423 tum
585 1394 662 1422 nobis
677 1395 727 1426 est,
748 1394 801 1422 hoc
814 1395 875 1423 loco
890 1405 921 1422 ea
935 1394 1081 1428 adducere,
1101 1405 1158 1432 quae
1172 1396 1206 1423 de
1219 1395 1311 1423 diebus
1325 1394 1356 1421 ab
1372 1394 1679 1430 Astronommdicuntur:
1701 1401 1730 1421 ut
1742 1395 1814 1431 quod
1827 1395 1891 1423 alius
1904 1396 1935 1424 fit
1947 1397 2000 1424 dies

423 1431 565 1465 naturalis,
585 1433 649 1461 alius
667 1431 815 1470 artificmlbs.
845 1434 895 1460 Sed
910 1433 943 1460 de
956 1431 1024 1460 ciwlr'
1037 1442 1142 1462 tantum
1156 1443 1279 1471 agemus,
1301 1433 1347 1470 qui
1362 1433 1397 1460 est
1408 1432 1520 1470 spatium
1532 1432 1748 1469 vigintiquatuor
1760 1433 1898 1461 horarum·
1923 1434 2001 1471 Apud
2041 1435 2043 1465 ἐ

421 1474 548 1497 Romanos
560 1479 651 1500 autem
665 1471 702 1498 est
714 1470 828 1507 spatium
843 1469 856 1499 ὲ
871 1472 959 1499 media
971 1472 1051 1499 ηοόὶε
1064 1473 1097 1500 ad
1108 1474 1265 1508 proximam
1279 1471 1407 1498 mediam.
1427 1470 1467 1498 Illi
1482 1472 1556 1499 enim
1570 1472 1583 1497 a
1595 1470 1685 1497 metha
1698 1471 1777 1498 noste
1792 1471 1866 1500 diem
1877 1472 2001 1500 suumin·

420 1516 562 1544 coeperunt
576 1531 584 1542 ,
611 1509 683 1546 quod
711 1514 845 1537 Ter-emtus
867 1513 943 1536 Varro
964 1510 1072 1538 testatur
1091 1516 1176 1548 quum
1198 1508 1370 1543 Atheniense?
1388 1508 1419 1536 ab
1440 1510 1580 1538 occidente
1600 1507 1652 1535 sole
1664 1528 1671 1540 ‚
1700 1508 1830 1546 Babylomi
1849 1510 1881 1538 ab
1901 1511 2002 1539 eodem
2040 1535 2041 1539 ,

423 1547 538 1574 oriente.
571 1547 661 1575 Umbri
682 1546 695 1574 ὲ
710 1549 823 1575 meridie
835 1549 908 1576 diem
922 1548 1078 1584 inciperent.
1114 1548 1173 1575 Diei
1187 1556 1274 1584 partes
1287 1549 1406 1584 primum
1422 1547 1478 1575 duae
1493 1547 1562 1584 apud
1578 1548 1717 1573 Romanos
1731 1554 1806 1574 erant
1820 1565 1828 1578 ‚
1853 1557 1913 1575 ante
1926 1547 2004 1576 meri·
2040 1548 2042 1579 f

423 1582 492 1611 diem
514 1587 541 1612 ὃς
556 1584 607 1621 post
628 1583 767 1611 meridiem.
802 1585 906 1613 Author
920 1587 1066 1620 Censorinus
1079 1586 1112 1613 de
1125 1587 1177 1613 Die
1191 1586 1270 1614 natali
1283 1607 1290 1617 ‚
1317 1595 1339 1613 c.
1360 1597 1400 1622 ¹9·
1433 1585 1484 1613 Alii
1497 1586 1585 1622 postea
1599 1585 1713 1612 eundem
1729 1586 1756 1612 in
1770 1592 1884 1621 quatuor
1897 1594 2001 1621 partes,
2038 1586 2042 1650 Q

422 1620 497 1650 sicuti
519 1624 546 1650 &
559 1623 671 1650 noestem
685 1622 807 1650 fimilitcr
820 1623 966 1650 diviserunt
980 1644 987 1654 ,
1007 1624 1033 1651 id
1049 1624 1120 1662 quod
1135 1625 1242 1651 testatur
1255 1624 1400 1652 fimilitudo
1412 1623 1453 1651 illa
1469 1624 1590 1651 militaris
1601 1643 1608 1654 ,
1629 1632 1691 1650 cum
1706 1624 1803 1651 dicitur
1815 1644 1823 1654 ,
1847 1624 1938 1660 Vtgilm
1947 1624 2003 1658 pri·
2039 1655 2041 1665 ,

423 1670 484 1691 ma,
505 1661 572 1688 item
587 1660 712 1695 ftcunda,
734 1664 760 1689 δε
780 1660 873 1693 tertia,
893 1663 919 1689 ὃς
935 1670 1038 1700 quarta.
1078 1663 1201 1690 Tandem
1216 1672 1281 1689 vero
1295 1662 1369 1700 plura
1383 1662 1469 1689 nonstis
1484 1664 1510 1690 3<
1524 1662 1576 1689 diei
1591 1669 1715 1697 tempora
1727 1667 1833 1692 notata,
1852 1663 1879 1690 &
1890 1664 2004 1698 propriis
2039 1668 2041 1695 j

423 1697 538 1726 discreta
556 1698 726 1730 nominibus,
745 1708 803 1736 quae
822 1699 892 1735 apud
912 1707 1014 1726 veteres
1033 1701 1140 1731 Poetas,
1162 1709 1191 1729 ut
1211 1701 1357 1733 Cerfirmus
1370 1701 1420 1731 air,
1442 1701 1534 1736 paffim
1548 1698 1643 1735 scripta
1658 1700 1838 1728 inveniuntur.
1877 1699 2003 1728 Primum
2038 1709 2040 1737 ξ

425 1735 478 1765 diei
499 1744 607 1773 tempus
626 1736 764 1767 dicebatur
782 1738 867 1765 mssdm
885 1747 949 1764 nox:
969 1737 1084 1766 alterum
1105 1738 1191 1766 media
1210 1737 1288 1765 mc'hs
1302 1737 1443 1770 inclmano,
1467 1738 1509 1766 vel
1523 1739 1557 1765 de
1570 1738 1660 1765 media
1673 1738 1765 1764 noste:
1786 1739 1911 1768 tertium.
1925 1738 2004 1776 galli-
2038 1747 2040 1755 ’

423 1773 529 1807 ciniw,
549 1775 602 1803 five
609 1774 671 1812 galli
691 1782 802 1803 cantus:
828 1784 953 1812 quartum
966 1796 974 1808 ,
993 1775 1150 1804 conminium
1164 1798 1172 1809 ‚
1192 1777 1264 1814 quod
1284 1779 1310 1805 ὃς
1329 1777 1389 1814 galli
1409 1776 1630 1807 conticescerent,
1652 1778 1679 1804 ἃ
1697 1775 1822 1803 homines
1841 1777 1922 1804 etiam
1943 1784 2004 1805 tum
2037 1770 2040 1840 Q

426 1812 612 1850 quiestcrentz
640 1814 764 1851 quintum
781 1834 788 1846 ,
813 1814 950 1841 damulam
964 1834 971 1845 ‚
998 1824 1060 1843 cum
1082 1815 1176 1852 incipit
1193 1814 1313 1852 dignosci
1332 1817 1403 1843 dies:
1430 1814 1533 1843 sextum
1549 1834 1557 1846 ‚
1584 1824 1658 1840 mane
1672 1835 1679 1845 ‚
1699 1823 1762 1841 cum
1783 1814 1819 1840 est
1836 1815 1892 1841 dies
1909 1813 2006 1842 clarus·¹
2038 1847 2039 1850 ,

427 1852 541 1880 Didium
562 1859 653 1880 autem
672 1861 747 1878 mane
767 1852 803 1879 est
815 1872 822 1883 ‚
839 1859 886 1879 aut
904 1853 976 1889 quod
996 1852 1028 1879 ab
1043 1853 1212 1881 inferioribus
1224 1854 1289 1880 locis
1303 1874 1311 1884 ,
1330 1853 1356 1880 id
1371 1854 1421 1884 est,
1441 1852 1455 1879 ἐ
1469 1852 1591 1879 manibus
1603 1852 1744 1878 exordium
1759 1851 1822 1878 lucis
1836 1858 2005 1888 emergeret,
2036 1859 2039 1882 1

426 1897 472 1918 aut
485 1890 518 1918 ab
533 1891 626 1918 omine
640 1889 704 1917 boni
717 1890 850 1922 nominis,
870 1890 941 1926 quod
956 1892 1088 1919 Lanuvini
1102 1902 1176 1919 mane
1189 1901 1239 1928 pro
1253 1890 1326 1918 bono
1339 1891 1464 1919 dixerint.
1505 1893 1582 1916 Varro
1595 1890 1646 1920 ait,
1665 1899 1740 1915 mane
1753 1889 1857 1918 dietum
1870 1887 1884 1916 ὲ
1896 1900 2004 1917 manan-
2037 1907 2038 1910 =

426 1929 475 1959 do,
493 1929 566 1965 quod
586 1935 645 1957 tum
666 1936 788 1958 manaret
808 1928 863 1957 dies
884 1928 916 1955 ab
937 1930 1057 1957 oriente:
1071 1929 1207 1964 septimum
1222 1950 1230 1961 ,
1249 1937 1355 1965 tempus
1368 1928 1629 1957 antemeridianum:
1649 1926 1766 1954 obianum
1782 1928 1925 1960 meridies,
1946 1937 2004 1965 quae
2035 1923 2038 1955 Ι

425 1965 480 2002 ipsa
497 1967 534 1994 est
555 1967 637 1994 medii
654 1967 707 1994 diei
719 1976 788 2003 pars.
827 1968 893 1995 Sunt
908 1968 953 2004 qui
966 1967 1097 1994 meridiem
1109 1968 1211 1997 dietum
1226 1974 1336 2003 putent,
1357 1968 1430 2005 quod
1443 1976 1531 1994 merus
1546 1966 1576 1994 fit
1589 1965 1644 1992 dies
1654 1986 1662 1997 ,
1685 1965 1710 1992 id
1726 1966 1776 1996 est,
1796 1975 1885 2002 purus.
1927 1967 2003 1993 Nam
2036 1960 2038 2007 Q

427 2003 543 2032 meridies
563 2006 599 2033 est
617 2005 709 2041 purior
727 2005 780 2033 diei
793 2013 852 2041 pars
865 2026 872 2037 ‚
900 2007 961 2042 quia
973 2004 1011 2033 sol
1033 2006 1060 2033 in
1075 2006 1166 2034 medio
1179 2006 1250 2034 coelo
1263 2005 1353 2034 rutilat
1367 2026 1374 2037 ,
1401 2008 1429 2034 ὃς
1442 2014 1556 2032 omnem
1569 2003 1665 2031 orbem
1680 2004 1736 2039 pari
1750 2003 1858 2031 illustrat
1872 2003 2004 2033 clamate:
2035 2011 2038 2034 ι

426 2050 531 2069 nonum
545 2064 553 2075 ,
577 2050 686 2081 tempus
699 2042 903 2077 pomertdianum
917 2055 925 2069 :
951 2044 1089 2071 decimum
1104 2065 1112 2076 ,
1130 2044 1191 2079 fhlbs
1210 2045 1301 2078 occasus
1314 2065 1322 2076 ,
1348 2043 1402 2071 five
1419 2043 1540 2081 suprema
1559 2042 1700 2078 tempestas
1714 2062 1721 2073 ,
1747 2041 1800 2070 hoc
1819 2042 1855 2069 est
1868 2063 1876 2074 ,
1895 2042 2002 2069 novissi·

430 2088 508 2107 mum
528 2082 581 2109 diei
600 2089 707 2117 tempus
723 2092 729 2109 z
749 2082 926 2110 undecimum
939 2103 946 2114 ‚
968 2083 1064 2117 vespera
1077 2103 1085 2112 .
1107 2092 1163 2120 quae
1181 2083 1195 2110 ἐι
1215 2081 1284 2110 stella
1296 2103 1304 2114 ,
1332 2091 1389 2119 quae
1408 2083 1507 2110 Graecis
1526 2085 1623 2115 amp&
1643 2080 1740 2108 dicitur
1753 2101 1762 2112 ,
1778 2089 1890 2108 -nomen
1909 2079 2006 2112 habet,
2034 2080 2035 2084 ’

428 2118 502 2153 quod
521 2126 581 2146 tum
599 2128 742 2155 appareat:
762 2120 970 2152 duodecimum,
990 2121 1164 2155 crepufiulum,
1187 2121 1222 2148 slc
1241 2120 1348 2148 fortasse
1366 2120 1542 2157 appellatum,
1563 2118 1634 2155 quod
1654 2127 1694 2145 res
1713 2119 1820 2147 incertae
1839 2128 1946 2156 crepere
1964 2119 2004 2146 di·
2034 2097 2036 2152 Q

430 2161 545 2182 cuntur:
571 2157 649 2193 idque
669 2165 775 2194 tempus
795 2159 881 2186 noetis
900 2159 930 2187 fit
943 2179 950 2190 ,
977 2168 1009 2186 an
1029 2159 1081 2186 dici
1095 2180 1101 2190 ,
1127 2160 1261 2188 incertum
1282 2159 1336 2186 est:
1356 2157 1611 2186 decimumtertium
1627 2177 1633 2188 ‚
1650 2156 1735 2190 prima
1747 2157 1813 2193 jizx,
1833 2158 1905 2194 quod
1924 2157 2012 2185 lumi--
2033 2158 2035 2180 ἒ

428 2202 464 2220 na
482 2199 542 2220 tum
563 2194 781 2226 accendebantur.
821 2197 911 2225 Livius
924 2194 1020 2231 primas
1038 2196 1152 2224 tenebras
1171 2197 1291 2233 appellat.
1326 2197 1452 2224 Horatius
1471 2195 1516 2222 lib.
1540 2205 1564 2221 2.
1591 2195 1671 2232 Epist.
1696 2194 1784 2229 prima
1801 2195 1909 2222 lamina.
1933 2195 2005 2223 deci·
2032 2201 2034 2230 3

430 2240 508 2258 mum
518 2239 642 2267 quartum
656 2252 663 2263 ‚
684 2233 795 2261 concubia
817 2246 868 2262 nox
882 2257 889 2267 ,
917 2245 979 2262 cum
1006 2234 1081 2262 itum'
1095 2236 1130 2262 est
1150 2235 1269 2263 cubitum
1285 2245 1290 2261 :
1317 2234 1455 2261 decimum
1474 2233 1599 2270 quintum
1613 2252 1620 2261 ,
1645 2232 1789 2270 intempesta
1808 2244 1858 2260 nox
1870 2245 1878 2260 :
1906 2234 1932 2261 id
1951 2233 2003 2264 est,
2031 2243 2034 2263 ι

427 2268 514 2296 multa
532 2278 601 2300 nox,
621 2271 682 2305 quia
702 2271 765 2298 nihil
786 2274 829 2310 agi
851 2274 887 2301 est
906 2273 1105 2309 tempestivum.
1144 2273 1222 2300 AElius
1236 2284 1244 2298 .·
1264 2273 1486 2308 intempestivum
1507 2271 1558 2302 est,
1579 2271 1678 2308 inquit,
1698 2282 1761 2299 cum
1782 2279 1887 2308 tempus
1907 2271 2004 2309 agendi
2031 2269 2034 2280 ¹

428 2309 465 2335 est
487 2306 589 2334 nullum
603 2326 610 2338 ,
637 2308 708 2343 quod
723 2309 764 2335 alii
778 2311 917 2339 concubium
931 2311 1095 2348 appellarunt
1107 2333 1114 2344 ,
1141 2311 1213 2349 quod
1228 2310 1282 2338 fere
1296 2320 1391 2337 omnes
1405 2318 1468 2338 tunc
1481 2309 1616 2338 cubarent.
1657 2309 1709 2337 Alii
1722 2310 1754 2338 ab
1768 2320 1801 2338 eo
1812 2311 1885 2347 quod
1900 2311 2004 2340 metm,
2030 2322 2033 2336 ι

418 2344 559 2412 βίεηιὶιιηῖ1
572 2343 650 2412 viius
671 2346 810 2376 dixerunt:
829 2350 966 2379 decimum
980 2353 1100 2384 iatum,
1119 2347 1249 2380 mclmatio
1262 2349 1299 2377 ad
1312 2347 1423 2377 mediam
1435 2349 1539 2378 noet'em.
1578 2350 1628 2378 Hae
1640 2355 1727 2386 partes
1741 2348 1857 2378 breviter
1869 2349 1922 2378 hoc
1937 2356 2004 2385 typo
2030 2352 2033 2375 ,¹

427 2392 540 2421 compre
561 2392 594 2412 en
614 2390 702 2412 untur.

2030 2431 2031 2447 Q

1909 2460 2031 2491 Dies}
