2075 2734
385 82 438 119 535
675 69 1496 110 AnriQu‘iraruuRounnAnum
1537 59 1694 104 Linlvn.

382 132 423 159 Ad
441 126 652 165 jurisdictionem
669 133 760 154 autem
777 126 850 162 quod
866 126 962 153 attinet
975 145 984 156 ‚
1011 125 1174 161 privatarum
1193 131 1301 153 tantum
1318 123 1453 152 causarum
1468 124 1655 161 cognitionem
1667 123 1798 159 habebat,
1827 127 1854 156 in
1868 129 1968 167 quibu-s

384 176 438 194 non
457 165 516 196 lua,
536 164 580 192 sed
595 164 718 191 mandata
731 164 874 192 utebantur
887 163 1064 191 authoritate:
1084 165 1110 192 δε
1125 162 1144 189 fi
1158 163 1219 199 quid
1234 170 1401 193 occurreret,
1422 163 1494 199 quod
1509 162 1645 198 majorem
1661 162 1824 200 diligentiam
1840 170 1962 204 expostu-

384 204 449 231 laret
462 224 470 235 ‚
497 203 524 230 id
539 202 571 230 ad
585 201 771 239 proconsulem
792 201 974 229 remittebant.
1010 199 1171 228 Publicarum
1190 209 1280 228 autem
1294 199 1452 239 questionum
1465 200 1567 238 cognitio
1582 202 1609 228 &
1623 202 1778 229 exercitatio
1791 204 1820 231 iis
1833 204 1847 232 ὲ
1862 205 1962 244 procoffi

385 242 507 269 mandari
518 251 573 268 non
588 247 706 277 poterat,
727 239 773 267 nifi
788 240 815 267 in
828 239 888 277 lege
901 240 970 267 istius
983 239 1129 276 quaestionis
1143 240 1306 267 nominatim
1319 239 1447 275 scriptum
1463 239 1533 266 efl'et.
1559 240 1606 276 Jus
1619 238 1720 266 nullum
1733 239 1862 271 habebant
1875 246 1961 272 anim-

384 280 540 308 advertendi
555 280 581 306 in
595 286 672 313 caput
686 277 841 314 cujusquam
853 299 860 310 ‚
879 287 928 306 nec
941 277 1067 305 atrociter
1080 277 1245 305 verberandi.
1275 277 1306 305 Id
1321 278 1392 304 enim
1401 276 1547 311 proconficlis
1562 284 1625 304 erat.
1655 277 1680 304 Si
1694 285 1784 305 tamen
1797 281 1958 317 contigissem

380 317 545 352 proconsulem
560 316 644 343 abess'e
658 316 671 343 ὲ
685 317 837 352 provincia,
859 323 919 344 tum
937 315 1024 353 legatis
1038 315 1280 343 committebantur
1292 335 1298 346 ‚
1321 324 1378 351 quae
1390 314 1647 342 animadversionem
1663 315 1835 351 postulabant.
1869 320 1918 346 Sed
1933 322 1962 348 ὃς

385 354 438 384 hoc
458 355 604 383 notandum
616 374 622 384 ,
643 353 662 380 s1
671 354 819 388 proconsiiles
831 362 876 382 aut
888 362 1043 388 propretores
1055 362 1117 382 ante
1130 352 1279 381 successoris
1293 353 1437 381 adventum
1448 374 1454 385 ,
1473 353 1506 380 de
1518 354 1656 389 provincia
1673 354 1848 386 decederent,
1861 357 1960 385 cosle.

379 402 454 431 gatos
466 392 507 420 vel
519 390 644 432 quaestores
655 392 764 420 interim
778 393 922 429 provinciis
937 391 1095 428 praefeciffe,
1115 392 1160 429 qui
1175 394 1201 419 ὃς
1216 390 1263 427 ipsi
1277 399 1336 418 tum
1346 391 1495 425 proconficles
1508 399 1552 419 aut
1560 399 1715 425 propr-crore:
1727 392 1934 427 appellabantur.

426 432 467 458 De
492 430 580 468 legatis
601 430 695 457 decern
709 450 717 462 ‚
742 440 857 467 quorum
878 429 986 458 consilio
1006 432 1032 459 &
1051 440 1102 467 ope
1121 430 1202 457 duces
1222 430 1386 457 exercituum
1407 429 1546 457 utebantur
1560 450 1566 460 ‚
1593 430 1620 456 in
1638 430 1782 466 provinciis
1803 431 1962 461 constituen-

387 469 427 496 dis
442 489 448 498 ‚
469 468 520 496 alio
535 467 595 495 loco
607 468 706 496 dicam.
745 468 813 496 Illud
827 468 879 496 hoc
893 468 968 499 loco,
988 476 1131 505 antequam
1146 468 1177 495 ad
1191 468 1240 495 alia
1252 467 1423 504 progrediar,
1442 467 1644 494 admonendum
1660 468 1778 498 videtur,
1798 469 1869 505 quod
1883 470 1914 497 de
1926 471 1961 497 le-

380 505 486 545 gatione
502 505 581 533 libera
600 506 736 534 interdum
755 507 850 543 legitur
863 528 870 539 ,
892 507 975 534 moris
994 506 1080 537 fuitie,
1101 514 1129 534 ut
1142 506 1268 540 senatores
1290 505 1427 536 Romani,
1448 504 1541 541 quibus
1560 505 1661 541 privata
1682 507 1788 543 negotia
1808 507 1836 534 in
1854 509 1960 544 provin-

386 545 433 572 ciis
448 551 521 572 eraut
535 543 607 572 velut
621 543 785 573 haereditates
797 566 805 577 ‚
828 553 872 573 aut
886 545 971 582 legata
983 543 1156 581 persequendi
1170 565 1176 575 ,
1204 543 1247 570 vel
1261 544 1373 571 nomina
1389 543 1529 579 exigendi,
1556 542 1699 571 honorario
1713 543 1792 571 titulo
1804 543 1882 572 libem
1894 546 1964 584 lega-

385 582 460 610 tionis
475 584 488 610 a
502 582 591 611 senatu
605 582 767 610 donarentur
780 604 789 615 ,
815 591 844 611 ut
861 583 897 610 ita
913 583 957 610 sub
974 583 1110 620 legatorum
1125 581 1242 618 personis
1256 580 1527 610 commendabiliores
1544 581 1732 608 controverfias
1747 581 1874 611 haberent
1886 605 1895 616 ,
1923 592 1964 613 ac-

386 629 437 657 que
450 619 644 657 favorabiliores.
684 622 758 657 Qin
771 623 853 649 etiam
867 622 923 648 voti
935 620 1053 648 solvendi
1065 640 1073 654 ‚
1102 622 1127 648 ὅ(
1142 620 1252 656 periculi
1267 620 1366 647 vitandi
1385 618 1459 647 causa
1471 628 1513 646 eas
1532 618 1677 654 legationes
1689 619 1754 656 saepe
1766 620 1960 656 impetrabant,

387 662 414 687 δε
439 660 545 688 Ιίξὶοι-εε
570 657 584 686 ὲ
603 658 795 692 provincialibus
821 659 1013 696 magistratibus
1033 665 1243 695 coeterorumque
1263 658 1414 694 legatorum
1434 656 1543 694 insignia
1562 656 1732 691 accipiebant.
1770 661 1851 684 Clcero
1870 668 1963 688 autem

385 696 431 724 lib.
444 705 467 734 3.
482 698 515 725 de
531 696 644 734 Legibus
655 717 662 728 ,
681 698 709 724 in
721 697 766 725 luo
779 697 922 726 Consulatu
936 697 1048 724 omnino
1063 697 1217 733 extinguere
1232 699 1258 725 δε
1272 696 1365 723 tollere
1380 695 1515 731 ejusmodi
1526 695 1659 733 legationes
1673 694 1757 722 voluit
1769 715 1778 726 ‚
1796 696 1866 723 unde
1878 698 1961 726 etiam.

385 736 457 763 inter
472 735 531 763 alias
545 734 600 762 suas
614 733 684 772 leges
699 734 753 764 haec
765 736 854 773 ponit:
875 735 923 763 Rei
929 735 979 770 fica
994 745 1048 774 ergo
1062 745 1093 762 ne
1105 745 1163 773 quis
1175 734 1268 772 legatus
1282 733 1337 772 esto.
1356 735 1407 761 Sed
1422 734 1566 762 intercessit
1579 731 1666 759 Limus
1681 731 1889 769 tribunusplebis,
1910 738 1963 773 &cz

386 774 425 811 ⁴Eg
437 773 492 804 haec
505 773 538 802 de
550 772 648 811 legatis.
1921 771 1948 775 ’μ

1048 855 1072 881 C
1094 863 1110 881 Α
1132 851 1156 881 r}
1199 842 1300 881 Χὶἶν.

761 916 815 949 De
828 914 1011 962 quaestoribus
1021 912 1265 964 provincialibus
1280 921 1327 949 (ν’
1336 913 1585 963 proquaestoribus.

450 990 576 1030 nostorum
594 995 644 1023 tria
664 1004 762 1033 genera
781 994 856 1021 fuiffe
874 993 950 1030 supra
969 995 1084 1023 diximus
1100 1005 1107 1021 :
1134 993 1187 1023 Alii
1206 995 1279 1022 enim
1298 991 1423 1032 questores
1442 993 1522 1021 orarii
1534 1015 1542 1025 ‚
1567 992 1608 1021 vel
1627 991 1717 1022 urbani
1731 1005 1739 1020 :
1763 994 1805 1022 alii
1825 996 1964 1031 quaestores

462 1030 609 1065 parricidii,
629 1034 671 1061 vel
688 1043 778 1060 rerum
799 1032 949 1068 capitalium
971 1040 1066 1060 erant:
1086 1032 1129 1060 alii
1148 1031 1272 1071 quastoi¹es
1285 1030 1463 1065 p›·3vinciales‚
1485 1032 1518 1059 de
1537 1031 1629 1068 quibus
1647 1030 1699 1059 hoc
1719 1034 1804 1070 capite
1824 1034 1964 1065 dicemus.

468 1078 501 1096 eo
520 1071 629 1103 ordine,
648 1079 677 1099 ut
690 1072 825 1108 primum,
846 1071 891 1107 qui
903 1069 1028 1108 quaflores
1043 1071 1206 1105 provinciales
1221 1070 1333 1100 fuerint,
1354 1070 1494 1106 quomodo
1508 1070 1588 1097 creati
1602 1069 1651 1097 sint
1663 1090 1671 1101 ‚
1691 1072 1716 1098 ἃ
1731 1071 1881 1108 provincias
1894 1072 1965 1100 obti-

384 1107 491 1135 nuerint
505 1127 512 1138 ‚
538 1115 597 1136 tum
623 1118 703 1147 quarn
727 1109 888 1145 potestatem
914 1108 1073 1140 habuerint,
1099 1109 1277 1137 ostendamus.
1316 1106 1449 1145 Qaestores
1468 1106 1629 1142 provinciales
1648 1115 1738 1139 erant,
1766 1110 1811 1146 qui
1831 1119 1881 1136 una
1900 1119 1965 1138 cum

378 1144 561 1180 proconsulibus
576 1168 583 1179 ‚
608 1154 653 1175 aut
671 1145 854 1181 propiztoribus
881 1147 907 1173 in
932 1147 1082 1182 provincias
1107 1147 1222 1175 exibant.
1261 1147 1291 1173 In
1319 1145 1429 1182 lingulas
1454 1146 1527 1173 enim
1553 1146 1699 1181 provincias
1723 1145 1817 1183 finguli
1842 1147 1966 1185 quaestorer

386 1183 578 1216 mittebantur,
597 1191 775 1222 praeterquam
797 1185 824 1212 in
844 1184 972 1212 Siciliam:
993 1194 1050 1221 quae
1068 1193 1130 1214 <um
1151 1185 1248 1220 duplex
1262 1183 1362 1214 fuisset,
1383 1185 1520 1220 provincia
1532 1192 1607 1212 vetus
1623 1185 1648 1212 &
1663 1194 1732 1211 nova
1745 1184 1810 1212 duos
1823 1187 1906 1213 etiam
1919 1185 1965 1213 ha-

385 1221 442 1249 buit
461 1221 585 1259 quaestores
597 1244 604 1255 ,
633 1232 717 1251 unum
739 1224 783 1260 qui
808 1221 905 1259 Lilybaei
922 1243 929 1252 ,
954 1222 1068 1250 alterum
1089 1223 1134 1260 qui
1154 1221 1274 1261 &raca-sis
1293 1221 1408 1249 curabat.
1448 1221 1615 1259 Legebantur
1634 1230 1725 1249 autem
1745 1231 1778 1249 eo
1791 1232 1842 1250 ¹ern
1863 1224 1965 1255 modo,

385 1268 440 1296 quo
460 1268 572 1293 pretores
592 1259 766 1294 provinciales.
807 1261 881 1288 Nam
908 1269 969 1287 cum
995 1261 1129 1298 legitimus
1153 1259 1297 1299 questorum
1316 1269 1436 1286 numerus
1461 1261 1487 1287 in
1514 1268 1614 1287 annum
1639 1259 1730 1295 populi
1754 1259 1882 1297 suffragiis
1902 1262 1967 1289 effet

385 1305 486 1325 creatus
501 1318 508 1328 ‚
535 1298 643 1333 jubebat
663 1298 764 1326 senatus
784 1306 814 1326 ut
833 1299 982 1335 provincias
1002 1299 1029 1326 in
1050 1298 1151 1326 sortem
1167 1299 1333 1334 conjicerent
1351 1308 1355 1324 z
1376 1297 1505 1331 provincio
1519 1307 1583 1326 vero
1597 1297 1650 1323 duae
1661 1305 1733 1324 erant
1747 1296 1842 1324 urbana
1854 1308 1966 1331 eorum,

384 1336 430 1372 qui
451 1335 541 1362 aerario
559 1336 650 1373 populi
671 1338 790 1364 Romani
810 1336 962 1372 praeessent:
983 1337 1087 1374 reliquae
1108 1336 1163 1364 fere
1176 1335 1355 1371 provinciales,
1376 1346 1470 1363 eorum
1482 1358 1488 1367 ‚
1509 1338 1553 1373 qui
1573 1344 1635 1363 cum
1656 1334 1799 1369 Constclibus
1811 1356 1818 1367 ,
1839 1344 1883 1365 aut
1902 1346 1966 1366 cum

380 1372 525 1408 praetortbus
544 1375 571 1401 in
593 1376 742 1411 provincias
761 1376 840 1402 irent.
875 1375 1117 1411 Qemadmodum
1140 1383 1230 1402 autem
1239 1373 1349 1412 presides
1364 1384 1418 1401 non
1433 1374 1538 1411 semper
1550 1374 1699 1410 provincias
1714 1383 1744 1400 ex
1761 1373 1968 1403 senatusconsul-

387 1420 417 1439 to
431 1432 436 1442 ,
465 1413 492 1439 ὃ(
506 1411 576 1439 sorte
589 1413 633 1440 led
647 1412 789 1450 aliquando
802 1412 860 1449 lege
873 1412 1044 1440 obtinuerunt
1060 1424 1065 1439 :
1086 1412 1120 1440 fic
1134 1413 1213 1440 etiam
1228 1411 1354 1451 quaestores
1366 1422 1421 1440 non
1436 1413 1540 1450 semper
1552 1421 1583 1439 ex
1599 1413 1623 1438 S.
1636 1412 1667 1438 C.
1682 1420 1724 1438 cas
1739 1410 1823 1439 lortiti
1836 1433 1841 1442 .
1863 1412 1906 1440 led
1921 1420 1967 1442 aut

385 1451 416 1489 S.⁴
426 1451 458 1476 C.
472 1457 518 1477 aut
531 1451 589 1487 lege
600 1450 686 1488 aliqua
697 1459 770 1478 extra
784 1451 908 1478 ordinem
922 1451 1086 1478 nominatim
1099 1451 1188 1487 adepti
1201 1450 1260 1477 sunt
1270 1471 1278 1482 ‚
1298 1450 1372 1486 cujus
1386 1451 1424 1477 rei
1438 1450 1559 1487 exempla
1572 1458 1627 1476 non
1641 1457 1722 1484 pauca
1735 1450 1803 1484 apud
1816 1449 1920 1477 Livium
1938 1453 1966 1480 ὃς

384 1490 525 1513 Ciceronem
537 1496 637 1515 extant.

424 1523 550 1560 Ministris
565 1524 689 1563 questores
708 1524 748 1563 usi
762 1527 821 1554 lunt
834 1547 840 1556 ‚
866 1524 956 1553 scribis
971 1529 997 1555 ὃς
1011 1527 1164 1555 lictoribus:
1182 1525 1271 1561 stribis
1283 1526 1315 1553 ad
1331 1525 1507 1553 conficiendas
1520 1524 1619 1552 tabulas
1633 1523 1748 1561 publicas
1762 1545 1768 1554 ,
1786 1523 1914 1552 lictoribus
1931 1526 1964 1553 ad

387 1562 554 1598 majestatem
577 1563 742 1600 magistratus
763 1563 898 1590 tuendam.
927 1565 986 1591 Nec
999 1575 1063 1592 vero
1077 1564 1181 1601 semper
1194 1564 1293 1601 quaestor
1308 1573 1371 1591 cum
1384 1563 1430 1590 suo
1443 1563 1549 1599 praelide
1563 1564 1590 1590 in
1604 1563 1769 1598 provinciam
1784 1562 1966 1598 proficisceba-

386 1607 443 1627 tur:
463 1609 557 1627 verum
573 1600 650 1637 saepe,
671 1609 716 1628 aut
730 1601 818 1628 multo
830 1609 905 1632 ante,
925 1610 969 1630 aut
983 1603 1070 1630 multo
1084 1604 1141 1639 post
1155 1612 1216 1630 eum
1226 1603 1253 1629 in
1261 1603 1428 1638 provinciam
1441 1601 1578 1627 veniebat:
1601 1600 1671 1628 unde
1680 1599 1772 1630 fiebat,
1792 1608 1821 1626 ut
1829 1609 1883 1627 non
1891 1601 1965 1628 idem

386 1637 491 1674 semper
504 1637 622 1676 quaesfforn
637 1639 747 1666 muneris
761 1640 868 1666 ineundi
882 1640 937 1666 dies
952 1640 1030 1667 fucrit
1045 1661 1052 1671 ,
1078 1641 1122 1678 qui
1130 1639 1254 1675 pretorii.-
1274 1640 1345 1676 quod
1360 1638 1405 1665 ubi
1421 1639 1510 1665 evenit
1523 1659 1531 1670 ‚
1559 1637 1635 1665 fimul
1650 1637 1714 1664 illud
1729 1638 1810 1665 etiam
1825 1639 1966 1676 continge-

385 1685 413 1703 re
425 1676 528 1712 potuit,
550 1684 579 1704 ut
592 1677 659 1704 duos
672 1675 797 1714 quaestores
809 1676 899 1713 praeses
911 1687 975 1705 unus
989 1679 1085 1706 eodem
1099 1688 1169 1706 anno
1183 1676 1318 1709 habuerit,
1339 1676 1455 1704 Cicerone
1467 1676 1540 1704 teste.

426 1713 535 1749 Potestas
553 1714 651 1741 horum
670 1723 741 1746 erat,
761 1714 894 1753 publicam
909 1716 1057 1749 pecuniam,
1079 1726 1158 1753 quam
1180 1726 1212 1744 ex
1227 1717 1336 1747 aerario,
1356 1716 1370 1742 a
1384 1713 1496 1742 tribunis
1510 1714 1591 1742 aerarii
1604 1712 1782 1750 accipiebant,
1803 1722 1912 1751 quaeque
1926 1720 1964 1743 at-

387 1750 485 1781 tributa
504 1753 615 1789 pecunia
633 1751 783 1785 dicebatur,
804 1763 906 1784 curare,
927 1756 953 1781 a&
973 1755 1034 1783 inde
1054 1755 1194 1790 stipendia,
1216 1756 1243 1782 &
1263 1754 1390 1781 viaticum
1408 1752 1514 1789 legatiS,
1534 1752 1640 1779 cohorti
1657 1752 1797 1787 praetoriae,
1819 1755 1845 1779 δε
1863 1752 1966 1780 exerci-

350 1794 362 1826 ζ
385 1790 424 1818 tui
442 1789 606 1827 suppeditare
621 1801 626 1817 z
651 1799 709 1819 tum
725 1792 806 1819 etiam
821 1791 979 1828 vectigalem
995 1793 1135 1829 pecuniam
1151 1803 1182 1820 ex
1196 1801 1224 1819 re
1239 1791 1412 1819 frumentaria
1426 1810 1433 1820 ‚
1461 1792 1488 1817 &
1502 1799 1534 1817 ex
1547 1790 1672 1826 portoriis
1685 1809 1693 1820 ‚
1714 1788 1864 1826 caeterisque
1877 1811 1884 1821 ‚
1906 1799 1964 1827 quae

381 1828 509 1861 publicani
522 1836 648 1857 exercent
658 1849 665 1860 ,
686 1828 858 1867 vectigalibus
873 1832 992 1867 exigere,
1014 1834 1039 1859 ὅ(
1054 1831 1174 1858 Romam
1191 1830 1217 1856 in
1232 1830 1352 1857 aerarium
1366 1828 1475 1856 referre.
1518 1828 1721 1863 Nonnunquam
1742 1827 1821 1854 etiam
1838 1836 1967 1862 propi-oto-

384 1876 423 1892 res
436 1865 605 1904 quaestoribus
616 1866 830 1903 jurisdictionem
845 1889 852 1899 ,
875 1868 1074 1906 imperiumque
1090 1867 1165 1896 suum
1180 1868 1340 1895 mandarunt
1351 1888 1360 1899 ‚
1381 1869 1408 1895 ὃς
1423 1865 1504 1894 totius
1518 1866 1556 1892 rei
1570 1864 1749 1892 frumentariae
1760 1866 1965 1893 administratio—

386 1913 449 1931 nem
471 1904 675 1932 commiserunt.
716 1906 797 1941 Qod
821 1905 839 1932 si
856 1904 981 1944 quaestores
1001 1908 1014 1933 a
1030 1905 1215 1940 propraetoribus
1231 1905 1271 1932 vel
1281 1903 1459 1939 proconficlibus
1472 1922 1480 1932 ,
1507 1911 1567 1931 ante
1579 1902 1755 1931 successorum
1769 1904 1914 1932 adventum
1929 1904 1965 1931 de

388 1944 526 1978 pros-incia
546 1941 734 1971 decedentibus
749 1963 756 1975 ‚
783 1944 925 1979 provincie:
945 1953 1161 1981 praeponerentur
1174 1965 1181 1976 ‚
1200 1952 1259 1971 tum
1281 1946 1306 1971 &
1326 1943 1372 1979 ipsi
1386 1940 1532 1977 proconfielis
1550 1948 1594 1969 aut
1607 1949 1757 1975 propatoris
1776 1951 1877 1969 nomen
1898 1941 1965 1969 fere-

387 1979 463 2013 bant,
485 1989 565 2017 prout
584 1981 675 2017 hujus.
699 1980 740 2008 vel
758 1981 826 2009 illius
844 1982 913 2009 vices
928 1980 1095 2010 sustinebant.
1135 1983 1161 2009 Si
1181 1991 1245 2010 vero
1259 1980 1382 2019 qtcaestores
1403 1989 1458 2008 non
1472 1980 1610 2016 expediam
1624 1978 1767 2005 successore
1780 1980 1813 2007 de
1825 1981 1965 2016 provincia

385 2017 556 2050 decederent,
577 2029 632 2047 non
647 2026 702 2046 erat
716 2028 812 2046 eorum
825 2018 874 2046 suae
884 2021 1032 2056 provinciae
1046 2021 1160 2058 aliquem
1175 2019 1322 2056 praeficere:
1343 2018 1386 2047 sed
1400 2019 1472 2056 eju5‚
1490 2027 1571 2054 penes
1585 2025 1666 2056 quem
1681 2015 1819 2045 summum
1833 2026 1888 2046 erat
1899 2027 1965 2055 pro-

387 2056 478 2083 vinciae
493 2058 636 2093 imperium
645 2078 654 2089 ,
668 2058 814 2092 proconficlis
827 2064 871 2084 aut
879 2057 1039 2092 propatoris.

426 2094 568 2133 Caeterum*
580 2103 677 2132 quanta
699 2096 872 2123 intercefferit
886 2097 1049 2126 neccffitudo
1061 2095 1171 2135 questori
1185 2106 1245 2124 cum
1261 2096 1368 2133 praefide
1381 2095 1443 2127 suo,
1463 2095 1542 2123 docet
1555 2094 1638 2122 Cicero
1652 2104 1714 2123 cum
1730 2094 1794 2132 saepe
1809 2094 1883 2127 alias,
1903 2102 1964 2124 tum

387 2140 451 2158 vero
466 2130 494 2156 in
508 2135 669 2159 Divinatione
681 2135 708 2160 in
725 2138 839 2161 Verrem
854 2133 894 2161 his
909 2133 995 2162 verbis
1011 2146 1017 2162 ;
1043 2137 1085 2163 Sic
1099 2138 1112 2162 a
1128 2133 1274 2171 majoribus
1289 2135 1454 2171 accepimus,
1468 2142 1597 2167 pretorem
1610 2132 1719 2173 quastori
1733 2132 1779 2161 suo
1795 2135 1910 2170 parentis
1925 2134 1964 2161 lo-

386 2178 420 2196 co
440 2168 490 2195 effe
502 2176 627 2204 oportere
640 2192 647 2202 ,
673 2171 772 2199 nullam
788 2181 874 2208 neque
885 2173 1026 2208 justiorem
1040 2182 1127 2209 neque
1141 2173 1294 2209 graviorem
1310 2172 1412 2202 caulam
1428 2172 1621 2199 necessitudinis
1636 2171 1708 2208 poffe
1721 2173 1831 2208 reperiri
1845 2193 1854 2204 ‚
1881 2179 1962 2208 quam

385 2206 605 2248 conjunCtionem
620 2206 708 2240 sortis,
730 2219 809 2247 quam
823 2211 966 2247 provinciae
977 2232 984 2243 ‚
1004 2221 1084 2248 quam
1099 2211 1199 2241 officii,
1221 2220 1301 2246 quam
1315 2209 1412 2247 publici
1427 2210 1545 2237 muneris
1558 2209 1723 2240 locietatem.
1757 2210 1834 2237 Idem
1848 2208 1908 2236 alibi
1920 2208 1960 2235 di-

384 2245 421 2272 cit
435 2265 442 2275 ,
467 2252 582 2280 majores
597 2243 662 2285 hanc
682 2248 802 2284 questura.
823 2249 1043 2284 eonjunCiionem
1057 2247 1205 2276 liberorum
1220 2248 1403 2277 neceffitudini
1416 2249 1571 2284 proximam
1586 2248 1638 2275 este
1651 2247 1766 2275 voluiffe.
1801 2249 1874 2274 Inter
1886 2244 1962 2273 urba-

384 2291 433 2310 BOS
447 2302 454 2314 ,
482 2284 507 2310 &
527 2282 699 2319 provinciales
719 2284 844 2322 quaestores
861 2286 929 2314 hanc
947 2287 1128 2315 differentiam
1149 2295 1224 2315 notat
1244 2290 1421 2318 Hotomanus,
1442 2287 1563 2322 primum
1585 2286 1656 2322 quod
1678 2286 1712 2313 illi
1734 2294 1821 2322 neque
1836 2284 1960 2316 lietorcs,

384 2329 470 2358 neque
485 2321 597 2348 ‘'samse-5
610 2317 750 2350 habuerint
762 2343 770 2354 ‚
797 2332 858 2352 cum
873 2334 960 2362 neque
975 2326 1146 2356 vocationem
1159 2345 1168 2358 ,
1191 2334 1279 2363 neque
1291 2323 1494 2362 prehenfionern
1509 2322 1636 2353 haberent
1649 2334 1654 2351 :
1681 2322 1709 2351 hi
1722 2332 1786 2351 vero
1800 2324 1826 2351 δι
1839 2321 1961 2390 Ηίὶοτεὲἑ
