2075 2734
377 108 435 139 45'2
665 95 1103 130 Auriqutrarum
1143 92 1483 125 Romanorum
1524 95 1665 126 Limvt,

379 149 434 178 Ubi
455 144 523 175 vero
530 142 638 174 cariath
650 153 706 172 non
721 143 826 173 tantum
838 145 981 171 centuriata
993 163 1003 176 ,
1030 141 1074 171 sed
1088 143 1115 172 &
1127 141 1224 171 tributa
1237 142 1399 172 accesserunt
1412 154 1428 172 :⁷
1445 153 1509 172 curn
1523 144 1616 171 omnia
1628 143 1685 172 fere
1697 165 1706 177 ‚
1731 153 1788 183 quae
1800 144 1862 175 ante
1874 146 1957 175 curia:

377 186 414 216 eis
429 184 541 216 fiebant,
560 183 619 221 post
631 181 735 210 tributis
748 181 789 214 (ς’
802 180 951 209 centuriatis
964 189 1163 219 peragerentur:
1185 183 1212 211 &
1226 181 1345 210 maxime
1358 183 1498 219 postquam
1512 182 1554 209 lex
1568 181 1689 209 Voleronis
1696 182 1746 211 lata
1753 185 1804 216 est,
1825 185 1859 213 de
1866 194 1958 213 crean-

379 225 422 252 dis
441 222 550 260 plebejis
569 219 759 259 magistratibus
776 221 886 247 comitiis
904 218 1008 247 tributis
1019 240 1029 252 ,
1055 220 1101 257 qui
1120 226 1181 248 ante
1199 221 1304 248 curiatis
1324 221 1405 248 creati
1424 220 1537 248 fuerant.
1579 220 1638 247 Post
1651 228 1708 257 quae
1720 227 1844 258 tempora
1858 223 1961 252 duabus

377 262 549 300 potiffimum
563 259 706 288 rationibus
718 256 817 287 curiata
830 257 933 286 comitia
944 256 1035 287 haberi
1047 265 1201 296 coepemnt:
1219 268 1272 288 una
1286 257 1336 286 fuit
1348 258 1620 296 legamfhrendarum‚
1640 258 1721 287 altera
1731 268 1795 287 vero
1800 261 1960 296 fitcerdotum

379 299 551 337 'quorundam
565 297 753 326 creandorum.

424 342 501 374 Leges
521 334 622 363 curiata
637 335 744 365 fuerunt
756 333 810 364 sex.
841 336 933 364 Prima
945 335 980 363 de
992 335 1200 365 confirmatione
1214 335 1383 372 quorundam
1397 335 1599 373 magistratuum
1609 354 1619 367 ‚
1646 334 1692 373 qui
1703 334 1761 372 jam
1775 335 1904 365 antevaliis
1916 345 1961 365 co-

380 376 466 405 mitiis
479 374 607 412 defignati
622 380 711 401 erant:
731 373 805 411 quod
818 379 909 402 tamen
921 383 977 402 non
990 374 1036 403 diu
1051 373 1219 402 observatum
1237 373 1287 405 est,
1307 374 1347 401 uti
1359 373 1448 409 postea
1461 374 1574 402 dicetur.

422 412 519 440 Altera
534 413 568 440 de
582 412 701 449 imperio
713 411 779 446 (hoo
791 410 843 444 est,
857 412 896 440 rei
909 411 1031 440 militaris
1043 411 1255 440 administrandae
1269 410 1408 447 facultate)
1418 410 1625 449 magistratibus,
1639 417 1754 448 utputa,
1767 409 1964 443 Dietatoribus,

383 449 557 483 Consulibus,
578 448 794 482 proconsulibus,
810 449 982 481 Praetoribus,
996 449 1218 486 propraetoribus,
1235 458 1265 477 ac
1279 450 1512 487 Proquaestoribus,
1529 450 1574 487 qui
1588 459 1649 478 cum
1662 453 1722 485 J'ure
1735 450 1894 487 praetorioin
1901 458 1964 486 pro-

382 489 482 517 vincias
490 488 672 519 mittebantur
679 488 781 517 dando:
802 486 886 514 Cicero
894 495 922 516 2.
942 487 1087 525 Philippica
1100 490 1127 516 &e
1139 486 1240 515 Livius.
1259 487 1408 524 Imperium
1422 489 1512 519 enim,
1532 494 1561 515 ut
1573 488 1713 516 clarissime
1728 487 1843 515 ostendit
1856 486 1968 514 Carolus-

383 526 502 564 S‘aeom'm
518 527 544 555 in
559 526 704 563 posteriore
716 535 780 554 cum
794 524 1115 563 Gracchiqdisputatione,
1137 527 1164 554 ὃ(
1179 524 1196 552 1.
1206 536 1230 564 3.
1243 525 1277 553 de
1290 526 1409 562 Antiquo
1422 526 1480 562 jure
1492 528 1692 562 provinciarum
1708 534 1800 561 cap.4.
1816 527 1842 553 δε
1856 524 1964 562 sequen·

385 565 469 594 tibus:
490 565 558 592 item
570 564 641 592 libro
653 565 745 600 primo
757 563 790 591 de
806 561 917 601 Antiquo
923 565 983 598 jure
993 565 1089 591 civium
1104 564 1309 596 Romanorum,
1330 571 1387 598 cap.
1399 572 1442 590 21.
1456 562 1553 600 duplex
1566 563 1630 596 fuit,
1650 562 1722 590 civile
1733 565 1761 592 δε
1773 560 1895 590 militare.
1921 565 1967 589 Ci-

384 602 435 630 vtle
449 604 522 639 quod
537 603 564 631 in
579 603 693 639 auspicio
708 604 734 630 ὃ(
749 601 848 637 judicio
862 600 1016 629 consistebat
1031 621 1038 633 ‚
1056 603 1097 636 (δε
1113 601 1274 640 plerumque
1283 599 1389 636 potestas
1405 601 1502 629 dicitur
1513 621 1520 632 ‚
1540 610 1595 629 non
1610 598 1757 636 imperium)
1772 599 1967 637 magistratibus

386 641 419 669 iis
433 638 541 668 comitiis
554 640 678 672 dabatur,
697 639 791 676 quibus
805 638 977 671 creabantur.
996 638 1039 667 vel
1052 640 1080 667 in
1094 640 1248 677 magistratu
1262 639 1356 667 inerat.
1391 638 1509 665 Militare
1522 648 1589 666 vero
1603 638 1748 675 imperium
1763 638 1847 675 (quod
1861 644 1917 665 erat
1930 637 1967 664 sa-

385 685 527 707 eramento
539 678 664 716 adigendi
678 676 791 709 milites,
811 678 958 705 exercitum
972 676 1100 709 habendi,
1119 676 1273 715 bellumque
1286 676 1396 714 gerendi
1408 676 1463 712 jus)
1476 685 1531 705 non
1544 676 1691 708 habebant,
1711 675 1758 703 nifi
1771 675 1896 712 peculiari
1908 675 1968 713 lege

387 725 421 744 ea
434 716 468 744 de
482 726 510 743 re
523 717 556 744 ad
569 715 700 754 populum
712 714 817 743 curiatis
831 714 938 742 comim's
950 714 1015 747 lata,
1037 715 1227 753 impetraffent.
1262 716 1436 752 Qtamquam
1447 714 1499 742 hoc
1513 724 1568 742 non
1583 721 1638 743 erat
1652 714 1766 741 omnino
1778 713 1968 745 neceffiirium,

388 763 453 782 cum
476 754 557 782 etiam
574 764 605 781 ex
620 752 841 781 senatusconsulto
856 752 997 789 peculiari,
1017 754 1083 781 item
1096 754 1157 790 jure
1169 753 1312 791 provinciae
1327 753 1473 788 imperium
1487 752 1549 782 illud
1564 752 1661 781 habere
1672 751 1792 788 poss‘ent,
1811 757 1841 778 ut
1853 751 1969 788 pluribus

388 793 472 821 docet
487 792 593 819 Carolus
606 790 730 828 Stgonims.
755 793 817 819 Hoc
830 791 911 828 igitur
923 790 1037 819 alterum
1053 800 1138 829 genus
1150 791 1212 829 legis
1224 799 1323 818 curtatae
1330 790 1395 826 suit.

429 828 517 857 Tertia
532 829 573 856 lex
586 828 746 864 curmmfuit
755 850 763 861 ‚
784 837 835 865 qua
849 828 977 856 Camillus
990 829 1022 857 ab
1036 829 1116 857 exilio
1131 837 1272 857 revocatus
1286 829 1335 860 est,
1357 836 1387 857 ut
1401 829 1483 857 tradit
1496 828 1586 856 Livius
1599 829 1667 857 libro
1681 828 1785 866 quinto.
1856 861 1861 865 ,

430 870 537 905 Qarta
556 875 610 896 erat
624 887 632 899 ‚
657 876 710 906 qua
727 865 868 900 adoptiones
876 864 979 904 fiebant
992 887 1000 899 ,
1027 867 1061 896 de
1079 875 1131 906 qua
1149 865 1237 895 cicero
1255 875 1305 904 pro
1323 866 1409 894 domo
1423 887 1430 898 ‚
1459 867 1561 895 Tacitus
1580 866 1648 895 libro
1667 876 1706 902 ¹7·
1727 868 1754 895 δί
1774 864 1893 903 Agelltm
1911 862 1929 892 l.
1944 873 1971 901 55

392 913 423 933 ca
443 925 450 932 .
467 915 476 932 t
502 926 508 933 .
1850 914 1851 917 ¹

423 914 549 980 ngta,
569 950 627 979 quae
640 941 794 977 testamentis
806 940 980 980 corfirmandis
993 941 1057 969 ferri
1070 941 1185 975 solebat,
1204 943 1238 971 de
1251 951 1303 980 qua
1314 941 1389 970 idem
1404 942 1520 980 Agellrm
1532 941 1576 969 lib.
1593 951 1631 977 ¹5·
1647 950 1702 977 cap.
1714 951 1757 976 27.

434 984 514 1007 Sexta
526 980 568 1006 lex
580 979 678 1007 curiata
691 978 756 1010 fuit,
774 981 958 1017 quafficrorum
970 979 1262 1019 deteslatronesfiebant:
1283 980 1310 1008 id
1324 981 1375 1014 est,
1395 989 1490 1008 omnes
1504 979 1714 1007 consecrationes
1724 999 1731 1010 ‚
1751 986 1814 1015 quas
1825 976 1930 1015 publice
1941 978 1974 1005 in

392 1019 525 1046 concione
536 1017 627 1055 populi
642 1017 697 1044 fieri
711 1024 859 1052 oporteret.
879 1019 908 1043 A
925 1015 996 1044 ellius
1007 1017 1054 1047 lib.
1066 1028 1105 1054 15.
1117 1027 1173 1055 cap.
1182 1028 1224 1055 27.
1246 1017 1336 1046 Altera
1348 1027 1430 1054 porro
1445 1017 1517 1045 causa
1532 1016 1716 1044 habendorum
1729 1014 1883 1043 curiatorum
1896 1015 1972 1044 comi-

390 1054 485 1084 riorum
499 1055 684 1091 posterioribus
699 1053 877 1090 temporibus,
900 1027 951 1082 ibit
963 1055 995 1082 ad
1009 1057 1137 1084 creandos
1151 1055 1298 1084 lacerdotes
1312 1055 1449 1093 quosdam.
1478 1056 1514 1084 Hi
1529 1062 1617 1082 autem
1631 1061 1705 1082 erant
1712 1052 1842 1092 flamines,
1864 1056 1890 1081 ὃ(
1902 1052 1972 1080 curio

392 1092 540 1125 maximus,
560 1102 648 1129 cujus,
670 1098 699 1119 ut
718 1092 798 1119 tradit
819 1095 892 1120 Sext.
912 1094 1057 1127 Pompejus,
1076 1095 1251 1126 authoritate,
1272 1095 1349 1122 curiae
1370 1103 1479 1125 omnes,
1500 1091 1673 1129 curionesque
1692 1091 1865 1128 regebantur,
1885 1091 1924 1118 uti
1939 1100 1972 1118 ex

393 1131 498 1167 Dionysi
511 1130 555 1158 lib.
566 1141 591 1160 2.
606 1133 632 1158 ὃς
644 1129 715 1156 Laelio
729 1128 808 1156 Felice
820 1130 889 1165 apud
904 1131 984 1167 Agell.
999 1130 1043 1157 lib.
1057 1140 1097 1167 ¹5·
1109 1142 1164 1168 cap.
1175 1142 1217 1168 27.
1231 1131 1396 1168 intelligitur.
1422 1131 1530 1168 Reliqui
1544 1138 1634 1158 autem
1649 1130 1770 1157 curiones
1785 1138 1839 1156 non
1851 1127 1972 1160 comitiis,

395 1168 439 1196 sed
454 1168 467 1195 a
482 1168 532 1196 suis
545 1167 652 1204 quisque
665 1166 740 1193 curiis
753 1167 931 1204 eligebantur,
951 1175 982 1195 ut
995 1167 1057 1195 alibi
1073 1169 1186 1198 dicetur.
1206 1171 1255 1197 Hae
1269 1169 1350 1204 igitur
1362 1169 1443 1197 causae
1458 1169 1580 1200 fuerunt,
1598 1168 1631 1195 de
1645 1166 1738 1204 quibus
1750 1165 1853 1194 curiatis
1864 1165 1973 1194 comitirs

392 1206 485 1235 astum
499 1207 549 1238 est,
569 1204 804 1243 quemadmodum
817 1214 849 1233 ex
864 1204 998 1233 veteribus
1010 1204 1180 1243 scriptoribus
1194 1205 1374 1244 cognoscitur.

1087 1294 1111 1322 C
1132 1303 1148 1322 A
1167 1304 1192 1322 r.
1231 1293 1288 1321 IV.

744 1365 840 1412 =Qa5
851 1363 993 1412 personas
1008 1365 1141 1398 comitiis
1157 1364 1287 1398 curiatis
1304 1363 1431 1407 intereffe
1445 1365 1618 1411 oportuerit.

398 1441 555 1504 Duplices
573 1441 766 1471 confiderandae
785 1443 844 1472 sunt
857 1443 960 1479 perfimae
974 1445 1002 1472 ὃς
1018 1451 1074 1479 quae
1086 1442 1245 1480 potestatem
1259 1441 1398 1469 habuerint
1409 1442 1557 1469 convocandi
1571 1463 1578 1475 ‚
1605 1452 1634 1470 ac
1648 1441 1762 1469 habendi
1774 1439 1877 1469 comitia
1889 1438 1973 1466 curia-

487 1489 516 1507 m
528 1500 537 1510 .
562 1484 588 1509 &
609 1490 666 1517 quae
684 1481 839 1519 suffragium
859 1483 886 1510 in
906 1483 937 1509 iis
956 1481 1074 1510 tulerint.
1113 1481 1275 1508 Potestatem
1299 1479 1446 1506 convocandi
1464 1482 1491 1508 ὃς
1510 1480 1623 1508 habendi
1641 1478 1739 1506 carim
1756 1476 1857 1505 comitia
1876 1476 1973 1504 habue-

400 1525 462 1545 runt
476 1519 597 1553 primum
612 1521 689 1554 Reges
702 1539 710 1551 ‚
737 1528 816 1554 penes
830 1529 896 1556 quos
909 1518 1016 1546 summa
1029 1527 1120 1545 rerum
1134 1519 1260 1546 omnium
1274 1517 1387 1553 potestas
1402 1516 1452 1545 fuit
1461 1537 1468 1548 ,
1489 1525 1518 1545 ut
1530 1519 1558 1545 in
1572 1517 1689 1554 sequenti
1702 1516 1733 1543 de
1747 1514 1929 1553 magistratibus
1942 1513 1973 1555 1i3

398 1555 449 1582 bro
463 1555 694 1584 demonstrabitur.
720 1557 851 1593 Exempla
865 1560 890 1586 ὃς
904 1557 1055 1585 testimonia
1068 1557 1101 1584 de
1113 1565 1142 1583 ca
1157 1565 1185 1584 re
1199 1556 1283 1583 multa
1295 1555 1426 1583 adducere
1440 1556 1561 1592 ineptum
1579 1556 1650 1583 effer.
1671 1557 1774 1582 Mutata
1784 1560 1874 1580 autem
1889 1557 1975 1578 veteri

397 1593 511 1628 reipubl.
526 1593 629 1626 forma,
659 1596 685 1622 &
699 1594 727 1621 in
743 1596 826 1631 Regis
839 1596 929 1624 locum
946 1593 1090 1628 Conficlibus
1103 1595 1196 1622 creatis
1209 1595 1290 1622 etiam
1303 1592 1358 1620 haec
1371 1594 1440 1620 ratio
1453 1601 1568 1624 mutata,
1590 1596 1615 1622 ὃ(
1629 1593 1671 1628 jus
1685 1591 1797 1619 vocandi
1803 1590 1932 1627 populum
1939 1588 1975 1617 ad

401 1630 503 1658 :omitia
513 1630 625 1662 curiata,
645 1631 688 1659 vel
701 1632 733 1659 ad
746 1632 808 1660 alias
819 1632 941 1669 personas
955 1631 1110 1660 transsatum
1124 1632 1171 1659 est.
1204 1634 1276 1659 Tum
1293 1631 1365 1658 enim
1379 1628 1566 1667 magstranbm
1579 1629 1734 1667 quibusdam
1749 1628 1879 1665 patricii5‚
1899 1627 1974 1654 Con-

402 1668 496 1696 ffilibus
510 1689 517 1700 ‚
537 1669 694 1698 Praetoribus
706 1690 714 1701 ‚
732 1670 926 1701 DiCtatoribus,
948 1673 975 1699 δε
995 1669 1192 1707 Interrcgibus:
1220 1668 1392 1697 Pontificibus
1413 1669 1494 1696 etiam
1510 1669 1537 1695 id
1549 1669 1590 1704 jus
1606 1667 1695 1699 fuisse,
1718 1670 1847 1694 Romanae
1860 1665 1975 1692 historiae

404 1706 542 1743 stsriptores
561 1707 697 1735 testantur.
737 1709 778 1735 Ac
790 1707 906 1741 patricios
928 1708 1038 1744 quidem
1058 1706 1220 1745 magistratus
1238 1707 1307 1734 solos
1322 1706 1348 1734 id
1361 1706 1427 1741 juris
1439 1705 1553 1733 habuiffe
1570 1715 1601 1733 ex
1615 1704 1686 1732 Livio
1699 1704 1744 1732 lib.
1757 1707 1784 1733 6.
1797 1702 1909 1740 intelligi
1922 1711 1972 1744 P⁰.'

400 1745 449 1771 ‘test
461 1765 469 1776 ‚
489 1745 533 1771 ubi
547 1745 625 1776 dicit,
644 1745 743 1773 curiata
754 1744 855 1772 comitia
868 1746 1001 1782 auspicato
1016 1747 1043 1773 &
1056 1746 1173 1781 patribus
1187 1743 1341 1773 authoribus
1358 1743 1458 1771 haberi.
1498 1745 1541 1771 De
1554 1742 1710 1771 Consulibus
1721 1750 1812 1769 autem
1823 1761 1831 1772 ‚
1853 1742 1974 1768 Praetori-

403 1780 463 1814 bus,
484 1785 510 1810 ἃ
525 1781 720 1816 Βίέὶᾱῑοῑῶυε,
740 1784 812 1821 quod
826 1784 853 1811 id
864 1784 907 1820 jus
919 1782 1073 1815 habuerint,
1093 1792 1148 1810 non
1161 1784 1196 1810 est
1210 1782 1331 1810 dubium.
1351 1783 1423 1809 Cum
1437 1780 1510 1808 enim
1524 1782 1612 1819 legem
1627 1781 1660 1808 de
1673 1780 1789 1816 imperio
1801 1788 1895 1806 eorurn
1909 1777 1974 1805 ferri

404 1820 505 1847 rnrmtis
523 1821 627 1848 comnia
647 1829 786 1858 oporteret
798 1842 806 1853 ‚
830 1822 938 1849 eosdem
960 1821 1041 1848 etiam
1057 1830 1155 1848 vocare
1168 1820 1279 1856 potuiffe
1289 1819 1420 1856 populum
1433 1818 1466 1846 ad
1481 1827 1510 1845 ea
1523 1818 1623 1846 comitia
1635 1837 1643 1847 ,
1669 1818 1726 1855 quis
1740 1818 1775 1844 est
1790 1817 1835 1854 qui
1849 1815 1972 1844 dubitet?

402 1866 431 1886 nt
447 1859 556 1886 interim
570 1860 619 1887 alia
632 1866 804 1897 argumenta,
823 1858 916 1897 quibus
930 1860 1002 1887 idem
1017 1857 1125 1896 probari
1138 1858 1238 1894 posset,
1257 1865 1422 1893 praeteream.
1453 1857 1494 1883 De
1509 1858 1610 1884 Interre
1630 1854 1687 1884 ibus
1702 1856 1767 1882 item
1783 1854 1918 1882 manifesta
1931 1862 1972 1881 res

403 1897 438 1923 est
451 1917 458 1928 ,
488 1906 551 1924 cum
566 1899 665 1934 Dropyfi
676 1896 720 1925 lib.
733 1908 757 1925 2.
776 1899 803 1925 &
815 1898 904 1924 Limus
916 1896 961 1925 lib.
976 1907 998 1925 t.
1012 1897 1139 1925 testentur
1150 1916 1159 1926 ‚
1179 1895 1316 1926 Romulo,
1336 1897 1402 1923 item
1417 1896 1525 1926 Numa,
1542 1865 1661 1930 Regibus
1674 1893 1795 1920 extinctis
1809 1913 1816 1924 ‚
1835 1895 1973 1928 Interreges

403 1934 550 1971 aliquandiu
572 1934 705 1971 rempubl.
723 1933 897 1973 gubernasse,
931 1944 962 1963 ac
984 1934 1094 1963 tandem
1115 1934 1259 1962 communi
1278 1934 1386 1961 confilio
1406 1942 1489 1961 unurn
1509 1931 1609 1959 comma
1627 1930 1725 1959 curiata
1739 1951 1745 1962 ‚
1772 1930 1972 1969 creando-novo

403 1973 473 2010 Regi
491 1974 520 2000 in
540 1972 659 2001 defunsti
678 1974 769 2001 locum
789 1973 904 2002 edixiffe.
943 1973 1014 2009 Qia
1032 1978 1122 1999 autem
1142 1974 1169 2000 &
1182 1970 1320 2010 flaminum
1338 1970 1579 2009 inaugurandorum
1602 1969 1676 1998 causa
1694 1967 1792 1996 curiata
1809 1966 1909 1995 comitta
1927 1966 1972 1995 ha-

407 2008 464 2040 beri
478 2010 591 2039 {olerent
603 2030 610 2039 ‚
631 2019 661 2039 ut
674 2012 761 2048 capite
774 2011 934 2047 praecedenti
945 2010 1048 2038 dietum
1063 2011 1113 2042 est,
1133 2011 1213 2046 idque
1227 2010 1260 2037 ad
1274 2010 1432 2045 pontificum
1447 2008 1568 2036 officium
1582 2008 1745 2044 pertineret:
1766 2005 1874 2034 eosdem
1888 2006 1969 2034 etiam

405 2048 533 2084 populum
551 2052 583 2076 ad
605 2049 649 2076 illa
666 2048 767 2077 comitia
785 2050 899 2078 vocandi
913 2049 1073 2086 potestatem
1087 2047 1203 2076 habuisse
1213 2067 1222 2079 ,
1249 2046 1417 2085 perspicuum
1429 2048 1474 2075 est.
1515 2047 1548 2073 Et
1562 2046 1615 2073 haec
1628 2046 1737 2083 quidem
1751 2045 1785 2072 de
1796 2045 1827 2072 iis
1839 2043 1970 2079 personis,

407 2092 462 2119 quae
473 2088 518 2118 jus
536 2086 684 2114 convocandi
702 2086 834 2123 populum
853 2088 891 2115 ad
907 2086 1004 2114 curiata
1022 2085 1122 2113 comitia
1141 2084 1297 2114 habuerunt.
1337 2086 1380 2112 De
1399 2086 1430 2112 iis
1450 2094 1521 2112 nunc
1533 2084 1666 2122 agendum
1681 2104 1688 2114 ‚
1713 2080 1917 2121 quiffiffiagium
1928 2089 1970 2123 1113

404 2122 496 2150 lerunt.
536 2126 652 2152 Fuerunt
671 2133 762 2153 autern
776 2125 822 2161 qui
834 2125 987 2163 suffragium
1001 2123 1041 2152 his
1054 2124 1172 2152 comitiis
1184 2123 1301 2151 tulerunt
1314 2143 1321 2154 ‚
1346 2121 1409 2150 cives
1421 2121 1549 2156 Romani,
1577 2124 1604 2150 &
1616 2121 1725 2159 quidem
1740 2122 1758 2148 it
1770 2128 1875 2148 tantum
1890 2139 1897 2150 ‚
1923 2126 1969 2154 qui

402 2168 430 2185 m
449 2161 530 2187 curias
550 2162 672 2198 descripti
691 2171 773 2192 erant.
816 2165 898 2200 Atqui
912 2173 968 2191 non
982 2171 1077 2190 omnes
1091 2163 1161 2190 cives
1172 2161 1200 2191 in
1214 2162 1297 2190 curias
1310 2159 1433 2196 descripti
1448 2160 1568 2189 fuerunt:
1587 2159 1630 2188 sed
1646 2160 1664 2187 ii
1679 2167 1782 2187 tantum
1793 2178 1801 2188 ‚
1823 2158 1869 2194 qui
1884 2157 1910 2183 in
1917 2157 1968 2181 Ur-

403 2196 438 2225 be
456 2197 605 2227 habitarunt
620 2210 626 2228 :
656 2202 710 2238 Q
731 2211 796 2229 vero
813 2210 888 2229 extra
907 2200 1002 2229 urbem
1022 2202 1176 2228 Romanam
1195 2198 1332 2228 domicilia
1350 2196 1498 2226 habuerunt
1511 2219 1518 2231 ,
1543 2196 1571 2225 in
1589 2198 1669 2225 curias
1687 2196 1810 2233 descripti
1827 2203 1881 2222 non
1900 2191 1967 2234 fimf.

406 2237 487 2275 Qod
507 2236 587 2272 igitur
605 2237 746 2266 discrimen
762 2240 831 2267 inter
848 2248 894 2267 eos
908 2239 987 2267 fuerit
1002 2248 1057 2266 non
1072 2238 1176 2267 videtur
1188 2236 1220 2266 ab
1231 2236 1359 2265 hocloco
1373 2236 1489 2264 alienum
1505 2258 1511 2268 ,
1537 2237 1625 2273 paucis
1638 2235 1776 2273 explicare.
1815 2234 1916 2259 Omnes
1930 2239 1967 2256 ci-

404 2284 450 2302 ves
469 2274 514 2310 qui
527 2275 554 2301 in
570 2272 642 2300 Urbe
654 2275 821 2305 domicilium
836 2276 963 2305 haberent
977 2296 985 2308 ‚
1009 2277 1038 2304 in
1049 2274 1133 2304 tribus
1146 2278 1173 2304 &
1193 2274 1276 2303 curias
1289 2272 1511 2302 describebantur.
1553 2274 1693 2311 Postquam
1707 2282 1771 2300 vero
1783 2268 1913 2307 crescente
1927 2277 1967 2294 re-

403 2311 475 2348 publ.
496 2310 588 2339 multis
608 2312 701 2338 vicinis
719 2315 821 2350 populis
836 2315 948 2342 devietis
963 2315 1005 2351 jus
1018 2313 1130 2343 civitatis
1143 2312 1388 2341 communicaretur
1400 2333 1410 2345 ‚
1436 2310 1650 2341 describebantur
1661 2311 1698 2339 illi
1711 2310 1817 2347 quidem
1831 2307 1859 2333 in
1870 2304 1968 2337 mbm,

404 2353 431 2380 {st
444 2351 516 2380 cives,
534 2349 651 2379 Romani
669 2358 752 2378 erant.
792 2352 916 2390 Qandiu
934 2360 982 2383 aut
998 2359 1073 2391 extra
1089 2350 1196 2381 Urbem
1215 2351 1349 2384 viverent,
1370 2351 1398 2380 in
1415 2349 1495 2380 curias
1508 2359 1564 2379 non
1574 2347 1767 2378 referebantur,
1786 2344 1830 2373 fed
1842 2344 1886 2372 su²
1899 2343 1969 2410 satcra

1032 2391 1037 2392 ⁷
1887 2390 1920 2418 pa
1934 2391 1972 2409 ria
