2075 2734
389 115 440 149 534
700 97 1689 134 AuTiQuivATUiiRoiviAiiAizumLit.X.

1058 173 1081 200 C
1108 182 1124 200 Λ
1153 183 1177 201 r.
1224 173 1313 202 XVI.

572 238 623 271 De
638 232 905 283 oppugnationibus
922 232 1070 279 urbium,
1089 242 1136 270 (φ’
1152 236 1192 269 iis
1208 247 1268 283 quae
1285 233 1327 269 ad
1344 235 1577 285 oppugnationes
1592 235 1796 283 requiruntur..

468 314 564 343 {ximus
577 311 609 338 de
623 309 653 337 iis
667 318 724 345 quae
736 308 876 337 necessaria
886 308 994 337 fuerunt
1005 329 1011 340 ,
1037 308 1056 336 fi
1071 308 1097 336 in
1112 307 1176 337 locis
1190 309 1341 345 patentibus
1355 309 1386 338 ad
1402 317 1496 338 manus
1510 310 1645 338 veniretur
1659 330 1667 341 ‚
1686 309 1744 346 jam
1758 309 1792 337 de
1806 312 1982 347 expugnatio-

396 314 463 379 D
487 360 519 378 ne
533 350 656 377 locorum
670 346 818 375 clausorum
834 349 860 376 ὃ(
870 348 1036 375 munitorum
1051 356 1169 383 agemus.
1190 347 1251 382 Qa
1263 348 1372 384 quidem
1390 349 1416 375 in
1427 355 1502 385 parte
1514 349 1640 376 omniurn
1653 347 1772 375 max‘ime
1787 347 1820 375 de
1829 346 1982 386 instrumen-

397 394 432 419 m
445 393 471 418 ἃ
484 386 603 416 machinis
615 385 730 417 bellicis,
750 394 863 422 quarum
877 386 904 413 in
922 386 1166 421 oppugnationibus
1180 384 1238 412 usus
1253 385 1304 414 fuit
1319 406 1325 418 ‚
1346 386 1491 414 dicendum
1503 387 1562 414 erit.
1600 387 1688 414 Locus
1701 385 1800 414 clausus
1814 395 1982 423 expugnatur

397 438 429 456 ex
443 428 539 455 itinere
551 425 640 461 primo
656 424 775 459 impetu,
794 431 839 451 aut
852 423 974 460 longiore
989 425 1188 460 oppugnatione
1203 424 1314 459 capitur.
1356 424 1427 451 Illius
1440 424 1562 460 exempla
1575 424 1659 453 multa
1673 424 1732 452 sunt
1745 424 1848 460 paffim.
1886 427 1981 453 Unum

397 465 515 493 adferam
531 463 603 497 quod
620 462 655 489 est
670 462 738 498 apud
752 462 869 496 Caestzrem
884 463 917 490 de
930 463 1126 498 expugnatione
1140 462 1306 496 Gomphorum
1320 462 1364 489 lib.
1375 472 1398 499 3.
1412 462 1473 490 belli
1488 463 1581 490 civilis.
1619 464 1795 497 Gomphenses,
1817 463 1918 499 inquit,
1938 472 1983 490 ve-

396 503 479 531 nienti
494 500 583 535 Caefiiri
598 507 687 536 portas
700 499 895 536 praecluserunt.
936 499 1022 528 Caeiar
1033 501 1121 536 itaque
1136 501 1222 527 castris
1238 501 1349 528 munitis
1369 500 1462 532 scalas,
1483 500 1668 538 musculosque
1689 506 1699 535 (
1710 501 1804 538 quibus
1819 500 1890 528 foffae
1903 509 1982 538 agge-

397 551 427 569 re
440 538 582 576 completae
594 538 706 566 solidum
724 539 775 566 iter
789 538 946 573 efficerent)
967 538 1149 566 ambulatoriis
1163 537 1277 566 turribus
1290 560 1296 569 ‚
1317 540 1347 566 ad
1363 540 1530 575 repentinam
1545 540 1776 576 oppugnationem
1792 539 1863 570 fieri,
1886 540 1912 567 ὃς
1928 548 1984 566 cra-

400 586 440 607 tes
453 579 538 615 parari
553 578 637 614 jussit:
659 576 753 614 quibus
768 576 846 604 rebus
860 577 961 605 effectis
975 576 1128 605 cohortatus
1143 576 1242 604 milites
1255 597 1262 607 ,
1283 577 1376 605 docuit
1390 586 1519 614 quantum
1534 578 1610 605 usum
1623 577 1731 605 haberet
1744 578 1777 605 ad
1791 576 1981 605 sublevandam

397 618 525 645 omnium
540 624 632 644 rerum
647 615 766 652 inopiam
783 635 791 647 ,
811 616 892 651 potiri
908 616 1009 651 oppido
1022 616 1101 651 pleno
1113 636 1121 647 ‚
1142 621 1221 651 atque
1243 615 1372 651 opulento
1384 636 1391 647 ‚
1421 615 1498 643 fimul
1517 615 1624 653 reliquis
1642 614 1793 644 civitatibus
1812 614 1890 650 hujus
1910 613 1983 643 urbis

398 654 527 691 exemplo
540 653 639 682 inferre
653 660 786 681 terrorem
799 674 808 685 ,
829 656 857 682 &
871 654 897 681 id
916 653 972 681 fieri
986 653 1107 682 celeriter
1121 674 1127 684 ,
1154 653 1225 689 prius
1241 663 1322 690 quarn
1336 653 1431 682 auxilia
1444 661 1643 683 concurrerent.
1683 654 1775 690 Itaque
1788 652 1848 681 usus
1861 653 1984 690 singulari

400 693 521 722 militum
536 692 621 722 studio
635 712 643 724 ‚
663 692 760 720 eodem
775 712 783 724 ,
801 702 856 729 quo
870 699 977 720 venerat
994 692 1036 719 die
1049 713 1056 723 ,
1082 692 1140 730 post
1152 691 1246 719 horam
1262 702 1363 720 nonam
1379 693 1510 729 oppidum
1526 692 1656 720 altiss‘imis
1675 690 1811 719 moenibus
1826 699 1982 728 oppugnare

399 731 549 769 aggressus,
569 738 630 758 ante
644 729 705 758 solis
719 729 844 759 occasum
858 731 1030 767 expugnavit.
1049 731 1185 758 Haestnus
1197 731 1285 766 CaeJIvr.
1312 732 1395 766 Quod
1408 731 1426 758 fi
1441 739 1551 768 propter
1565 730 1691 758 foffiirum
1705 729 1873 757 latitudinem
1890 739 1982 756 muro-

400 779 515 807 rumque
527 768 695 797 altitudinem
712 790 720 801 ,
743 772 769 798 ὃς
785 769 967 797 munitionem
982 770 1124 805 repentino
1138 769 1241 805 impetu
1256 768 1318 796 urbs
1331 771 1477 807 expugnari
1491 779 1545 797 non
1558 770 1642 807 poffet
1657 788 1664 800 ,
1685 768 1768 796 vineis
1782 767 1845 794 aeus
1858 787 1865 797 ,
1885 776 1982 804 aggere

397 808 487 845 ᾗεᾶο,
507 805 623 836 turribus
635 807 783 836 constitutis
796 806 1008 844 oppugnabatur.
1051 808 1134 844 Cujus
1148 808 1185 834 rei
1200 808 1322 844 exempla
1334 810 1416 836 etiam
1433 807 1518 835 multa
1533 808 1627 844 passim
1642 807 1710 843 apud
1726 805 1866 841 scriptores
1882 814 1985 832 veteres

399 853 500 874 extant.
542 847 600 873 Nos
616 845 659 873 hic
672 843 799 873 vocabula
812 846 933 883 quaedam
951 845 1109 874 militarium
1123 846 1361 874 instrumentorum
1382 848 1408 875 &
1424 855 1538 883 operum
1552 846 1746 883 pertinentium
1764 846 1791 873 ὃς
1804 844 1835 871 ad
1854 843 1983 871 munitio.

401 893 449 912 nes
466 883 610 911 castrorum
620 903 628 915 ,
650 885 676 911 δε
690 883 721 910 ad
735 885 948 920 oppugnationes
962 885 1125 920 oppidorum
1140 892 1314 919 exponemus.
1354 884 1444 912 Castra
1458 883 1681 913 communiebant
1693 892 1797 920 aggere,
1817 881 1882 908 vallo
1896 902 1904 913 ,
1924 881 1984 907 lori-

399 921 434 949 cis
446 942 455 956 ‚
475 921 551 948 cervis
562 941 569 952 ,
590 920 662 955 cippis
675 940 682 950 ‚
702 920 765 948 liliis
780 942 786 953 ,
813 924 839 950 &
850 920 975 958 stimulis.
1016 922 1058 949 Ad
1078 923 1292 958 oppugnationes
1306 920 1508 960 requirebantur
1528 931 1610 950 turres
1623 920 1795 950 ambulatoria
1806 941 1814 952 ,
1833 918 1986 956 testatam,

400 958 517 995 mastali,
537 958 626 992 vine-e,
642 958 738 992 plutei,
759 962 785 988 ὃς
799 959 914 987 cuniculi.

441 1001 526 1035 Agger
541 1016 549 1026 ,
576 998 661 1033 inquit
674 1017 681 1028 ,
710 996 825 1033 Vegetius
845 996 890 1024 lib.
909 1006 936 1031 4.
962 1007 994 1024 ex
1015 1004 1085 1025 terra
1105 996 1235 1035 lignisque
1255 997 1357 1026 tollitur
1379 1005 1472 1026 contra
1491 1007 1601 1025 murum
1614 1019 1621 1030 ,
1649 999 1683 1025 de
1701 1005 1757 1033 quo
1776 996 1828 1024 tela
1845 996 1983 1031 jadiantur.

402 1036 544 1069 Franctfius
563 1038 752 1061 Hottomamms
771 1033 988 1062 annotationibus
1007 1036 1034 1062 iri
1055 1035 1185 1063 Caelarem
1200 1057 1208 1067 ‚
1240 1034 1351 1073 Aggeri:
1369 1046 1471 1063 nomen
1485 1057 1494 1068 ,
1525 1037 1630 1072 inquit,
1656 1035 1798 1070 tripliciter
1821 1033 1853 1062 ab
1872 1035 1988 1070 antiquis

401 1073 522 1110 usurpari
541 1073 639 1105 video,
662 1072 782 1108 primum
796 1081 841 1107 pro
861 1073 924 1099 mole
942 1075 973 1100 ad
995 1075 1097 1101 moenia
1116 1074 1279 1110 oppidorum
1296 1095 1302 1104 ,
1327 1075 1424 1102 deinde
1437 1082 1482 1108 pro
1501 1072 1639 1101 munitione
1659 1073 1804 1100 castrorum
1819 1093 1827 1104 ,
1847 1072 1986 1108 postremo

395 1120 441 1146 pro
461 1109 586 1144 materia,
618 1119 669 1147 qua
689 1110 775 1138 moles
788 1131 795 1142 ‚
822 1111 972 1139 munitiove
992 1112 1130 1140 extruitur.
1168 1112 1263 1139 Molem
1281 1111 1456 1149 intelligimus
1474 1112 1604 1139 tumulum
1629 1121 1661 1138 ex
1680 1109 1758 1147 lignis
1778 1113 1804 1139 ὅ(
1823 1109 1908 1146 glebis
1923 1130 1931 1142 ,
1957 1116 1989 1137 ae

399 1147 542 1186 cespitibus
561 1148 727 1180 extruetum,
748 1155 778 1176 ut
798 1149 823 1176 in
844 1147 967 1181 urbium,
987 1156 1032 1177 aut
1046 1150 1190 1178 castrorum
1212 1159 1305 1177 muros
1325 1150 1367 1178 vel
1379 1148 1522 1182 militibus,
1544 1150 1584 1178 vel
1600 1146 1717 1178 turribus
1737 1147 1882 1176 mobilibus
1900 1149 1988 1176 ascen-

404 1187 446 1215 sus
465 1186 619 1224 praebeatur.
658 1187 738 1221 Caefiir
756 1186 823 1214 libro
843 1186 960 1214 secundo
978 1187 1039 1216 belli
1059 1188 1157 1219 civilis,
1178 1192 1296 1215 Lucanus
1315 1187 1384 1216 libro
1403 1189 1484 1217 tertio
1499 1209 1506 1219 ‚
1532 1198 1565 1216 ex
1585 1187 1678 1225 quibus
1698 1187 1854 1224 intelligitur
1867 1206 1874 1218 ‚
1900 1186 1988 1214 trabes

403 1224 419 1253 ὲ
431 1224 558 1253 lateribus
573 1223 691 1252 adhiberi
705 1224 792 1253 solitas
804 1245 811 1256 .
833 1234 890 1262 quae
900 1225 981 1253 latera
995 1225 1134 1255 firmarent
1147 1247 1154 1260 ‚
1174 1235 1208 1253 ue
1221 1234 1291 1255 terra
1306 1227 1455 1258 difflueret,
1483 1227 1641 1254 interiorem
1656 1232 1746 1252 autem
1759 1232 1864 1263 partem
1878 1224 1988 1252 vimini-

402 1262 465 1295 bus,
486 1262 606 1300 virgultis
621 1264 648 1290 &
661 1270 730 1291 terra
743 1262 855 1301 repleri,
876 1271 955 1301 atque
971 1264 1087 1292 infarciri
1102 1264 1218 1293 solitam.
1257 1267 1346 1292 Tanta
1358 1273 1449 1293 autem
1465 1265 1568 1303 aggeris
1580 1265 1717 1292 interdurn
1731 1263 1844 1292 altitudo
1859 1269 1915 1290 erat
1927 1283 1936 1294 ‚
1956 1268 1987 1290 ut

402 1310 488 1337 prope
506 1301 608 1328 mcx-nia
622 1301 783 1338 adaequaret,
806 1309 833 1329 ut
846 1303 915 1338 apud
931 1303 1052 1336 CaeJlrrem
1067 1302 1110 1331 lib.
1128 1314 1152 1330 2.
1168 1302 1230 1330 belli
1243 1303 1354 1335 Gallici,
1374 1302 1433 1331 Liv.
1447 1303 1491 1331 lib.
1505 1314 1530 1339 5.
1553 1305 1579 1331 ἃ
1594 1303 1664 1330 alibi.
1704 1301 1738 1329 Et
1751 1302 1782 1329 ad
1797 1301 1865 1330 hanc
1881 1301 1986 1328 molem

401 1339 578 1367 extruendam
595 1348 650 1366 non
666 1339 751 1367 modo
765 1339 846 1371 fabri,
867 1349 960 1368 verum
974 1342 1054 1369 etiam
1070 1341 1169 1370 milites
1185 1341 1225 1369 his
1239 1342 1408 1370 ferramentis
1419 1342 1537 1369 instruCti
1552 1349 1640 1369 erant:
1661 1339 1812 1367 bidentibus
1847 1338 1988 1376 ligonibus,

404 1378 509 1409 rastris,
529 1376 625 1409 alveis,
646 1377 766 1414 cophinis
779 1399 785 1409 ‚
807 1377 888 1415 qualis
903 1399 909 1410 ,
929 1386 959 1406 ut
972 1382 1086 1415 Wgenus
1100 1379 1189 1408 scribit
1204 1379 1273 1408 libro
1292 1391 1314 1407 1.
1331 1382 1358 1408 ὃς
1375 1391 1399 1417 3.
1427 1379 1602 1417 Reliquarum
1618 1380 1731 1408 duarum
1747 1377 1988 1416 fignificationum,

404 1416 477 1452 quod
492 1415 607 1443 sumitur
620 1424 670 1452 pro
683 1425 763 1456 muro
779 1418 805 1444 ὅς
821 1417 973 1444 munitione
988 1418 1134 1445 castrorum
1145 1439 1154 1451 ‚
1175 1418 1240 1445 item
1256 1428 1307 1455 pro
1321 1418 1374 1454 ipsa
1387 1419 1489 1456 aggeris
1507 1419 1618 1446 materia
1630 1439 1639 1452 ,
1660 1426 1717 1454 quae
1732 1416 1829 1454 triplex
1845 1423 1915 1446 erat,
1937 1421 1988 1441 tra-

403 1452 480 1481 bium
495 1474 502 1485 ,
522 1462 580 1490 quae
595 1452 676 1481 latera
689 1454 840 1488 firmabant,
856 1454 992 1482 frondium
1004 1475 1012 1486 ‚
1033 1457 1059 1484 &
1071 1457 1218 1493 cespitum,
1238 1456 1323 1484 multa
1338 1465 1429 1485 extant
1442 1457 1512 1492 apud
1527 1458 1646 1492 Cafizrem
1661 1455 1812 1483 testimonia
1825 1474 1834 1485 ,
1861 1462 1918 1490 quae
1933 1462 1988 1480 non

406 1500 474 1528 opus
486 1491 522 1518 est
533 1491 673 1518 adducere.

443 1528 526 1556 Vallus
545 1527 598 1556 five
616 1528 714 1555 vallum
732 1528 867 1557 dicebatur
877 1527 954 1565 stipes
972 1532 1080 1565 ramofiu
1099 1533 1126 1559 in
1146 1532 1249 1570 aggeris
1268 1531 1374 1559 fiimma
1395 1539 1471 1568 parte
1490 1531 1570 1570 defigi
1590 1530 1680 1559 solitus
1694 1551 1701 1562 ,
1722 1529 1754 1557 ad
1774 1537 1902 1566 aggerem
1923 1536 1988 1568 eon-

407 1566 575 1594 firmandum
589 1586 596 1597 ‚
624 1567 650 1594 ὃς
670 1565 764 1594 loricas
784 1568 948 1595 extruendas.
989 1571 1070 1597 Hunc
1090 1569 1188 1597 vallum
1209 1570 1348 1607 legionarii
1376 1570 1476 1598 milites
1496 1579 1546 1597 una
1571 1579 1634 1598 curn
1654 1570 1735 1596 arrnis
1760 1567 1787 1594 in
1808 1567 1903 1594 itinere
1923 1566 1990 1593 iere-

406 1604 473 1632 bant
488 1624 495 1635 ,
522 1605 561 1631 uti
581 1603 657 1640 supra
684 1613 716 1632 ex
737 1604 851 1631 cicerone
870 1606 1019 1633 audivimus
1034 1628 1041 1638 ‚
1069 1609 1095 1636 &
1114 1608 1158 1635 alii
1177 1609 1258 1636 etiam
1279 1608 1402 1635 authores
1429 1609 1592 1637 attestantur.
1635 1609 1838 1641 Nonnunquam
1858 1603 1987 1639 accipitur

406 1651 457 1680 pro
477 1641 609 1682 superiore
629 1650 703 1677 parte
724 1643 827 1682 aggeris
847 1654 878 1672 ex
898 1643 945 1671 illi:
968 1644 1054 1676 vallis,
1077 1646 1103 1672 id
1125 1646 1173 1677 est,
1195 1646 1300 1674 sudibus
1321 1648 1347 1674 &
1367 1645 1496 1682 stipitibus
1511 1666 1517 1677 ,
1544 1655 1574 1673 ac
1594 1645 1738 1672 viminibus
1757 1642 1905 1679 interJectis
1926 1650 1990 1669 con-

406 1681 498 1708 stante.
541 1679 605 1706 Vallr
625 1682 733 1707 Romam
752 1681 856 1718 elegans
881 1681 1024 1718 descriptio
1043 1690 1114 1711 extat
1139 1685 1208 1719 apud
1230 1682 1360 1717 Polybium
1374 1684 1431 1711 {ib-
1455 1694 1495 1718 ¹7-
1524 1684 1567 1711 ubi
1592 1684 1618 1710 id
1638 1692 1701 1710 cum
1722 1681 1791 1709 vallo
1811 1682 1907 1708 Graeco
1926 1688 1989 1707 con-

406 1718 460 1746 fert
473 1738 480 1749 ,
507 1720 534 1747 &
554 1718 681 1754 quidnam
702 1719 772 1746 inter
791 1729 820 1746 ea
840 1719 870 1747 sit
890 1720 1049 1748 discriminis
1061 1742 1069 1753 ‚
1096 1722 1218 1749 ostendit.
1257 1721 1376 1753 Vallum,
1399 1722 1487 1758 inquit
1506 1723 1575 1758 apud
1597 1722 1737 1748 Romanos
1751 1740 1760 1752 ‚
1780 1719 1864 1750 duos,
1883 1717 1989 1749 tresve.

409 1762 454 1785 aut
473 1756 506 1784 ad
525 1755 663 1783 summum
686 1764 799 1793 quatuor
818 1756 897 1785 habet
916 1757 1048 1790 surculos,
1067 1769 1100 1786 ex
1120 1769 1174 1796 quo
1193 1760 1304 1791 accidit,
1325 1767 1355 1787 ut
1373 1759 1505 1795 perfacilis
1524 1761 1580 1796 ejus
1601 1759 1631 1786 fit
1651 1759 1773 1796 gestatio.
1811 1758 1904 1794 Itaque
1923 1764 1990 1783 unus

408 1794 473 1825 tria,
493 1800 573 1832 atque
594 1795 676 1821 ctiam
696 1802 809 1831 quatuor
828 1795 904 1823 simul
924 1795 986 1826 fert.
1025 1798 1060 1825 Et
1078 1798 1157 1833 paulo
1176 1798 1248 1833 post,
1268 1806 1332 1825 cum
1352 1797 1386 1824 de
1405 1799 1562 1825 Graecorum
1583 1796 1665 1828 vallo,
1686 1796 1794 1832 ejusque
1813 1795 1860 1823 usu
1879 1793 1992 1824 dixisset,

409 1831 527 1867 subjicit:
548 1832 627 1868 Apud
643 1833 783 1861 Romanos
795 1833 967 1861 dissimillima
980 1835 1016 1862 est
1027 1836 1104 1863 ratio.
1144 1836 1267 1863 Primum
1282 1836 1356 1862 enim
1370 1835 1406 1862 ita
1422 1834 1488 1863 valla
1503 1836 1574 1863 inter
1587 1834 1612 1862 se
1625 1833 1844 1870 circumplicant,
1864 1840 1893 1860 ut
1904 1839 1991 1868 neque

409 1868 486 1897 facile
500 1879 617 1907 quorum
634 1880 773 1899 ramorum
795 1872 821 1899 in
836 1878 935 1899 terram
951 1874 1157 1910 comparstorum
1180 1874 1231 1902 sint
1245 1872 1357 1910 virgulta
1372 1894 1378 1904 ‚
1404 1882 1492 1910 neque
1505 1882 1621 1911 quorum
1642 1871 1822 1910 virgultorum
1839 1870 1889 1898 sint
1901 1870 1970 1898 rami
1981 1888 1991 1901 ‚

408 1907 543 1945 agnoscas,
585 1910 712 1937 Praeterea
727 1909 836 1938 difficile
848 1910 901 1942 est,
922 1910 939 1937 fi
954 1912 1011 1948 quis
1026 1911 1140 1939 evellere
1153 1920 1266 1940 conetur
1280 1932 1287 1943 ‚
1308 1921 1419 1939 manum
1434 1912 1598 1939 admovere:
1619 1912 1747 1948 quoniam
1762 1909 1911 1937 densiffime
1922 1909 1992 1935 inter

410 1945 437 1972 se
449 1953 573 1974 contexta
589 1949 615 1976 ὃς
630 1947 749 1975 conserta
764 1947 832 1976 sunt.
857 1949 898 1975 Eo
913 1950 1024 1981 accidit,
1047 1950 1118 1987 quod
1133 1949 1247 1987 virgulta
1260 1951 1296 1978 ita
1311 1957 1432 1978 accurate
1445 1951 1556 1982 inflexa,
1579 1952 1605 1978 ὃ(
1619 1951 1751 1977 intertexa
1766 1947 1840 1979 sunt,
1860 1954 1889 1974 ut
1901 1945 1993 1973 revelli
2006 1959 2011 1971 2

410 1983 444 2026 ab
459 1993 492 2011 eo
503 2004 510 2015 ,
531 1986 576 2021 qui
589 1985 761 2021 prehenderit
774 2006 782 2017 ,
805 1986 881 2013 facile
896 1996 951 2014 noti
968 1988 1066 2024 possint
1082 1998 1087 2014 :
1107 1989 1228 2024 primum
1243 1988 1305 2024 quia
1317 1986 1455 2015 eminentia
1470 1988 1600 2023 &sarculi
1613 1997 1708 2015 omnes
1721 1986 1794 2014 suam
1810 1988 1836 2015 δι
1851 1986 1991 2021 propriam

412 2030 441 2048 in
454 2028 523 2048 terra
536 2022 729 2051 firmitudinem
746 2023 878 2052 obtinent.
898 2026 1003 2053 Deinde
1017 2035 1079 2054 cuni
1094 2035 1178 2053 unum
1193 2025 1207 2054 ὲ
1223 2025 1344 2063 virgultis
1356 2025 1484 2059 trahitur,
1504 2027 1605 2054 neceffe
1621 2027 1658 2054 est
1670 2033 1781 2062 propter
1793 2031 1916 2052 mutuam
1927 2031 1991 2051 con-

413 2065 546 2086 texturam
566 2069 692 2097 magnam
714 2062 790 2090 simul
805 2064 981 2100 propaginem
996 2064 1073 2092 educi
1087 2085 1095 2096 ,
1116 2074 1202 2101 neque
1221 2074 1286 2092 vero
1306 2065 1363 2092 fieri
1379 2065 1465 2100 potest
1476 2085 1482 2095 ,
1500 2072 1530 2093 ut
1543 2065 1597 2092 duo
1611 2086 1617 2097 ‚
1638 2063 1723 2092 tresve
1735 2072 1821 2092 unum
1835 2082 1843 2094 ‚
1863 2062 1992 2098 idemque

415 2095 514 2138 yallum
528 2097 692 2133 prehendere
705 2100 812 2135 poffint.
852 2102 934 2138 Qod
947 2102 965 2129 fi
979 2102 1036 2140 quis
1050 2112 1134 2131 unum
1157 2110 1203 2132 aut
1220 2102 1335 2131 alterum
1352 2109 1544 2136 commoveat,
1565 2113 1596 2132 ac
1608 2102 1737 2136 revellat,
1757 2103 1885 2139 exiguum
1900 2107 1992 2128 tamen

413 2133 582 2161 intervalium
600 2140 713 2172 patefiet.
740 2138 780 2166 Ita
795 2138 917 2177 Polybmr.

455 2170 544 2198 Loricae
557 2173 709 2214 dicebantur
719 2177 871 2217 eminentiae
880 2177 928 2205 illae
941 2179 1059 2216 aggeris,
1078 2178 1131 2207 five
1141 2180 1223 2208 etiam
1239 2188 1380 2207 murorum
1388 2201 1395 2212 ‚
1407 2189 1464 2217 quae
1471 2181 1562 2217 pestus
1573 2180 1760 2210 defendebant.
1779 2178 1890 2207 Fiebant
1900 2183 1992 2207 autem

411 2207 573 2248 plerumque
587 2220 618 2236 ex
631 2211 740 2240 cratibus
756 2216 783 2243 ὅ(
797 2214 947 2249 vtmmibus,
967 2218 1104 2245 interdum
1118 2228 1150 2246 ex
1158 2217 1266 2253 pluteis,
1287 2219 1313 2245 id
1330 2219 1379 2250 est,
1402 2219 1488 2247 crassis
1501 2220 1624 2248 asseribus
1640 2222 1666 2248 &
1680 2218 1783 2247 tabulis.

454 2246 530 2275 cervi
544 2256 618 2276 erant
632 2249 751 2294 stipites,
779 2254 912 2281 cornicula
925 2256 1072 2285 eminentia
1083 2255 1208 2285 habentes
1222 2278 1232 2290 ‚
1260 2256 1353 2295 quibus
1372 2257 1405 2285 ad
1421 2258 1607 2287 commissuras
1618 2258 1771 2296 pluteorum
1790 2265 1870 2296 atque
1889 2253 1992 2292 aggeris

414 2285 570 2318 utebantur,
590 2286 622 2313 ad
638 2290 840 2323 impediendum
855 2291 1000 2323 ascensum.

453 2323 524 2352 Lilia
528 2322 629 2368 stipites
642 2334 716 2354 erant
731 2327 839 2357 feminis
854 2332 1036 2365 crassitudine,
1056 2332 1070 2361 a
1084 2333 1194 2363 summo
1210 2334 1332 2372 praeacuti
1345 2353 1354 2368 ,
1374 2333 1406 2362 ad
1422 2333 1624 2367 similitudinem
1637 2335 1713 2368 floris
1726 2333 1844 2374 ejusdem
1859 2334 1993 2368 nominis·¹

413 2371 470 2400 uon
485 2369 585 2402 aperti,
603 2362 649 2392 sed
664 2363 748 2394 adhuc
760 2368 915 2405 compreffi:
936 2371 964 2400 &c
978 2371 1137 2409 tegebantur
1149 2372 1293 2404 viminibus
1305 2382 1336 2403 ac
1349 2372 1479 2410 virgultis·

1920 2408 1994 2447 cippi

2052 320 2064 819 Q———q
2057 0 2075 300 “⁶“——ss

2065 2105 2075 2126 ,s
2052 1158 2075 2087 &HQ-*xm
2064 1074 2075 1148 ηοξ
2074 1053 2075 1059 t
2068 1015 2075 1027 2
