2075 2734
438 91 1306 123 DtCAttntnArrs.CAr.8.
1601 103 1658 134 497

649 176 902 202 CAru‘r
961 177 1078 208 VIII.

732 245 783 278 De
797 243 986 287 candidatis.

72 332 252 394 Candidati
270 333 422 362 dicebantur
435 352 442 363 ,
468 331 513 367 qui
535 330 718 368 magistratum
732 329 850 367 aliquem
864 330 990 366 petebant
1003 342 1008 358 :
1037 333 1063 360 id
1077 335 1196 362 nominis
1209 335 1297 371 adepti
1311 334 1325 362 ὲ
1337 343 1394 372 toga
1407 332 1517 364 candida
1530 357 1538 369 ‚
1564 345 1646 374 quam

150 371 298 409 gestabant,
319 370 401 408 quise
416 370 599 406 magistratum
614 377 706 405 petere
718 369 825 405 profeffi
839 369 928 396 ess‘eut.
949 369 1078 398 Profeffio
1095 380 1184 399 autem
1201 373 1245 399 ista
1260 373 1338 400 tiebat
1355 373 1386 400 ad
1401 373 1548 410 populum,
1569 385 1644 403 eara-

71 410 161 441 tione,
182 419 211 437 ut
225 411 282 447 quis
296 411 437 445 impetrata
449 410 480 434 ab
494 407 583 444 aliquo
596 408 750 443 magistratu
763 407 908 437 concione,
929 407 971 434 vel
985 417 1032 443 per
1047 407 1086 438 stt,
1107 409 1147 436 vel
1159 419 1206 447 per
1217 411 1334 442 amicos,
1356 413 1477 439 oratione
1486 413 1646 445 declararet,

70 447 139 474 velle
152 447 178 474 fi:
191 447 366 485 magistratum
380 444 472 482 populi
481 445 616 472 beneficio
629 446 758 473 obtinere.
794 445 907 471 Nemini
921 453 1011 472 autem
1028 445 1193 482 prohibitum
1209 456 1264 475 erat
1281 448 1400 483 profiteri
1415 451 1442 476 in
1456 452 1568 479 candida
1582 449 1647 489 toga

69 486 244 520 petitionem,
265 485 324 521 quia
338 484 438 519 populo
452 484 479 510 in
493 483 605 511 candida
619 483 688 510 veste
700 482 844 519 supplicare
856 501 862 513 ‚
885 483 968 510 cuivis
981 483 1094 510 liberum
1110 492 1179 515 erat,
1199 486 1244 521 qui
1261 484 1285 511 se
1300 485 1313 512 a
1327 487 1425 523 populo
1438 488 1560 517 obtinere
1573 490 1646 526 poffi:

69 523 196 558 sperabat.
216 522 267 550 Sed
282 530 374 549 tamen
388 531 443 549 non
456 521 560 559 semper
575 521 718 549 habebatur
731 523 797 549 ratio
811 530 920 552 eorum,
941 521 986 557 qui
999 521 1106 557 profeffi
1122 523 1212 549 essent.
1245 523 1276 549 In
1291 532 1344 559 quo
1358 523 1554 561 magistratuum
1568 528 1647 562 aest:-

68 569 145 587 nnms
159 560 279 596 cognitio
291 559 383 587 locum
397 559 518 589 habebat.
539 560 584 586 Ne
597 560 671 587 enim
685 559 797 596 populus
809 557 987 596 magistratum
1000 558 1077 586 alicui
1092 560 1232 588 mandaret
1246 561 1358 597 indigno
1370 582 1376 592 ‚
1396 571 1440 589 aut
1453 573 1546 592 contra
1561 566 1631 603 leges
1640 586 1648 597 ‚

67 598 174 633 publice
191 599 316 626 intererat
336 597 496 625 considerari
514 597 708 624 candidatorum
723 596 809 625 causas
821 596 835 624 εὶ
850 597 1043 634 magistratibus
1057 599 1083 625 δε
1097 598 1206 625 consilio
1218 598 1325 634 publico
1339 609 1344 624 z
1373 608 1429 635 quae
1444 601 1540 630 deinde
1552 604 1583 631 ad
1598 613 1647 640 po-

67 635 160 671 pulum
181 635 296 672 allegatae
307 654 315 666 ,
341 635 492 664 efficiebant
504 656 511 667 ,
537 644 566 663 ut
583 645 677 663 eorum
691 644 795 663 tantum
811 635 856 673 qui
870 635 946 672 digni
959 635 1040 663 ellent
1051 656 1058 667 ,
1084 637 1216 664 rationem
1233 637 1351 664 comitiis
1364 636 1460 665 habere
1473 640 1560 669 vellet.
1603 645 1643 670 Ac

65 673 132 710 saepe
151 675 233 701 etiam
248 694 254 704 ‚
283 681 377 701 contra
394 674 485 710 populi
509 673 591 701 studia
604 673 741 701 manifesta
753 694 760 705 ‚
785 671 947 709 magtstrcmcs
959 673 1060 709 judicio
1072 682 1116 702 aut
1121 676 1230 709 Jemtus
1243 674 1353 702 decreto
1368 675 1576 707 excludebantur
1591 679 1643 707 suf-

65 710 155 748 fragiis
173 712 265 748 populi
286 711 406 740 nonnulli
426 711 564 739 candidati.
606 711 756 748 Oportebat
773 712 844 738 enim
860 719 905 738 eos
918 720 979 739 ante
991 710 1146 739 comitiorum
1160 713 1233 741 diem
1249 733 1256 744 ,
1281 712 1325 740 sua
1341 714 1452 739 nomina
1465 716 1546 743 etiam
1561 718 1643 753 profi-

64 751 115 776 teri
129 750 197 785 apud
212 751 396 787 magistratum
411 750 501 781 illum,
522 750 567 786 qui
581 750 692 777 comitia
704 749 838 777 habiturus
853 756 917 776 erat.
952 751 1027 777 Tum
1041 750 1059 777 fi
1073 751 1146 787 digni
1157 751 1354 786 judicarentur,
1377 750 1470 787 quibus
1484 762 1543 788 pars
1558 756 1644 792 aliqua

64 787 266 823 gubernationis
285 788 433 823 reipublicae
446 790 459 815 a
472 787 572 824 populo
588 789 824 817 committeretur,
845 788 957 814 nomina
971 797 1066 816 eorum
1082 787 1095 815 a
1109 787 1294 826 magistratrbus
1307 788 1502 824 recipiebantur
1516 801 1522 817 :
1542 792 1578 819 fin
1595 796 1646 822 mi.

62 834 129 856 nus,
150 835 204 853 non
217 826 424 862 recipiebantur,
445 834 533 862 neque
547 834 606 853 turn
621 825 748 861 populus,
768 825 871 852 etiamn
884 826 1003 852 maxime
1020 826 1113 857 vellet,
1133 836 1223 854 creare
1237 837 1283 854 eos
1290 835 1402 863 poterat.
1425 828 1627 865 I‘rofessioporro
1638 852 1646 863 ,

64 871 122 899 quae
141 865 277 900 integrum
290 873 390 891 annum
404 871 466 892 ante
477 864 589 891 comitia
603 872 796 900 nonnunquam
812 864 929 899 incipere
942 863 1057 896 solebat,
1078 863 1161 900 polita
1174 873 1247 897 erat,
1268 873 1296 892 ut
1310 865 1379 901 apud
1396 864 1538 893 Ciceronem
1553 868 1585 895 de
1600 878 1646 905 pe-

66 902 164 929 titione
184 902 340 929 eonfitlatus
359 901 497 940 Qcicero
516 901 620 937 prolixe
638 901 753 938 disputat
768 922 776 933 ‚
803 902 831 928 in
850 902 1002 929 amicorum
1014 923 1022 933 ‚
1044 905 1069 930 &c
1082 903 1174 938 populi
1188 902 1325 931 voluntate
1339 903 1512 932 concilianda.
1540 909 1648 934 Αηυια-

65 948 124 966 rum
136 949 224 965 nomen
233 940 311 968 latius
320 941 346 967 in
360 940 414 967 hoc
426 948 526 977 genere
539 942 640 975 patuit,
661 949 742 975 quam
756 942 783 967 in
800 940 906 975 reliquae
919 941 978 966 vitce
992 940 1192 968 consuetudine.
1211 942 1285 968 Nam
1303 944 1329 969 δε
1344 942 1523 978 propinqui&
1532 945 1646 972 necessa-

64 977 110 1008 rii,
134 980 161 1004 ὃῑ
172 979 302 1009 omnino,
321 979 367 1015 qui
377 978 475 1014 aliquid
492 977 636 1005 voluntatis
648 978 834 1009 ostenderunt,
856 978 926 1004 inter
940 978 1041 1005 amicos
1052 977 1135 1005 habiti
1149 978 1217 1007 sunt.
1237 980 1275 1006 Hi
1288 989 1385 1007 omnes
1393 980 1647 1011 conciliandierant.

64 1016 155 1043 Studia
166 1016 240 1043 enirn
252 1025 346 1044 eorum
359 1015 510 1053 plurimum
520 1016 555 1044 ad
568 1016 729 1052 petitionem
745 1015 876 1045 valebant.
897 1016 952 1054 Q
967 1025 1029 1043 vero
1043 1016 1141 1053 aliquid
1156 1017 1298 1045 voluntatis
1306 1018 1492 1050 ostenderunt,
1512 1021 1530 1047 ii
1538 1019 1642 1053 ferme,

63 1059 109 1080 aut
120 1054 274 1087 fivlutatores
287 1075 296 1086 ‚
321 1062 367 1081 aut
385 1052 530 1081 definitores
543 1074 551 1085 ‚
570 1062 615 1081 aut
626 1053 762 1088 sectatores
775 1052 891 1082 fuerunt.
924 1053 1079 1080 salutatores
1092 1055 1180 1090 prima
1193 1055 1246 1082 diei
1259 1054 1324 1083 hora
1336 1056 1451 1083 domum
1465 1058 1589 1093 petitoris
1603 1068 1647 1086 ve-

64 1090 173 1119 niebant
187 1113 194 1123 ‚
219 1099 299 1129 atque
311 1091 392 1119 salute
405 1092 476 1119 diota
489 1112 498 1123 ‚
526 1092 588 1119 inde
601 1091 778 1120 discedebant.
817 1091 970 1119 DeduHores
982 1100 1108 1127 praeterea
1122 1091 1249 1128 tantisper
1263 1093 1437 1130 expediabant
1449 1116 1458 1126 ,
1484 1096 1551 1123 dum
1565 1098 1644 1125 illurn

62 1130 149 1157 domo
160 1139 304 1158 exeuntem
320 1132 348 1158 in
361 1129 453 1157 forum
468 1130 646 1161 deducerent,
666 1138 746 1167 atque
758 1129 785 1158 hi
800 1131 881 1157 etiam
896 1129 1035 1157 observare
1048 1140 1111 1158 eum
1128 1131 1291 1158 dicebantur.
1320 1131 1459 1159 Set-tames
1472 1134 1562 1161 affidui
1577 1145 1642 1163 cum

63 1176 97 1194 eo
111 1168 237 1195 omnibus
249 1167 322 1196 horis
335 1176 423 1200 erant,
444 1167 552 1205 ejusque
564 1168 646 1196 latera
658 1168 796 1204 stipabant.
823 1169 877 1195 Hic
884 1167 1022 1206 petitorum
1037 1178 1098 1195 mos
1111 1177 1181 1200 erat,
1201 1176 1230 1196 ut
1244 1168 1353 1197 summo
1367 1179 1447 1197 mane
1461 1172 1539 1199 domi
1554 1174 1642 1201 inam-

62 1204 184 1232 bularent
198 1226 206 1237 ,
217 1216 263 1234 ,ac
275 1206 313 1233 sui
326 1207 434 1242 copiam
447 1206 629 1234 salutatoribus
643 1206 768 1233 facerent.
800 1205 928 1239 Popularts
943 1204 1009 1232 ratio
1019 1226 1027 1237 ,
1053 1206 1106 1233 five
1123 1206 1266 1234 voluntatis
1278 1207 1371 1244 populi
1384 1209 1537 1237 conciliatio
1550 1231 1558 1242 ‚
1579 1221 1643 1248 qua-

62 1250 126 1270 tuor
145 1243 257 1271 habebat
276 1252 382 1279 partes:
407 1243 628 1271 nomenclationem
641 1263 649 1274 ,
668 1241 822 1270 blanditiam
834 1256 850 1272 t
861 1241 1035 1277 affidut'tatem
1047 1263 1054 1272 ,
1077 1243 1118 1276 ᾤ’
1135 1243 1327 1282 benignitatem.
1369 1246 1562 1275 Nomenclatio
1581 1258 1642 1276 eam

64 1279 156 1307 habuit
170 1281 226 1307 vim
240 1288 268 1307 ut
276 1290 372 1315 pemor
384 1280 430 1308 fiio
444 1290 580 1318 quemque
595 1283 683 1309 civem
697 1281 809 1308 nomine
822 1280 972 1317 appellaret.
1013 1282 1073 1310 Fuit
1085 1291 1151 1319 ergo
1164 1283 1227 1310 illud
1242 1283 1269 1310 in
1285 1283 1378 1319 primis
1386 1284 1492 1317 petitori
1505 1284 1644 1314 elaboran-

67 1319 132 1345 dum
141 1338 149 1349 ,
169 1327 198 1346 ut
210 1318 325 1355 fingulos
338 1320 409 1347 cives
420 1319 509 1347 rnoffet
521 1339 528 1350 .
558 1329 706 1356 eorumque
718 1319 831 1346 nomina
847 1326 957 1346 teneret.
991 1320 1128 1356 Siquidem
1144 1323 1189 1357 qui
1201 1329 1246 1348 aut
1261 1330 1317 1348 non
1330 1329 1418 1353 tenet,
1438 1330 1483 1350 aut
1495 1322 1594 1353 oblitus
1607 1325 1644 1352 est

62 1365 167 1384 nomen
180 1356 297 1388 alterius,
318 1358 339 1385 is
352 1367 447 1393 farum
463 1358 519 1392 ejus
533 1358 667 1386 rationem
680 1357 785 1384 videtur
798 1357 904 1383 ducere.
925 1356 976 1383 Sed
991 1358 1120 1394 quoniam
1135 1358 1162 1385 iu
1178 1366 1253 1386 tanto
1268 1359 1384 1395 populo,
1406 1361 1522 1388 &tantis
1532 1363 1644 1390 vitaeoc-

63 1395 248 1431 cuparionibus
261 1396 318 1422 fieri
331 1405 386 1422 non
399 1403 506 1431 poterat
517 1415 524 1425 ‚
551 1402 580 1423 ut
593 1404 666 1432 :eque
679 1404 776 1422 omnes
789 1395 890 1431 cogniti
904 1393 986 1422 essent
999 1405 1004 1421 :
1031 1394 1092 1423 hinc
1108 1396 1260 1423 ministrum
1275 1397 1442 1425 instituerunt
1456 1418 1464 1429 ‚
1483 1400 1529 1435 qui
1537 1399 1643 1434 petitori

59 1433 175 1460 -nomina
189 1433 280 1460 omnia
293 1433 408 1465 civium,
430 1442 459 1460 ut
473 1432 581 1470 quisque
596 1433 767 1464 occurrebat,
787 1431 954 1469 suggereret,
975 1442 1091 1470 eumque
1104 1434 1311 1461 nomenclatorem
1326 1443 1465 1463 vocarunt.
1494 1437 1578 1464 cicero
1591 1447 1641 1474 pro

65 1472 186 1498 Muraena
205 1470 372 1499 monitorem.
399 1469 482 1506 Festus
493 1470 620 1505 fiartorem
639 1470 770 1507 appellat,
798 1470 870 1506 quod
892 1469 962 1497 clam
984 1470 1067 1499 veluti
1085 1471 1220 1500 infarciret
1240 1473 1267 1499 in
1288 1481 1361 1499 aures
1380 1472 1511 1500 candidan
1528 1478 1643 1503 nomina

58 1508 261 1543 filutandorunt
276 1509 384 1536 civium.
415 1508 507 1537 Altera
518 1518 577 1544 pars
589 1509 722 1545 popularis
733 1507 843 1535 rationis
856 1508 892 1535 est
904 1507 1038 1536 blanditia.
1068 1510 1112 1536 Est
1124 1517 1214 1536 autem
1229 1509 1323 1537 blande
1337 1510 1483 1546 appellare,
1506 1521 1561 1540 non
1579 1523 1642 1549 pro-

66 1544 126 1581 prio
140 1549 264 1578 nomine,
284 1546 328 1573 sed
341 1547 491 1574 honestiore
503 1546 626 1578 salutare,
647 1555 677 1574 ut
691 1554 810 1582 patrem,
831 1553 875 1572 aut
888 1545 998 1573 fratrem
1008 1567 1014 1577 ‚
1035 1555 1080 1575 aut
1093 1554 1247 1582 patronum.
1274 1548 1315 1575 Ad
1328 1548 1506 1575 assiduitatem
1523 1553 1641 1586 pertine-

67 1583 114 1610 bat
130 1583 247 1614 ambire,
268 1584 404 1620 prensare,
423 1594 454 1612 ac
473 1593 577 1621 rogare.
603 1583 707 1611 Ambire
723 1592 778 1611 erat
792 1584 913 1611 circuire.
942 1583 1086 1612 Ambibam
1100 1593 1190 1612 autem
1200 1584 1318 1619 petitores
1331 1595 1387 1613 non
1402 1585 1487 1613 tolum
1505 1589 1601 1616 Romae
1614 1592 1641 1617 δε

67 1620 95 1647 in
111 1620 184 1652 foro,
206 1620 248 1648 sed
262 1623 344 1649 etiam
359 1623 386 1648 in
400 1622 579 1649 conciliabulis
590 1622 685 1653 ltaliae,
704 1623 732 1649 in
745 1622 838 1658 quibus
851 1622 921 1650 cives
934 1622 1013 1649 multi
1026 1623 1180 1660 negotiandi
1194 1622 1267 1651 causa
1281 1623 1375 1651 versari
1389 1623 1515 1653 solebant.
1537 1629 1643 1660 Prenffi-

65 1668 93 1684 re
108 1668 163 1686 erat
178 1661 288 1696 rogandi
303 1659 376 1687 causa
389 1659 552 1697 fingulorum
566 1660 702 1687 dexteram
717 1659 889 1695 prehendere.
922 1664 1019 1697 Rogare
1033 1670 1088 1688 erat
1100 1661 1222 1698 precibus
1237 1670 1329 1698 petere
1343 1683 1350 1693 ,
1378 1671 1408 1689 ac
1421 1663 1581 1691 beneficium
1598 1674 1641 1692 re-

64 1695 182 1731 poscere.
222 1700 311 1734 Atque
325 1698 351 1724 in
366 1698 418 1725 hoc
431 1699 541 1734 quidem
553 1707 666 1725 munere
678 1697 872 1734 supplicationis
883 1718 890 1728 ‚
910 1697 953 1725 vel
966 1699 1173 1732 admonitionis,
1193 1708 1238 1727 aut
1250 1700 1298 1737 ipfi
1312 1699 1480 1727 versabantur
1491 1721 1498 1732 ,
1519 1710 1563 1729 aut
1576 1702 1643 1730 alios

44 1741 50 1745 ·
65 1734 151 1761 claros
166 1736 236 1762 viros
249 1735 420 1767 adhibebant,
441 1737 486 1772 qui
497 1736 568 1763 vices
581 1735 636 1763 suas
649 1735 817 1766 sustinerent,
838 1736 884 1772 qui
890 1733 1073 1774 fieffragatores
1085 1738 1150 1765 dieti
1162 1738 1229 1765 lunt.
1267 1739 1290 1766 li
1305 1747 1367 1765 cum
1382 1739 1494 1765 virtutes
1501 1748 1640 1773 petitorum

65 1772 166 1808 populo
179 1777 433 1801 conuncxnora'oant
443 1793 452 1804 ‚
471 1782 531 1801 tum
545 1774 673 1801 beneficia
685 1782 792 1810 accepta
804 1774 981 1810 exponebant.
1010 1776 1107 1804 Attulit
1120 1777 1202 1804 etiam
1217 1776 1314 1813 aliquid
1328 1776 1361 1803 ad
1376 1776 1442 1804 hanc
1455 1778 1588 1805 rationem
1602 1786 1641 1806 to-

60 1820 98 1847 ga
116 1811 222 1837 cnndtda
236 1831 243 1843 ‚
269 1820 321 1848 qua
339 1810 444 1847 sumpta
458 1810 580 1845 petitores
598 1812 723 1840 nundinis
742 1811 885 1839 veniebant
898 1812 926 1840 in
937 1811 1065 1840 comitium
1081 1816 1107 1843 ὃς
1120 1815 1148 1842 in
1162 1814 1230 1842 colle
1243 1814 1412 1842 comidebant
1425 1835 1432 1845 ‚
1460 1816 1531 1842 unde
1545 1825 1639 1844 coram

66 1848 170 1884 ponent
187 1849 219 1876 ab
232 1849 357 1876 univerfis
372 1849 464 1877 videri.
505 1851 604 1878 Narrat
616 1851 698 1878 etiam
712 1850 862 1876 Plutarchus
875 1851 902 1878 in
917 1852 1062 1879 Coriolano
1075 1872 1082 1883 ‚
1104 1852 1225 1886 petitores
1239 1861 1301 1879 cum
1316 1855 1342 1880 in
1357 1861 1483 1887 campum
1497 1852 1640 1882 destende-

65 1894 130 1913 runt
140 1906 148 1917 ,
176 1888 294 1914 tunicam
313 1887 457 1923 depoliiiss'e
468 1908 477 1920 ,
503 1886 557 1915 five
568 1908 577 1919 ,
603 1888 835 1924 quemadmodum
854 1889 928 1915 idem
949 1890 1034 1925 inquit
1047 1890 1074 1916 in
1084 1889 1276 1923 problemattbus
1290 1911 1296 1921 ‚
1325 1890 1491 1926 problemate
1503 1901 1549 1927 49.
1564 1902 1598 1920 ne
1610 1894 1639 1920 in

66 1923 122 1951 sinu
140 1926 282 1959 pecuniam
302 1931 402 1961 gestare
419 1926 523 1962 pollent
537 1945 544 1956 ,
570 1935 621 1962 qua
632 1925 759 1964 Juffrtgm
773 1935 895 1954 emerent
911 1936 918 1952 ε
938 1927 992 1953 five
1007 1934 1036 1953 ut
1047 1926 1171 1954 cicatrtces
1183 1926 1293 1954 adverso
1305 1928 1414 1965 pectore
1427 1937 1548 1965 acceptas
1561 1940 1639 1958 com-

68 1961 178 1988 modius
196 1962 299 1998 poffent
313 1963 449 1991 ostendere
462 1965 588 1992 omnious
602 1965 647 2000 qui
661 1971 832 1992 occurrerent
844 1975 849 1991 :
877 1972 921 1991 aut
934 1964 1165 2000 quemadmodum
1180 1964 1388 2000 prensationibus
1402 1968 1428 1993 ὅ(
1442 1965 1639 2003 supplicationi-

66 1999 129 2031 bus,
149 1999 184 2027 lic
196 2001 277 2027 etiarn
291 2000 380 2028 habitu
392 2004 421 2030 &
433 2003 571 2031 nutatione
585 2003 705 2038 corporis
717 2001 742 2028 se
752 2002 943 2036 deprimerent.
969 2002 1120 2038 Benignitas
1132 2004 1216 2038 polita
1231 2004 1257 2029 in
1271 2003 1438 2031 conciliando
1451 2006 1565 2042 populo,
1583 2016 1640 2034 con-

59 2036 152 2075 gtart't's
169 2038 275 2070 dandtt,
295 2039 460 2076 prandiisque
475 2041 635 2077 praebendis‚
655 2040 844 2076 gladiatoribus
863 2038 1030 2071 exhibendis,
1049 2040 1114 2067 locis
1131 2041 1268 2077 parandi5‚
1289 2042 1314 2069 ὃ(
1332 2043 1451 2077 pecuniis
1472 2044 1636 2080 dividendis,

66 2076 160 2112 quibus
174 2076 328 2103 muneribus
341 2078 433 2105 dandis
447 2079 525 2106 multi
540 2078 702 2114 patrimonia
716 2076 902 2112 consumpsisse
916 2077 1047 2113 leguntur.
1067 2079 1184 2105 Fuerunt
1196 2080 1278 2106 etiam
1293 2080 1339 2116 qui
1351 2080 1416 2107 locis
1426 2081 1563 2109 tribulibus
1571 2083 1636 2117 fiiis,

61 2123 129 2141 cum
143 2115 300 2151 gladiatores
315 2115 453 2147 darentur,
472 2117 499 2143 in
515 2116 575 2143 soro
590 2115 809 2146 commodandis,
828 2115 942 2151 gratiam
956 2124 1052 2142 eorum
1065 2116 1228 2152 qua-fierunt.
1249 2118 1404 2154 Qinetiam
1419 2120 1559 2154 postremis
1569 2130 1640 2150 tem-

65 2151 175 2189 poribus
194 2151 357 2179 consuetudo
376 2153 511 2185 obtinuit,
540 2163 569 2182 ut
587 2153 707 2190 praesemi
721 2163 825 2187 pecuum
837 2152 921 2187 populi
933 2151 1059 2191 fiaeffragm
1080 2162 1234 2182 emerentur
1245 2175 1252 2186 ‚
1280 2156 1312 2183 ad
1326 2164 1440 2193 eamque
1453 2166 1510 2185 rem
1526 2160 1639 2188 ministri

64 2189 252 2218 adhiberentur
264 2211 270 2222 ,
296 2199 457 2224 mterpretes.
474 2191 626 2230 sequestres,
653 2192 693 2224 Cy
712 2192 838 2225 divisores.
877 2194 1043 2225 Interp›etes‚
1063 2193 1128 2220 teste
1146 2194 1263 2227 atomo,
1283 2201 1358 2221 erant
1369 2214 1378 2225 ‚
1398 2204 1445 2231 per
1464 2206 1531 2233 quos
1549 2198 1638 2234 paetio

63 2227 239 2256 indicebatur.
271 2228 412 2266 sequestres
431 2231 500 2266 apud
517 2239 582 2266 quos
594 2231 706 2268 pecunia
719 2228 901 2266 deponebatur
916 2241 920 2256 :
947 2230 1073 2264 Dnnjbres
1086 2250 1093 2259 ,
1117 2231 1162 2267 qui
1176 2230 1282 2268 lingulis
1295 2242 1424 2262 nummos
1437 2233 1637 2267 distribuebant.

65 2269 131 2296 Haec
143 2269 235 2297 omnia
249 2266 348 2300 cicero,
367 2267 400 2296 de
412 2269 543 2306 petitione
557 2268 729 2302 Consulatus,
749 2271 776 2299 ὃς
789 2266 1021 2323 allbijffionffl’
1041 2268 1192 2299 Plutarchus
1208 2273 1235 2301 ὃς
1246 2270 1299 2306 alii.
1338 2292 1344 2297 .
1563 2300 1657 2349 '⁹327'

1545 2335 1547 2337 ,
1571 2338 1589 2349 ν
1654 2336 1664 2354 3

108 2303 269 2334 ‘What-tam
283 2306 408 2345 lumba«
417 2305 591 2344 sua-‘123³‘
609 2305 697 2325 meaa
715 2302 774 2319 aaz·
800 2308 829 2318 ..-
874 2309 915 2339 fl
936 2307 992 2326 ἄη,
1011 2307 1087 2344 ‘'2⁴’‘
1099 2302 1247 2342 fJffff'u
1269 2308 1307 2323 a«
1321 2299 1380 2323 bct
1392 2296 1536 2339 ‘yet-dtr*-

79 2337 175 2371 ,νῇ-φ
186 2341 250 2381 ‘'⁷2³“
269 2341 334 2390 ss*
359 2338 502 2370 -aeffi-q
513 2336 598 2384 ἰλα-
613 2326 878 2390 a.¹⁵j'‘}⁴5‘²t”'',‘·“'⁴
894 2337 972 2385 ,ἐχ-ὓ
989 2330 1567 2398 ,βκιέὲζῆκβῖὓαοωωῇῒφ

81 2362 255 2449 fixa-axj„
296 2374 508 2443 uma?
539 2413 543 2417 ῃ
580 2387 633 2402 Μ,
647 2387 762 2427 symm.
800 2374 1060 2420 adama-pstea
1137 2370 1258 2418 sas]
1302 2368 1450 2413 Vm

1672 2278 2023 2331 ,φφΐὲόοῖῃῌιῖωἰμν

1683 2326 1713 2352 b<
1726 2320 1854 2354 &wion
1874 2326 1927 2352 ιῖᾶ
1959 2321 2048 2353 mZZ

1516 2356 1801 2424 ‘’ffffli'*
1821 2363 2022 2402 astyaces
