2075 2734
429 107 480 140 σγα
728 99 1739 136 Axi-rQuti-ArumssomauinumLunx.

430 158 565 184 bonorum
581 154 768 190 possessionem
783 154 845 181 dare
860 153 959 190 potest,
982 153 1043 182 &in
1052 153 1239 189 possessionem
1258 153 1368 181 mittere
1379 173 1385 184 ,
1408 151 1513 189 pupillis
1524 161 1579 181 non
1593 152 1749 182 habentibus
1761 159 1864 185 tutores
1874 157 2014 191 constitue.¹

428 204 471 222 re»
491 192 770 230 judices-litigantibus
783 193 860 224 dare,
883 194 909 220 δι’.
923 191 976 220 alio
989 191 1069 219 libro:
1089 190 1245 228 Jurtfilictio
1259 192 1296 219 est
1311 192 1392 219 etiam
1405 191 1506 226 judices
1519 191 1601 219 dandi
1616 191 1735 223 licentia,
1757 193 1783 221 id
1797 195 1844 227 est,
1865 198 1910 234 qui
1920 198 1964 234 jus
1976 201 2014 229 di-

429 235 465 261 cit
479 239 573 270 praeter
588 231 719 267 superiora
732 231 790 266 jura
799 251 807 264 ‚
826 232 908 259 etiam
923 230 1026 266 judices
1042 230 1122 258 dandi
1135 231 1178 266 jus
1190 229 1278 258 habet.
1297 230 1369 258 Hinc
1382 229 1426 259 illa
1440 229 1499 258 sunt
1510 239 1594 267 prope
1604 229 1763 269 translatitia
1775 232 1801 260 in
1814 233 1906 264 edietis
1918 244 2014 273 praeto-

429 280 503 299 rum:
524 275 564 299 De
577 280 606 297 ea
620 279 646 296 re
655 269 783 303 judicium
798 269 860 297 dubo
872 279 878 297 :
896 272 936 296 De
947 279 977 296 ea
989 268 1152 304 rejudicium
1165 279 1212 296 non
1225 267 1296 296 dabo.

1102 341 1126 367 C
1154 350 1170 367 A
1197 350 1222 370 P.
1269 339 1346 366 XII.

531 399 583 431 De
599 398 698 443 injus
715 399 893 438 vocatione,
919 396 1066 431 ediffione
1080 397 1227 440 amonis,
1255 404 1302 431 (α’
1313 395 1513 446 postulatione
1528 397 1656 431 afffionis
1670 425 1680 441 ,
1701 398 1769 444 five
1777 397 1906 445 judicii.

429 464 523 524 DE
542 465 638 493 actione
653 467 715 504 quid
729 467 775 498 sit,
796 470 823 496 ἓξ
835 468 866 495 de
881 467 999 506 dwistone
1012 467 1139 495 actionum
1159 467 1284 496 haRenus
1300 467 1402 496 di&um
1418 467 1468 499 est,
1488 468 1605 505 sequitur
1617 489 1624 499 ,
1646 476 1675 498 ut
1689 469 1777 496 modus
1791 467 1917 496 actionum
1930 470 2011 508 expli.

518 512 606 537 cetur,
627 506 653 533 id
664 506 736 543 quod
752 506 805 534 hoc
819 507 904 543 capite
921 508 1058 535 faciemus.
1081 507 1138 545 Qi
1152 514 1243 543 petere
1258 507 1385 534 inanimo
1398 505 1523 538 habebat,
1533 515 1577 535 aut
1591 508 1639 535 alia
1651 508 1754 535 ratione
1768 508 1844 535 alicui
1859 507 1935 536 litem
1945 529 1951 539 ,
1961 511 2012 537 rive

429 540 564 569 afflonem
579 543 732 576 intendere,
753 552 896 582 antequam
910 546 937 573 in
949 546 991 581 jus
1004 546 1102 576 adiret,
1123 554 1170 580 per
1184 546 1286 573 amicos
1301 545 1369 572 intra
1381 545 1507 580 parietes,
1517 545 1579 582 quid
1595 545 1727 582 proficere
1740 547 1839 581 posset,
1861 547 2012 582 experieba-

429 585 486 610 tur,
507 580 581 607 Livio
594 581 674 614 lib.4.
689 585 715 611 &
727 582 841 610 Cicerone
853 593 903 621 pro
919 584 1063 620 QinCtio,
1085 585 1111 612 δε
1127 584 1250 611 Caeciuna
1264 583 1381 611 testibus.
1408 583 1462 610 Ubi
1477 592 1541 610 vero
1554 592 1594 610 res
1613 584 1649 611 ita
1662 586 1808 611 convenire
1822 593 1876 611 non
1892 592 2010 620 poterat,

431 623 489 644 tum
505 619 548 645 die
559 620 767 655 postulationum
781 622 880 657 petitor
892 631 954 649 eum
969 643 975 653 ‚
996 624 1067 649 unde
1080 621 1230 657 petebatur,
1244 623 1271 649 in
1283 621 1325 657 jus
1341 621 1460 649 vocabat.
1482 621 1543 648 Erat
1555 629 1644 648 autem
1659 619 1735 655 injus
1746 631 1844 650 vocare.
1864 624 1903 650 uti
1917 623 2012 650 Paulus

430 655 537 688 definit,
557 656 634 692 injus
648 658 796 693 experiundi
808 661 881 695 cariffi
894 670 987 687 vocare.
1027 662 1090 687 Nou
1101 669 1195 687 omnes
1209 667 1300 687 tamen
1313 660 1403 687 vocari
1414 667 1546 697 poterant.
1585 659 1688 686 Iudicat
1703 659 1753 687 hoc
1768 659 1877 687 edictum
1885 660 2014 695 putoris:

429 702 584 730 parentem,
606 705 750 733 patronum
760 718 766 729 ‚
786 706 942 734 patronam,
965 698 1060 726 liberos
1072 720 1078 730 ‚
1101 697 1272 734 parentesque
1285 699 1390 734 patroni
1403 718 1412 729 ,
1433 700 1459 725 ἃ
1474 707 1592 733 patronae
1607 717 1613 726 ,
1634 698 1660 725 in
1673 698 1715 734 jus
1728 698 1781 725 fine
1795 706 1858 725 meo
1871 700 2012 734 permiffu,

429 741 464 760 ne
478 733 535 770 quis
550 742 637 763 vocet.
675 736 760 764 Item:
782 734 955 773 magistrasw,
971 736 1098 773 pomifer,
1119 737 1184 764 dum
1202 735 1273 763 sacra
1287 736 1350 765 facit
1364 757 1370 766 ‚
1393 739 1418 764 ἃ
1432 738 1478 773 qui
1494 746 1606 763 uxorem
1622 736 1740 767 ducunt,
1759 736 1838 770 injus
1852 738 1941 764 vocari
1957 747 2013 765 non

429 772 545 806 poliunt.
585 772 691 802 Vacabat
702 781 791 802 autem
807 774 859 801 hoc
874 775 957 802 modo
972 785 976 801 t
999 776 1053 812 Qi
1066 775 1189 811 petebat,
1209 784 1271 802 eum
1286 795 1293 806 ,
1314 775 1385 801 unde
1398 775 1551 810 petebatur,
1572 774 1763 805 conveniebat,
1783 781 1880 811 atque,
1901 781 1930 803 ut
1945 773 1970 802 se
1985 775 2012 803 in
2046 803 2049 807 ,

428 810 470 844 jus
484 809 636 846 sequeretur
646 832 653 842 ,
673 812 846 840 admonebat.
866 813 891 839 Si
908 813 928 841 is
941 812 1014 850 sequi
1028 813 1164 846 noluisset,
1185 814 1290 845 eumjn
1301 812 1344 848 jus
1359 812 1562 844 educebat,five
1573 812 1696 850 rapiebat.
1718 815 1823 840 Verum
1838 822 1872 840 ne
1886 813 2013 848 injuriam

430 846 518 875 facere
534 849 667 876 videretur
679 870 686 881 ,
707 858 769 878 ante
782 850 899 887 aliquem
913 851 970 887 ejus
983 852 1094 879 aetionis
1106 851 1201 879 testem
1216 850 1328 879 faciebat
1341 872 1349 882 ‚
1369 859 1444 886 capta
1458 851 1556 878 scilicet
1575 851 1692 878 hominis
1709 850 1780 879 forte
1799 851 2013 885 intervenientis,

428 892 474 913 aut
486 885 618 921 praesentis
629 888 758 920 auricula,
778 889 888 926 rogabat
900 899 961 916 eum
977 889 1016 916 his
1029 890 1128 918 verbis:
1147 888 1235 916 licetne
1248 887 1369 925 antestari
1382 892 1393 915 ἓ
1414 889 1439 917 id
1455 890 1491 916 est
1503 909 1510 921 ,
1532 889 1674 925 possumne
1690 889 1783 916 testem
1797 888 1918 916 lamere?
1937 889 1956 917 fi
1972 899 2014 917 re-

429 923 576 959 spondebat
590 946 597 956 ‚
616 924 673 952 lise!
686 947 693 958 ,
715 934 773 954 tum
788 926 967 954 adversarium
982 928 1150 956 frustrantem
1160 948 1166 957 ,
1187 936 1231 955 aut
1246 927 1393 964 fugientem
1409 927 1508 964 injedta
1520 937 1602 955 manu
1615 928 1647 954 ad
1663 934 1807 963 praetorern
1821 927 1954 960 trahebat,
1975 935 2016 956 at-

429 970 482 998 que
498 961 550 990 hoc
564 963 675 993 faciebat
687 964 848 992 authoritate
858 973 889 992 xx
902 976 922 992 i.
935 965 1091 992 tabularum.
1114 966 1156 992 Sic
1163 966 1235 992 enim
1252 965 1278 992 in
1292 966 1321 992 iis
1337 973 1406 993 erat:
1427 965 1455 992 Si
1468 966 1507 993 vis
1519 965 1641 992 vomam
1651 967 1727 1002 suat,
1747 963 1934 1004 antestammor.
1956 967 2014 993 Ne-

429 1000 535 1027 minem
550 1010 615 1028 vero
629 1002 662 1029 de
676 1003 761 1030 domo
776 1003 818 1030 sua
831 1004 859 1030 in
872 1003 913 1037 jus
928 1013 1023 1031 vocare
1037 1003 1135 1031 licuisse
1149 1024 1155 1033 ‚
1175 1003 1273 1038 partim
1289 1012 1321 1031 ex
1333 1002 1448 1030 Cicerone
1461 1012 1511 1039 pro
1526 1004 1635 1035 Domo,
1657 1007 1683 1032 &
1699 1004 1726 1031 in
1737 1003 1892 1034 Vatinium,
1913 1004 2012 1039 partim

428 1047 461 1066 cx
478 1040 537 1073 Cnijo
551 1040 710 1068 Comment.
730 1042 758 1068 in
773 1049 804 1069 xx
816 1052 837 1068 ι.
851 1040 951 1069 tabulas
966 1041 992 1068 ff.
1006 1042 1038 1068 de
1048 1041 1076 1068 in
1084 1043 1129 1075 jus
1142 1041 1249 1068 vocando
1263 1040 1434 1077 cognoscitur
1447 1062 1453 1072 ‚
1477 1041 1551 1077 cujus
1566 1041 1645 1069 verba
1664 1042 1723 1069 sunt
1737 1052 1741 1068 z
1771 1041 1892 1078 Plerique
1904 1050 2013 1077 putave-

427 1084 505 1108 runt,
525 1077 627 1104 nullum
643 1078 676 1105 de
690 1079 775 1106 domo
789 1079 831 1106 sua
844 1080 870 1106 in
880 1079 922 1113 jus
935 1089 1031 1107 vocare
1043 1079 1123 1107 licere
1136 1099 1142 1110 ,
1170 1079 1232 1116 quia
1246 1079 1343 1107 domus
1357 1079 1515 1107 tutissimum
1533 1079 1628 1116 cuique
1642 1080 1777 1116 refugium
1792 1100 1799 1111 ,
1821 1089 1851 1107 ac
1862 1087 2016 1116 receptacu-
2046 1101 2050 1106 .

431 1113 488 1141 lum
502 1114 548 1146 fit,
570 1124 687 1152 eumque
701 1117 746 1153 qui
761 1118 824 1145 inde
837 1116 916 1151 injus
925 1127 1034 1149 vocaret,
1055 1119 1114 1146 vim
1127 1117 1212 1144 videri
1229 1117 1336 1145 inferre.
1372 1118 1470 1144 P.mlm
1482 1118 1562 1144 etiam
1578 1118 1626 1146 ait:
1647 1117 1757 1154 Etfi‘qui
1770 1118 1846 1145 domi
1859 1119 1910 1149 est,
1930 1119 2013 1146 inter-

428 1153 495 1180 dum
507 1154 588 1180 vocari
601 1152 683 1188 injus
696 1156 796 1191 potest,
818 1162 911 1184 tamen
927 1156 959 1184 de
974 1156 1061 1184 domo
1075 1156 1118 1184 sua
1128 1164 1212 1182 nemo
1225 1155 1326 1183 extrahi
1340 1154 1428 1183 debet.
1451 1156 1531 1191 Quod
1547 1155 1564 1182 fi
1577 1156 1634 1186 ille,
1649 1157 1693 1192 qui
1702 1155 1858 1187 vocabatur,
1878 1156 2012 1185 imbecilla

429 1190 580 1219 valetudine
593 1191 656 1220 essct
670 1213 679 1224 ,
701 1202 760 1221 turn
773 1194 819 1231 qui
834 1193 946 1222 vocabat
959 1215 967 1227 ‚
985 1195 1143 1229 jumentum
1158 1215 1166 1225 ,
1187 1203 1330 1222 currumve
1351 1194 1414 1221 dare
1427 1194 1572 1231 cogebatur
1589 1195 1603 1221 {1
1617 1194 1676 1231 lege
1689 1215 1696 1225 ,
1716 1194 1743 1221 in
1758 1193 1830 1222 hunc
1845 1195 1960 1222 modum
1975 1195 2015 1223 lo-
2036 1194 2039 1195 ⁷

428 1237 544 1265 quente:
569 1230 595 1257 Si
609 1232 685 1264 mjus
700 1240 788 1258 vocato
802 1231 912 1261 morbus
925 1232 1065 1271 aevitasque
1079 1233 1177 1261 vitium
1192 1232 1256 1260 effet
1268 1253 1276 1264 ‚
1298 1232 1344 1269 qui
1359 1233 1386 1260 in
1398 1232 1440 1268 jus
1455 1232 1563 1260 vocabit
1578 1254 1586 1265 ,
1604 1233 1761 1268 jumentum
1779 1232 1842 1260 dato
1855 1243 1861 1259 ε
1881 1232 1900 1260 fi
1914 1233 2014 1267 nollet,

427 1276 547 1295 arceram
565 1277 599 1294 ne
614 1268 731 1297 sternito.
752 1270 778 1297 Si
792 1280 855 1298 vero
867 1271 902 1301 is,
923 1271 994 1298 unde
1008 1271 1160 1308 petebatur,
1182 1270 1308 1302 latitaret,
1318 1271 1354 1298 ita
1369 1278 1399 1299 ut
1411 1270 1510 1299 nullam
1523 1270 1614 1298 secum
1625 1271 1722 1308 agendi
1735 1270 1893 1306 potestatem
1908 1271 2015 1304 faceret,

431 1315 494 1334 cum
510 1306 543 1334 de
557 1307 642 1334 domo
656 1307 758 1335 extrahi
775 1318 830 1336 non
844 1309 943 1346 posset,
963 1317 1031 1336 actor
1039 1309 1151 1344 praetoris
1163 1308 1289 1337 auxilium
1303 1309 1477 1345 implorabat,
1497 1317 1576 1346 atque
1588 1319 1663 1337 reum
1673 1309 1778 1336 evocari
1793 1309 1883 1337 edicto
1895 1308 2014 1345 jubebat.

428 1343 549 1371 Edictum
564 1354 629 1372 vero
641 1345 672 1373 ad
685 1344 762 1382 ipsius
774 1346 900 1375 latitantis
913 1348 980 1374 aedes
995 1347 1155 1384 ponebatur,
1176 1356 1238 1376 cum
1253 1346 1355 1375 solenni
1367 1348 1518 1376 vicinorum
1533 1348 1679 1376 testatione.
1720 1348 1746 1374 Si
1757 1354 1846 1374 autem
1861 1349 2014 1376 evocationi

427 1383 522 1419 primae
538 1392 593 1410 non
604 1391 709 1418 pareret
721 1405 728 1416 ,
748 1394 836 1421 neque
849 1385 1052 1418 defenderetur,
1067 1394 1157 1421 prator
1169 1385 1312 1413 secundam
1326 1387 1486 1418 decernens,
1507 1387 1533 1413 in
1547 1386 1616 1413 bona
1624 1384 1758 1420 petitorem
1770 1385 1908 1417 mittebat,
1929 1389 1955 1414 δε
1965 1386 2014 1414 nifi

429 1421 588 1448 evocatione
602 1422 693 1453 tertia,
714 1423 747 1449 ad
759 1422 796 1450 sui
812 1423 995 1451 defenfionem
1009 1425 1132 1455 venisset,
1153 1424 1237 1452 altero
1251 1425 1361 1452 decreto
1374 1424 1444 1452 bona
1460 1424 1516 1460 ejus
1533 1424 1657 1460 possideri
1669 1445 1678 1455 ‚
1698 1423 1825 1459 proscribi
1839 1444 1847 1454 ‚
1866 1433 1897 1450 ac
1907 1423 2015 1452 distrahi

426 1457 545 1494 jubebat.
576 1461 668 1495 ltaque
682 1460 709 1487 in
720 1461 809 1488 edicto
824 1462 951 1497 praetorio
966 1470 1037 1490 erat:
1059 1461 1292 1500 Quifraudatioms
1306 1463 1377 1496 muJit
1388 1462 1545 1490 latitaverit.
1559 1460 1588 1498 fi
1600 1461 1655 1488 boni
1668 1460 1721 1488 viri
1732 1460 1858 1487 arbitratu
1869 1471 1918 1487 non
1930 1462 2015 1498 defen-

427 1497 520 1526 demr,
539 1498 590 1529 ejus
605 1496 666 1523 bona
675 1497 807 1532 poffideri,
826 1498 951 1538 undique
957 1499 1054 1533 jubebo.
1082 1500 1210 1527 Venditio
1224 1507 1316 1527 tamen
1329 1509 1384 1527 non
1399 1500 1485 1527 statim
1501 1498 1592 1531 fiebat.
1612 1498 1655 1526 sed
1670 1499 1810 1535 postquam
1821 1497 1891 1526 bona
1904 1508 1951 1534 per
1966 1501 2015 1528 tri—

427 1534 503 1571 ginta
518 1534 574 1561 dies
587 1533 696 1570 pofl‘essa
711 1536 792 1563 esscnt
806 1557 813 1568 ‚
834 1544 893 1565 tum
909 1546 973 1564 vero
991 1538 1089 1566 iterum
1104 1557 1112 1567 ,
1133 1538 1179 1574 qui
1192 1536 1219 1564 se
1232 1539 1376 1565 creditores
1391 1537 1442 1564 esse
1463 1536 1587 1566 dicebant
1601 1558 1607 1569 ,
1628 1537 1647 1564 fi
1664 1537 1751 1573 plures
1765 1536 1847 1564 essent
1860 1557 1867 1567 ,
1883 1544 2013 1570 pretorem

428 1570 538 1600 adibant
550 1592 557 1604 ,
577 1570 758 1610 petebantque
774 1581 804 1601 ur
820 1573 867 1601 sibi
884 1574 977 1603 liceret
988 1585 1071 1603 uuum
1087 1585 1119 1603 ex
1133 1584 1246 1611 corpore
1256 1574 1302 1603 suo
1315 1576 1475 1603 constituere
1487 1597 1493 1607 ‚
1515 1576 1560 1612 qui
1575 1573 1705 1603 debitoris
1719 1573 1790 1601 bona
1802 1574 1919 1601 auctioni
1932 1574 2014 1612 suhji-

429 1618 511 1638 ceret.
551 1611 576 1638 Is
590 1610 746 1638 constitutus
760 1611 897 1639 dicebatur
911 1612 1028 1650 magister
1041 1634 1049 1647 ‚
1071 1615 1097 1642 &
1110 1614 1168 1649 post
1182 1613 1208 1640 id
1222 1615 1353 1649 temporis
1361 1613 1501 1647 proscriptio
1516 1611 1595 1641 fiebat
1609 1614 1637 1640 in
1651 1611 1832 1640 celeberrimis
1845 1613 1928 1640 totius
1940 1613 2013 1641 urbis

428 1648 493 1676 locis
507 1649 543 1676 ita
560 1659 567 1675 z
587 1648 632 1675 Ille
645 1646 752 1676 debitor
766 1651 853 1677 noster
867 1650 894 1678 in
908 1650 1041 1686 ejusmodi
1055 1651 1129 1679 causti
1148 1652 1185 1678 est
1197 1672 1206 1683 ,
1227 1658 1257 1678 ut
1271 1650 1341 1679 bona
1356 1652 1412 1686 ejus
1427 1652 1536 1679 divendi
1552 1650 1667 1679 debeant
1679 1672 1687 1683 ‚
1709 1660 1758 1678 nos
1772 1651 1916 1678 creditores
1933 1653 2014 1688 patri.

428 1688 556 1716 monium
573 1686 629 1722 ejus
642 1686 822 1715 distrahimus:
844 1689 994 1726 quicunque
1009 1698 1101 1717 emere
1113 1689 1199 1720 volet,
1220 1689 1318 1720 adesto.
1337 1690 1403 1717 Inde
1413 1690 1472 1726 post
1485 1689 1587 1727 aliquot
1601 1689 1656 1717 dies
1666 1710 1674 1720 ,
1695 1689 1805 1717 tertium
1818 1688 1876 1724 jam
1883 1698 2013 1723 pratorem

429 1725 537 1754 adibant
549 1746 558 1757 ,
580 1723 740 1761 postulantes
753 1745 759 1754 .
780 1733 810 1754 ut
822 1725 869 1753 sibi
884 1726 976 1755 liceret
994 1727 1082 1765 legem
1099 1726 1235 1755 bonorum
1256 1729 1429 1756 venditorum
1447 1727 1534 1756 facere
1549 1749 1555 1760 ‚
1583 1735 1662 1764 atque
1675 1728 1737 1754 inde
1750 1728 1786 1755 ita
1800 1725 2011 1764 proscribebant:

431 1767 496 1793 Hoec
510 1764 662 1800 quicunque
673 1764 785 1795 emerit,
807 1764 984 1792 creditoribus
999 1767 1025 1793 in
1040 1766 1182 1793 dimidiam
1195 1773 1301 1801 partem
1315 1776 1425 1795 eorum,
1447 1775 1503 1802 quae
1515 1767 1573 1802 ipfis
1584 1765 1727 1796 debentur,
1748 1763 1907 1801 respondere
1921 1765 2012 1800 debet,

429 1803 464 1831 fic
477 1810 506 1830 ut
522 1802 564 1829 cui
578 1801 649 1828 aurei
662 1809 772 1829 centum
788 1800 934 1836 debentur,
955 1804 1065 1839 accipiat
1077 1804 1277 1841 quinquaginta.
1317 1804 1352 1832 Et
1360 1811 1435 1831 certo
1446 1811 1571 1839 tempore
1586 1802 1671 1839 elapso
1685 1805 1802 1838 emptori
1814 1804 2014 1838 patrimonium

428 1839 608 1869 addicebatur.
641 1839 675 1866 Et
689 1838 833 1867 vocabatur
847 1841 882 1874 is,
903 1841 950 1878 qui
963 1849 1078 1873 emerat,
1098 1841 1216 1868 bonorum
1228 1849 1339 1875 emptor,
1360 1841 1529 1878 actionesque
1539 1850 1634 1869 omnes
1646 1840 1660 1867 a
1673 1838 1811 1874 debitore,
1832 1841 1859 1868 in
1875 1839 2014 1871 honorum

431 1887 586 1917 emptorem
599 1876 839 1908 transferebantur.
860 1881 886 1907 ἃ
900 1878 1109 1907 conveniebatur
1122 1889 1177 1907 non
1191 1878 1280 1911 aliter,
1301 1889 1331 1907 ac
1346 1878 1481 1907 bonorum
1498 1880 1623 1917 poileffor
1633 1898 1640 1909 ‚
1660 1878 1791 1915 siquidem
1804 1885 1917 1916 uterque
1922 1881 2014 1916 succes:

424 1919 467 1952 sor
476 1916 603 1952 pratorius
616 1923 680 1943 erat.
709 1915 853 1950 Theophilus
866 1915 937 1944 libro
953 1919 1034 1946 tertio
1048 1918 1208 1945 Institution.
1229 1916 1314 1944 Cicero
1327 1927 1377 1954 pro
1392 1919 1531 1956 QinitiO.
1557 1919 1645 1954 Atque
1657 1916 1714 1944 haec
1726 1916 1836 1953 quidem
1851 1917 1879 1944 in
1893 1928 1925 1950 >u
1935 1929 1958 1946 ι.
1971 1927 2015 1946 ta-

430 1955 501 1983 buln.
523 1955 649 1983 Edictum
665 1954 727 1981 inde
739 1956 858 1991 praetoris
870 1954 958 1992 Iegem
974 1955 1117 1983 correxisse
1131 1956 1250 1987 videtur,
1272 1958 1297 1984 δε
1312 1957 1420 1987 cavisse,
1441 1964 1471 1984 ut
1485 1956 1568 1993 siquis
1581 1954 1608 1982 in
1615 1956 1662 1989 jus
1675 1954 1747 1992 sequi
1761 1955 1860 1987 nollet,
1880 1954 2014 1986 satisdaret
2030 1961 2032 1965 '

430 1993 504 2026 fore,
523 2001 554 2022 ut
573 1993 599 2021 se
617 1993 645 2020 in
662 1993 721 2029 jure
741 1993 850 2021 fisteret.
875 1993 955 2021 Unde
973 1995 1010 2022 est
1029 1993 1120 2023 titulus
1139 1994 1167 2022 in
1188 1994 1326 2022 Pandeffis
1346 2004 1378 2023 ex
1398 1994 1487 2022 edicto
1505 1994 1648 2030 sumptusz
1668 1993 1695 2020 in
1707 1995 1753 2028 jus
1771 2001 1872 2021 vocatus
1890 2002 1938 2022 aut
1955 2003 2025 2036 ear..¹

428 2040 474 2058 aut
486 2031 602 2067 fiztffdet.
2022 2037 2024 2059 ’-

472 2069 526 2097 Ubi
540 2081 604 2098 vero
617 2077 726 2100 vocatus
739 2069 818 2104 injus
834 2077 954 2103 venerat,
974 2078 1042 2098 actor
1055 2072 1197 2108 impetrata
1210 2070 1337 2109 loquendi
1349 2072 1479 2108 potestate
1494 2070 1630 2098 actionem
1645 2070 1669 2097 ei
1682 2067 1804 2099 dicebat,
1823 2079 1874 2107 qua
1888 2070 2013 2100 adversus
2031 2103 2033 2107 Α
2059 2107 2061 2112 Ι

433 2116 496 2135 eum
512 2109 550 2136 uti
562 2109 678 2137 volebat.
698 2109 866 2145 Eragautem
882 2110 917 2137 ita
931 2118 1117 2146 comparatum
1129 2130 1138 2142 ,
1159 2118 1189 2138 ut
1200 2111 1245 2146 qui
1259 2118 1377 2146 peteret,
1399 2119 1453 2137 non
1465 2119 1559 2141 unam,
1581 2108 1624 2136 fied
1640 2107 1735 2148 multas
1751 2108 1869 2136 actiones
1883 2109 1992 2138 haberet
2002 2115 2032 2143 ,ς

433 2146 460 2173 id
473 2147 524 2176 est,
546 2147 635 2175 multis
650 2147 739 2175 modis
751 2147 794 2182 jus
805 2146 881 2175 suum
896 2147 1015 2184 perstqui
1028 2148 1126 2184 posset:
1148 2156 1176 2176 ut
1190 2148 1269 2175 docet
1285 2147 1368 2175 Cicero
1381 2158 1431 2184 pro
1449 2148 1585 2178 Caecinna,
1606 2145 1752 2180 Theophtlus
1764 2145 1834 2174 libro
1846 2156 1875 2183 4.
1887 2148 1970 2176 Instit.
1985 2136 2029 2181 &i
2060 2184 2062 2186 v

433 2181 598 2221 Justmianus
612 2186 644 2212 de
658 2183 768 2212 furibus.
808 2186 848 2214 Ex
866 2185 914 2214 illis
933 2186 1013 2223 igitur
1025 2186 1101 2213 actor
1112 2195 1194 2214 unam
1211 2186 1326 2222 aliquam
1341 2183 1455 2224 eligebat
1468 2207 1476 2218 ‚
1498 2194 1612 2222 eamque
1630 2184 1657 2212 in
1671 2185 1718 2219 jus
1736 2192 1832 2214 vocato
1846 2195 1895 2214 reo
1909 2185 2027 2230 edebat-j

434 2222 544 2249 Plautus
559 2221 644 2253 Persa,
665 2221 785 2256 Ue'pianus
789 2222 825 2262 ff
839 2224 871 2250 de
883 2224 983 2251 edendo.
1002 2222 1088 2252 Cicero
1101 2225 1127 2252 in
1140 2233 1167 2259 4.
1182 2225 1304 2252 Verrina-

475 2260 551 2287 Edita
566 2260 627 2287 inde
641 2260 759 2291 aCtione,
781 2270 831 2298 qua
845 2261 936 2290 usurus
949 2269 1019 2291 erat.
1038 2261 1259 2300 aetorpostulabat
1274 2271 1333 2290 eam
1345 2261 1359 2290 εὶ
1371 2270 1498 2298 praetore,
1510 2261 1536 2290 id
1545 2261 1596 2294 est,
1611 2259 1736 2298 petebat,
1749 2268 1780 2289 ut
1792 2260 1839 2290 fibi
1851 2262 1878 2291 in
1891 2262 2013 2291 adversa-

433 2297 745 2328 riumliceretintendere
760 2298 893 2336 (postulare
907 2302 980 2329 enim
989 2299 1094 2335 Ubn'ano
1103 2301 1129 2328 ff.
1138 2302 1172 2328 de
1186 2301 1304 2333 edendo,
1326 2301 1447 2333 authore,
1459 2301 1495 2329 est
1504 2299 1662 2328 desiderium
1673 2299 1749 2327 suum
1762 2300 1789 2327 in
1795 2300 1928 2337 jureapud
1936 2309 2012 2335 eum,

432 2339 477 2375 qui
488 2335 665 2373 jurisdiCtioni
676 2336 765 2371 praeest
779 2355 788 2368 ‚
807 2346 942 2373 exponere
955 2359 962 2370 ,
984 2339 1025 2367 vel
1033 2339 1139 2367 alterius
1153 2339 1282 2368 desiderio
1293 2340 1504 2374 contradicere.)
1525 2341 1592 2365 Reus
1604 2346 1697 2366 contra
1713 2337 1726 2365 a
1739 2345 1853 2374 praetore
1863 2338 2012 2374 postulabat

431 2377 601 2406 advocatum.
635 2374 695 2402 Fuit
709 2380 799 2402 autem
813 2375 948 2405 advo-'atus
964 2377 1028 2406 teste
1040 2376 1162 2413 Afionio,
1175 2377 1373 2414 jurr'sc'orgfidms,
1392 2377 1437 2418 qui
1443 2386 1549 2413 patrono
1553 2378 1600 2412 jus
1602 2374 1738 2414 ficggeffir,
1756 2383 1803 2403 aut
1811 2377 2013 2412 reopraeftmiam

1938 2415 2014 2450 fitam
2044 2431 2053 2499 ἴ
