2075 2734
370 132 424 165 493
658 117 1675 155 AueruirnrumRoMANAnur1L13.V11,

993 195 1017 222 C
1049 204 1065 222 A
1099 204 1113 221 P
1148 203 1166 221 υ
1201 201 1218 219 τ
1276 194 1289 220 Ι
1305 195 1340 221 X.

1041 255 1092 287 De
1109 251 1295 297 Considtbus.

421 344 562 374 upremum
584 335 654 361 inter
667 334 781 371 reliquos
796 332 927 368 respublica
942 337 1057 362 Romam.
1072 333 1237 369 magistratus
1253 332 1402 360 ordinarios
1416 331 1505 360 locum
1521 353 1528 364 ,
1554 341 1699 369 rerumque
1714 331 1855 369 imperium
1867 353 1875 364 ,
1899 335 1957 370 post

377 339 416 400 S
440 377 528 411 Reges
542 394 548 405 ‚
576 371 691 403 Conficles
709 372 865 400 obtinebant
880 383 885 400 :
912 373 945 400 de
960 381 1075 409 quorum
1092 371 1256 398 institutione
1267 391 1274 402 ,
1293 371 1439 408 dignitate,
1462 373 1488 399 ἃ
1504 371 1648 407 potestate,
1667 370 1711 398 hic
1725 370 1801 397 nobis
1815 372 1959 399 dicendum

378 414 422 440 est.
456 413 596 448 Postquam
613 411 720 445 Regum
736 411 880 446 imperium
896 420 941 447 per
956 415 985 438 L.
1000 407 1084 447 szii
1100 407 1195 439 Bruti,
1216 411 1242 436 ἃ
1259 410 1391 436 lociorum
1403 409 1481 445 iplius
1494 408 1630 448 Tarquinii
1645 408 1768 436 Collatum·
1781 430 1788 440 ‚
1811 409 1895 445 Spurii
1908 414 1959 436 Lu-

378 450 461 479 cretii,
482 458 561 486 atque
577 447 692 479 Valerii,
714 449 758 485 qui
774 448 892 482 Poplscola
905 450 993 486 postea
1007 449 1093 476 dietus
1107 447 1159 477 est,
1178 455 1287 482 operam
1297 468 1304 478 ,
1326 448 1415 474 Roma
1423 448 1546 478 excussit,
1568 457 1596 475 re
1606 457 1666 475 cum
1676 446 1806 484 patribus,
1828 446 1961 475 universo-

380 498 431 525 que
447 488 547 524 populo
559 486 715 517 deliberata,
736 485 821 513 vitum
837 486 886 514 fuit
901 487 1152 515 commodiffimum
1169 484 1241 516 fore,
1260 494 1289 513 ut
1303 485 1441 521 deinceps,
1462 485 1582 521 suprema
1592 486 1705 522 potestus
1716 485 1818 512 duobus
1833 487 1962 514 commit-

381 535 501 557 teretur,
521 526 602 562 idque
618 525 650 551 ad
664 524 724 551 anni
739 523 911 552 solummodo
925 524 1036 561 spatium
1051 535 1058 551 ι
1077 533 1142 560 quos
1155 530 1213 550 tum
1231 524 1341 559 quidem
1351 532 1463 557 praetores
1476 524 1552 557 (cum
1566 524 1688 551 nondum
1702 530 1848 558 praetormm
1861 533 1963 552 nomen

383 565 545 601 peculiarem
561 562 668 590 haberet
684 563 868 599 magistratum
883 563 896 590 a
910 562 1052 597 Consislrbus
1068 561 1235 595 dillinfiturn)
1251 563 1323 597 quod
1337 566 1447 588 lummes
1461 571 1550 589 rerum
1565 562 1717 598 precedent,
1739 561 1779 587 vel
1794 562 1863 598 quod
1879 571 1962 599 popu.

383 604 411 630 lo
425 604 547 640 praeirent
561 622 568 633 ,
589 600 690 638 aliquot
703 601 776 627 annis
789 601 965 636 interpositis,
977 601 1077 635 judices
1090 601 1104 627 a
1117 599 1274 635 judicando:
1294 609 1324 627 ac
1338 600 1448 628 tandem
1462 600 1590 633 Conjisles,
1610 600 1623 627 ἐι
1640 598 1815 630 consulendo,
1836 601 1877 627 vel
1891 600 1964 637 quod

385 641 451 668 alios
464 638 630 668 consulerent
644 660 650 669 ,
672 639 713 665 vel
727 638 799 675 quod
812 638 844 666 ab
858 638 913 667 aliis
925 639 1135 669 consulerentur,
1156 637 1299 674 appellatos
1310 637 1376 669 effe,
1396 647 1429 666 ex
1443 641 1519 664 Sexto
1535 640 1661 672 Pompejo‚
1681 635 1818 673 Justmiam
1832 640 1966 672 Imperato-

384 678 422 705 νίς
436 677 573 709 Novellis,
596 677 654 712 [24.
665 675 705 709 ἐς
719 677 775 712 25.]
795 675 908 704 Cicerone
924 677 980 712 [lib.
996 688 1020 715 3.
1035 677 1066 704 de
1078 675 1163 714 legib]
1186 678 1213 704 ἃ,
1228 679 1349 703 Varrone
1369 675 1484 715 discitur.
1511 675 1604 710 [Varro
1617 675 1678 703 libro
1689 685 1716 715 4.
1728 675 1758 700 de
1773 675 1834 712 ling.
1848 680 1907 715 Llat.
1922 676 1964 708 ῥεῖ’

382 716 426 745 lib.
442 727 466 744 2.
480 717 511 743 de
525 714 582 743 vita
595 714 679 749 populi
698 717 804 741 Roman.
824 716 892 749 apud
910 715 1033 743 Nonium.
1064 714 1128 742 the
1149 714 1229 741 etiam
1248 713 1389 742 Antonium
1403 718 1523 741 Commm
1536 713 1578 741 lib.
1590 724 1615 742 2.
1634 713 1767 740 lemanum
1779 714 1966 748 Jueftctvaram

380 754 449 790 jura<
463 753 546 781 civilia
559 763 608 788 cap.
625 753 678 789 19]
707 753 793 780 Graeci
814 762 859 780 eos
878 758 978 782 ὑωίως
998 753 1128 790 appellare
1143 752 1292 780 maluerunt
1306 773 1313 783 ‚
1340 762 1421 790 quam
1442 757 1560 786 συμξέκες
1571 776 1578 786 ,
1605 752 1658 780 five
1676 755 1790 785 ιωεεξιέλκς
1803 762 1816 778 a
1832 752 1967 788 potestatis

387 792 573 829 praecellentia.
612 792 649 818 Hi
670 790 826 818 creabantur
844 790 948 818 commis
968 790 1116 819 amariam
1130 811 1136 821 ,
1164 798 1193 818 ut
1213 791 1371 827 praecedemi
1391 790 1459 818 libro
1478 790 1610 818 ostensum
1631 791 1682 818 est..
1718 789 1868 825 Legitimus
1887 799 1970 817 annus

386 831 444 867 ejus
465 829 627 867 magstratus
648 828 768 864 capiendi
784 828 833 856 tuit
848 830 1062 865 quadragesimus
1078 829 1170 857 tertius
1184 829 1275 856 aetatis.
1316 830 1429 856 Nemini
1444 829 1516 855 enim
1531 828 1681 863 Confidatm
1694 828 1850 864 regulariter
1864 828 1970 855 contin-

389 868 469 906 gebat
482 889 489 900 ,
513 867 560 894 nifi
573 866 604 893 ad
621 867 768 893 minimum
784 875 866 894 annos
880 868 962 894 aetatis
975 878 1023 895 xm
1035 878 1055 895 1.
1069 867 1222 903 explevisset
1237 888 1244 898 ‚
1272 869 1297 895 ἃ
1312 868 1451 904 prudentia
1463 874 1542 903 atque
1556 868 1652 895 virtute
1665 866 1786 902 singulari
1800 865 1971 902 conspicuus,

391 906 525 943 gradatim
551 914 598 940 per
624 903 770 942 questurum
785 924 792 935 ‚
816 904 961 931 adrlnaxem
976 924 984 934 ‚
1010 915 1039 932 ac
1054 914 1192 939 prastaam
1211 913 1287 932 antea
1305 906 1404 942 gestam
1420 925 1427 936 ,
1452 904 1496 931 fibi
1518 906 1619 933 aditum
1640 905 1739 932 feciflet
1758 904 1789 931 ad
1809 904 1971 939 petitionem

389 944 469 980 hujus
484 943 615 970 muneris:
637 944 701 969 ldeo
716 941 819 978 prorsus
830 942 974 977 peculiare,
996 945 1022 970 ὅ(
1038 943 1276 970 extraordinarium
1292 944 1420 979 quiddam
1435 943 1500 973 fuit,
1522 945 1628 980 quando
1637 942 1777 970 honoris&
1788 941 1973 978 praemiicaufa

390 982 483 1018 aliquis
499 987 560 1008 ante
574 980 727 1016 legitimum
742 987 849 1015 tempus
863 979 946 1006 faetus
961 981 996 1006 est
1010 981 1113 1014 Confid,
1133 981 1205 1016 quod
1222 985 1306 1007 Marco
1322 981 1417 1008 Valeria
1431 981 1567 1013 Corvino,
1585 982 1644 1009 Tito
1655 978 1794 1008 flaminio,
1808 978 1927 1013 Scipioni,
1943 982 1972 1009 &

391 1021 504 1054 Pompejo
526 1019 648 1054 contigit.
686 1020 746 1044 Nec
766 1017 862 1044 licebat
882 1016 1004 1052 abftntcm
1024 1017 1141 1054 aliquem
1155 1018 1285 1053 Consulem
1299 1022 1390 1046 creari,
1421 1020 1477 1054 Qu
1490 1020 1633 1047 cand1datos
1645 1019 1671 1046 se
1684 1017 1878 1054 profitebantur
1891 1038 1898 1050 ,
1927 1027 1973 1046 eos

391 1057 534 1094 oportebat
552 1057 603 1084 esse
618 1054 765 1092 praescnteS.
806 1055 880 1082 Inter
892 1056 1045 1090 confiaelatum
1060 1057 1140 1083 etiam
1156 1077 1163 1088 ‚
1184 1058 1209 1084 ὅ(
1218 1064 1354 1091 praeturam
1369 1057 1401 1084 ad
1415 1050 1560 1084 ¹minimum
1576 1055 1756 1086 intercedebat
1770 1055 1883 1092 spatium
1899 1056 1973 1085 bien-

392 1097 442 1124 nii:
466 1095 540 1122 ficuti
556 1096 582 1123 &
597 1094 754 1121 tantundem
771 1094 902 1129 temporis
916 1094 985 1122 inter
997 1094 1157 1121 adtlttatem.
1179 1097 1203 1122 ἃ
1215 1102 1351 1128 praeturam
1364 1095 1588 1130 interponebatur.
1630 1097 1689 1123 Nec
1703 1094 1740 1121 fas
1756 1102 1810 1121 erat
1825 1095 1913 1122 denuo
1927 1104 1974 1123 an-

393 1144 430 1161 no
451 1133 577 1170 sequente
599 1131 730 1166 Confidem
750 1130 808 1158 fieri
822 1151 830 1161 ‚
857 1132 902 1167 qui
919 1141 989 1159 anno
1002 1132 1128 1168 proximo
1142 1132 1190 1160 hac
1204 1133 1334 1169 dignitate
1348 1133 1432 1160 fuerat
1445 1133 1606 1169 pertundtus.
1646 1135 1807 1169 Qanquam
1822 1134 1848 1160 in
1863 1133 1975 1170 persona

393 1171 490 1203 Marii,
512 1177 621 1206 propter
635 1170 738 1196 molem
754 1178 786 1196 ex
801 1168 870 1196 bello
886 1170 1028 1197 Cimbrico
1041 1171 1210 1198 imminentis
1224 1171 1333 1206 periculi
1348 1170 1399 1198 hoc
1415 1181 1468 1198 non
1486 1171 1534 1199 fuit
1549 1171 1727 1199 observatum.
1746 1171 1781 1198 Et
1794 1170 1849 1198 haec
1862 1172 1973 1209 quidem

394 1210 427 1237 ad
441 1209 512 1236 hunc
529 1209 642 1235 modum
659 1207 683 1234 sc
697 1207 845 1234 habuerunt
856 1227 862 1238 ‚
884 1208 947 1235 dum
962 1207 1107 1244 respublica
1122 1208 1172 1235 fuit
1185 1208 1221 1235 sui
1234 1209 1309 1243 juris.
1332 1210 1405 1235 Nam
1417 1209 1450 1236 de
1460 1219 1492 1236 eo
1505 1217 1628 1245 tempore
1637 1231 1643 1240 ,
1657 1219 1711 1246 quo
1725 1209 1807 1244 coepit
1815 1209 1972 1243 Caestzrisim—

389 1257 504 1282 perram,
526 1245 569 1272 hic
582 1254 637 1272 non
652 1245 797 1282 loquunur.
823 1249 889 1272 Raro
904 1255 1009 1283 quoque
1022 1245 1077 1273 hcec
1092 1246 1206 1283 dignitas
1217 1245 1267 1276 bts,
1287 1252 1332 1273 aut
1346 1254 1385 1273 ter
1399 1248 1426 1274 in
1444 1255 1525 1274 unum
1541 1248 1696 1284 quempiam
1712 1246 1806 1274 collata
1819 1248 1863 1274 est.
1883 1249 1975 1284 Qan—

394 1294 476 1321 quam
500 1286 527 1312 in
543 1282 672 1320 quosdam
689 1283 769 1311 toties
782 1282 875 1310 collata
889 1283 963 1311 fuiss'e
977 1285 1081 1322 legitur.
1114 1288 1209 1311 Rarrus
1222 1293 1287 1311 vero
1301 1293 1394 1322 quater
1405 1304 1412 1314 ,
1439 1293 1484 1313 aut
1497 1284 1641 1324 qumquies.
1676 1284 1760 1312 Unius
1778 1284 1861 1311 Marii
1873 1284 1925 1313 hoc
1939 1287 1975 1313 est

393 1324 535 1360 proprium
549 1341 556 1352 ‚
582 1321 653 1358 quod
667 1320 758 1355 septies
779 1320 953 1350 Consulatum
969 1323 1053 1359 gestit.
1093 1323 1175 1350 Initio
1189 1323 1270 1351 cuam
1284 1322 1339 1352 haec
1354 1323 1468 1360 dignitas
1482 1325 1586 1351 nunniti
1602 1325 1629 1351 in
1638 1322 1758 1357 patricios
1772 1322 1974 1352 conferebazur:

396 1370 454 1397 quae
476 1361 564 1397 postea
583 1369 645 1387 cum
662 1357 764 1393 plebzy‘bs
777 1368 884 1396 quoque
899 1360 1096 1388 communicari
1109 1362 1191 1396 coepit
1204 1380 1212 1392 ,
1236 1369 1306 1387 anno
1322 1361 1353 1388 ab
1368 1371 1396 1389 υ.
1408 1371 1430 1389 c.
1443 1371 1572 1390 cccxxcvr
1583 1372 1604 1390 1.
1630 1365 1709 1389 Anno
1723 1367 1813 1388 autem
1828 1371 1924 1389 nxxc1.
1942 1371 1975 1389 eo

398 1408 439 1425 res
453 1398 567 1426 deduCta
580 1397 676 1435 legitur
690 1398 772 1431 (cum
788 1397 813 1423 id
829 1398 920 1426 multis
935 1399 1009 1426 annis
1020 1406 1081 1425 ante
1094 1419 1101 1429 ,
1121 1398 1172 1435 lege
1185 1397 1281 1426 Licinia
1295 1398 1381 1427 fuiss‘et
1395 1399 1555 1434 obtentum)
1574 1408 1602 1427 ut
1615 1408 1674 1427 tum
1689 1401 1809 1435 primum
1823 1410 1895 1427 novo
1910 1409 1975 1436 quo—

395 1437 459 1464 dam
481 1435 587 1472 prorsus
605 1434 732 1470 exemplo
746 1434 829 1461 ambo
843 1436 957 1471 Consules
970 1436 1059 1470 pleb-est
1073 1436 1243 1473 eligerentur.
1284 1438 1335 1464 Sed
1348 1445 1439 1465 tamen
1453 1438 1625 1465 nihilominus
1638 1437 1799 1474 plerumque
1812 1439 1900 1465 evenit
1913 1458 1921 1470 ,
1946 1445 1976 1466 ut

394 1475 568 1511 jungerentur
578 1473 702 1506 patriam
717 1475 742 1501 &
751 1471 867 1506 plebejus.

437 1510 544 1547 Infignm
564 1511 698 1544 Confidam
716 1510 822 1538 fuerunt
842 1511 903 1539 sella
916 1510 1010 1539 curulis
1024 1512 1095 1548 regia
1110 1533 1116 1543 ‚
1143 1514 1168 1540 ἃ
1184 1511 1297 1538 eburnea
1312 1532 1318 1543 ‚
1344 1512 1371 1539 in
1387 1521 1438 1549 qua
1451 1513 1491 1547 jus
1507 1513 1642 1541 dicebatur
1656 1533 1663 1544 ‚
1687 1511 1773 1540 trabea
1788 1512 1831 1541 seu
1845 1522 1977 1550 purpurea

397 1556 525 1585 praetexta
538 1568 544 1578 ‚
571 1548 667 1574 Ιιύἷοιέπ
686 1547 856 1583 praeferentes
876 1550 934 1586 iptis
954 1549 1043 1577 fasces-
1084 1551 1142 1577 Fuit
1164 1552 1189 1577 ἃ
1204 1549 1256 1576 hoc
1270 1550 1392 1578 maximae
1408 1551 1544 1587 dignitatis
1557 1572 1564 1583 ,
1591 1552 1662 1587 quod
1678 1551 1719 1578 hic
1734 1552 1900 1588 magistratus
1913 1552 1977 1579 esset

396 1592 535 1621 ἐπώωμςῇι,
558 1585 610 1613 hoc
623 1587 674 1617 est,
694 1594 748 1622 quo
767 1595 898 1614 annorum
914 1587 1031 1615 solebant
1045 1588 1200 1615 differentia:
1213 1589 1300 1614 notari
1315 1598 1319 1614 2
1341 1597 1396 1615 non
1409 1588 1499 1620 aliter,
1520 1599 1601 1626 quam
1615 1589 1684 1625 apud
1698 1597 1746 1615 nos
1765 1588 1918 1625 Chrtstr'anos
1931 1598 1976 1616 an-

399 1634 499 1652 norum
513 1623 589 1651 leries
604 1626 616 1651 a
630 1624 768 1651 nativitate
780 1625 919 1652 salvatoris
932 1626 1015 1653 nollri
1028 1625 1149 1653 sumitur.

439 1665 574 1690 Caeterum
595 1671 652 1698 quae
665 1660 770 1695 poteslas
789 1664 922 1697 Confidam
942 1663 1021 1692 fuerit
1034 1684 1041 1695 ‚
1062 1671 1121 1690 tum
1143 1661 1222 1690 multi
1242 1661 1297 1695 alii,
1317 1670 1377 1690 tum
1398 1673 1463 1691 vero
1477 1663 1588 1698 Polybius
1601 1662 1670 1692 libro
1683 1666 1708 1691 6.
1729 1665 1821 1692 exacte
1840 1663 1980 1693 describit:

400 1701 475 1737 cujus
491 1700 547 1728 hxc
561 1699 620 1727 sunt
634 1709 666 1726 ex
681 1698 799 1726 versione
813 1701 950 1740 Wolsgangi
964 1700 1073 1737 Musculi
1087 1713 1095 1726 :
1123 1700 1249 1728 Consules
1263 1721 1270 1732 ,
1298 1701 1384 1738 inquit
1396 1722 1403 1733 ‚
1427 1710 1571 1739 antequam
1585 1704 1712 1730 exercitus
1729 1703 1873 1731 educantur
1883 1723 1891 1736 ,
1920 1705 1977 1731 Ro-

400 1748 452 1766 mae
467 1738 604 1774 praesentes
619 1737 743 1764 omnium
757 1737 924 1773 publicarum
937 1740 1074 1767 aetionum
1088 1739 1216 1775 potestate
1230 1739 1385 1776 funguntur.
1416 1742 1466 1768 His
1480 1740 1574 1777 reliqui
1588 1742 1719 1776 principes
1733 1742 1820 1768 cuncti
1834 1740 1976 1776 tubjiciun-

399 1784 443 1804 tur
454 1797 461 1808 ,
483 1779 509 1805 ὃς
524 1776 653 1804 obediunt
666 1796 673 1807 ‚
692 1782 786 1812 praeter
798 1777 908 1804 tribunos
922 1778 1007 1812 plebis.
1047 1779 1081 1805 Et
1095 1778 1122 1804 in
1136 1782 1255 1805 leuatum
1274 1779 1311 1805 illi
1325 1778 1470 1814 legationes
1485 1779 1584 1806 ducunt
1594 1798 1602 1811 ,
1623 1781 1650 1806 ἃ
1661 1780 1782 1814 urgentia
1796 1779 1901 1806 consilia
1913 1789 1977 1815 pro-

398 1815 488 1843 ferunt
502 1835 510 1846 ,
538 1824 568 1842 ac
592 1821 681 1841 totum
703 1814 855 1842 edistorum
876 1816 947 1849 (five
959 1815 1243 1850 finatustonficltorum)
1269 1818 1409 1852 negotium
1430 1817 1477 1852 ipsi
1495 1824 1670 1852 exequuntur.
1708 1817 1832 1853 Denique
1849 1817 1978 1854 quicquid

398 1862 446 1889 per
465 1852 586 1888 plebem,
607 1852 679 1888 quod
693 1851 804 1893 publica
822 1854 931 1890 negotia
945 1861 1104 1884 concernat,
1125 1853 1317 1888 perficiendum
1332 1854 1383 1885 est,
1401 1852 1479 1890 hujus
1493 1863 1554 1881 cura
1570 1854 1685 1888 pertinet
1698 1854 1729 1881 ad
1744 1854 1822 1890 ipsos.
1862 1855 1976 1882 Illorum
2017 1865 2020 1868 ·

400 1892 437 1918 est
456 1900 609 1918 convocare
622 1899 783 1917 concionem
798 1910 805 1921 ‚
832 1891 939 1918 illorum
954 1891 1075 1928 proferre
1088 1891 1173 1917 edicta
1187 1892 1197 1925 (
1206 1891 1355 1925 sichemuu
1366 1890 1490 1927 Zoqsiaelta)
1505 1892 1612 1919 illorum
1631 1901 1660 1918 ea
1672 1913 1679 1923 ,
1704 1901 1762 1928 quae
1775 1893 1787 1919 a
1800 1893 1917 1928 pluribus
1929 1893 1976 1921 de·-

401 1937 473 1957 creta
492 1928 567 1961 sunt,
588 1927 743 1963 dilpcnlare.
785 1929 908 1967 Denique
928 1932 954 1958 δε
970 1929 1078 1958 bellicus
1096 1937 1233 1964 apparatus
1247 1931 1279 1957 ad
1295 1939 1339 1957 eos
1353 1931 1485 1966 pertinet,
1504 1939 1535 1957 ac
1547 1930 1685 1961 univerae,
1709 1940 1766 1966 quae
1778 1930 1825 1957 sub
1839 1931 1909 1958 coelo
1923 1932 1974 1963 est,

401 1968 578 1999 oeconomiae,
597 1975 681 2003 prope
699 1966 901 2000 Imperatoriam‚
922 1976 952 1995 ac
970 1969 1073 2005 regiam
1091 1967 1189 1994 habent
1196 1966 1351 2004 potestatem.
1391 1969 1467 1997 Licet
1481 1968 1553 1996 enim
1570 1968 1627 2004 ipris
1641 1969 1799 1996 constituere
1813 1969 1977 1998 millenarios

399 2005 501 2040 judices
523 2005 594 2039 (five
613 2005 733 2033 tribunos
753 2005 892 2041 militum)
913 2006 958 2043 qui
980 2007 1104 2033 videntur
1125 2006 1259 2041 imperare
1279 2005 1341 2034 belli
1361 2005 1452 2038 sociis,
1473 2005 1638 2035 conscribere
1654 2007 1799 2039 exercitus,
1818 2016 1849 2035 ac
1866 2007 1974 2045 seligere

400 2042 485 2071 socios
500 2053 530 2071 ac
544 2043 708 2072 necessarios.
749 2044 783 2073 Et
796 2051 921 2080 praeterea
932 2045 960 2071 in
972 2044 1091 2080 ipsorum
1104 2044 1232 2080 potestate
1246 2044 1283 2071 est
1295 2065 1303 2076 ,
1324 2044 1471 2081 quemlibet
1485 2054 1517 2072 ex
1531 2044 1640 2072 subditis
1653 2045 1761 2073 ubilibet
1777 2047 1973 2075 commoranti-

402 2080 465 2111 bus,
486 2083 587 2117 punire.
628 2082 662 2109 Et
676 2081 703 2108 id
717 2090 823 2119 quoque
837 2083 971 2118 potestatis
984 2083 1094 2116 habent,
1116 2082 1270 2117 utficmptm
1285 2092 1317 2110 ex
1332 2083 1423 2110 aerario
1435 2083 1554 2119 publico,
1577 2091 1707 2119 quantum
1720 2083 1779 2119 ipfis
1793 2084 1914 2116 videtur,
1928 2084 1972 2119 fa-

401 2118 469 2144 ciant
482 2137 489 2146 ,
521 2121 648 2156 quaestore
671 2119 740 2155 ipsos
769 2121 801 2148 ad
828 2120 881 2149 hoc
908 2120 1084 2158 consequente
1104 2143 1110 2153 ‚
1142 2125 1168 2149 bc
1190 2122 1320 2157 imperata
1339 2120 1529 2149 incunetanter.
1581 2122 1715 2149 Haetenus
1742 2120 1863 2160 Poljbius.
1906 2123 1972 2159 Qae

406 2156 497 2183 omnia
516 2159 596 2185 etiam
610 2158 642 2185 ab
654 2157 710 2185 aliis
722 2157 891 2195 scriptoribus
904 2159 1096 2187 confirmantur
1109 2181 1115 2192 ,
1141 2162 1167 2187 ὃς
1182 2158 1195 2186 ἐι
1208 2159 1323 2187 Cicerone
1335 2159 1404 2186 libro
1420 2169 1444 2196 3.
1459 2160 1492 2187 de
1506 2158 1620 2196 Legibus
1633 2160 1721 2196 paucis
1740 2160 1971 2196 comprehendun-

401 2199 460 2223 tur,
480 2202 543 2220 cum
563 2195 631 2223 inter
650 2195 711 2223 alias
730 2197 800 2234 leges
819 2197 887 2225 hanc
903 2206 1009 2235 quoque
1022 2198 1127 2226 recitat:
1148 2199 1224 2235 Regio
1238 2195 1336 2232 imperio
1347 2197 1395 2223 duo
1404 2201 1496 2231 sunto,
1514 2198 1584 2235 rique
1591 2199 1735 2231 praeeundo,
1748 2198 1898 2232 judrcnndo,
1917 2205 1972 2224 con-

391 2230 499 2264 fidendo
512 2251 518 2261 ,
544 2236 660 2259 Praetores
672 2255 679 2265 ,
705 2232 816 2270 Judices
828 2256 836 2268 ‚
862 2235 977 2272 Confides
994 2236 1145 2271 appellantor
1156 2246 1164 2262 .-
1193 2234 1290 2263 militm
1300 2236 1433 2268 summum
1445 2238 1490 2271 jus
1508 2236 1611 2263 habento
1624 2247 1632 2263 .·
1659 2235 1754 2263 nemini
1767 2243 1872 2270 parente
1886 2244 1893 2261 ε
1916 2234 1971 2262 ollis

392 2268 465 2309 filu!
471 2268 679 2303 populisuprema
691 2272 733 2299 lex
746 2272 801 2308 esto.
826 2278 893 2302 Eum
907 2273 1096 2312 magtstratum,
1115 2273 1165 2313 nist
1173 2273 1355 2302 intervenerint
1367 2274 1449 2302 decem
1462 2273 1523 2303 anni
1532 2294 1541 2307 ,
1560 2284 1591 2301 ne
1604 2273 1659 2313 quis
1672 2273 1758 2309 capito.
1775 2271 1912 2300 AEvitatem
1925 2283 1971 2300 an-

361 2336 369 2344 *
390 2306 454 2341 jz'alt
467 2306 518 2343 lege
525 2306 658 2340 servante,
680 2308 741 2340 &a

441 2344 571 2384 RestriCta
583 2351 674 2383 tamen
688 2346 835 2380 plurimum
849 2345 886 2377 est
902 2349 1044 2385 Conficlaris
1055 2351 1169 2389 potestas
1181 2372 1189 2382 ,
1209 2351 1281 2389 quod
1295 2351 1326 2378 ad
1333 2350 1438 2384 senatus
1451 2350 1640 2387 authoritatem
1655 2350 1705 2378 fuit
1718 2348 1819 2384 alligata
1831 2369 1837 2380 ι
1857 2350 1883 2377 ἃ
1898 2349 1972 2386 (1αοά

401 2390 507 2413 mature
520 2382 557 2410 est
569 2382 710 2412 constituta
723 2387 880 2421 provocatio
892 2387 906 2416 a
920 2386 1079 2419 Consulibus*
1089 2390 1122 2418 ad
1130 2389 1241 2427 'plebem
1255 2389 1306 2427 lege
1322 2389 1431 2417 Valeria.
1466 2390 1523 2425 Qi
1537 2388 1699 2418 cdfifflatum
1713 2386 1857 2424 generant,
1875 2389 1973 2452 Colnfit·

1596 2434 1600 2443 -‚
1762 2430 1770 2439 ’
1784 2430 1787 2432 “
1921 2435 1977 2453 ares
