2075 2734
383 115 445 150 ,480
689 99 1692 137 ANTiQuirAruMROMANARUMLis-VI.

391 161 524 198 auspiciis,
546 159 633 188 scribit
646 169 652 185 :
670 159 743 185 Cum
763 155 862 192 plebeii
875 162 965 181 carere
979 150 1098 189 auspiciis
1112 150 1251 192 dicuntur,
1270 150 1360 178 avium
1369 150 1518 179 volantium
1528 171 1535 183 ‚
1555 158 1600 179 aut
1615 151 1766 180 canentium
1780 151 1964 182 observatione

395 202 422 227 in
436 200 570 230 comitiis,
591 197 709 233 tripudio
724 197 750 222 in
766 194 843 221 rebus
858 191 981 230 gerendis
995 198 1082 217 carere
1095 188 1233 219 dicuntur,
1255 197 1311 225 quae
1324 188 1481 225 solipatricii
1489 197 1640 217 tenuerunt.
1661 190 1779 218 Haecille.
1800 191 1963 220 Etficetiam

394 237 598 274 intelligendum
612 256 619 268 ‚
642 234 714 270 quod
729 233 864 260 interdum
879 230 994 267 legitur,
1014 226 1124 254 tribunos
1136 248 1144 258 ‚
1167 231 1210 253 aut
1224 226 1305 252 ,ediles
1312 226 1388 260 plebps
1402 249 1410 259 ,
1436 235 1479 255 aut
1494 228 1559 256 alios
1579 228 1744 263 magistratus
1759 229 1877 256 minores
1898 231 1966 258 vitio

395 283 498 304 creatos
512 276 602 304 fuiss'e,
623 272 745 300 videlicet
759 280 791 297 eo
805 270 862 300 die,
881 278 936 305 quo
950 266 1030 294 creati
1043 265 1126 292 essent
1140 285 1146 295 ,
1168 263 1306 301 fulgurasle
1320 272 1364 292 aut
1378 265 1498 293 tonuisse.
1526 266 1643 302 Ideoque
1654 274 1748 294 contra
1761 276 1906 295 commune
1923 277 1966 295 au-

385 323 492 350 gurum
505 314 642 341 decretum
659 319 722 338 cuin
735 307 836 346 populo
850 315 895 334 aut
908 305 983 342 plebe
997 304 1087 331 aetum
1104 301 1153 329 esse
1163 322 1174 343 ⁷.
1190 311 1243 338 quo
1258 302 1301 328 die
1314 302 1445 331 servatum
1462 304 1524 331 effer
1537 304 1570 330 de
1585 303 1668 333 coelo.
1689 305 1754 332 Non
1768 305 1848 341 igitur
1863 314 1967 341 oporte-

397 353 442 380 bat
451 360 537 386 putres
551 350 648 377 horum
663 349 821 375 caminorum
834 344 956 374 authores
970 342 1041 373 fieri,
1062 350 1112 382 nee
1124 340 1236 376 auspicia
1249 339 1438 380 adhibebantur
1452 363 1458 372 ,
1479 352 1529 370 nec
1541 341 1611 369 sacra
1624 348 1685 369 ante
1701 342 1812 374 fiebant,
1833 344 1904 379 quod
1917 354 1971 370 cen-

398 389 504 417 turiatis
517 386 622 415 comitiis
637 387 738 414 faCtum
754 384 843 415 suisie,
865 384 989 411 diximus
1011 380 1052 407 Ad
1066 380 1197 418 ipsavero
1211 386 1311 405 comma
1325 380 1397 414 quod
1411 380 1505 407 attinet
1518 401 1524 412 ‚
1545 380 1653 417 quando
1666 379 1780 417 populus
1793 389 1970 413 convenerat,

398 436 458 455 tum
474 427 570 455 concio
584 425 728 453 habebatur
742 421 755 450 a
769 421 921 459 magistratu
935 430 968 447 eo
982 439 989 450 ,
1010 419 1055 454 qui
1068 424 1168 443 comma
1184 415 1226 443 illa
1248 415 1359 443 habebat
1373 427 1380 443 z
1400 427 1448 454 qua
1471 419 1601 446 concione
1618 418 1650 445 de
1666 418 1856 455 magistratibus
1877 426 1921 447 aut
1933 418 1972 446 sa-

396 465 549 493 cerdotibus
562 465 680 491 creandis
694 483 703 493 ,
726 460 768 489 vel
782 461 815 488 de
828 459 929 497 legibus
943 457 1058 485 ferendis
1072 474 1080 488 ‚
1099 455 1179 482 verba
1193 455 1225 482 ad
1239 454 1369 490 populum
1383 454 1502 484 faciebat.
1539 458 1595 484 Hac
1609 457 1713 493 peraeta
1727 477 1733 487 ,
1752 456 1864 494 populus
1874 457 1903 484 in
1917 456 1977 488 suas

397 503 506 540 quisque
518 502 597 530 tribus
612 499 776 530 discedebat,
797 506 856 526 tum
871 497 1023 525 sortitiones
1035 493 1133 535 vfiebant
1145 493 1158 519 {i
1172 492 1331 533 *magistratu
1345 514 1351 524 ‚
1374 502 1430 530 quae
1443 494 1537 522 diverfi
1549 502 1623 522 erant
1637 495 1749 532 generis.
1776 497 1838 522 Una
1852 502 1921 526 erat,
1943 504 1973 522 ac

398 544 488 578 prima
502 541 627 569 omnium
643 540 675 567 ad
689 537 854 566 sortiendum
868 557 875 567 ,
897 536 925 562 in
939 543 990 570 qua
1003 531 1070 559 tribu
1087 533 1174 558 Latmt
1193 530 1346 567 suffragium
1362 531 1468 559 ferrent.
1511 533 1553 560 Sic
1567 535 1639 560 enim
1656 534 1745 560 Lirim
1758 531 1775 560 l.
1790 543 1832 568 25.
1852 532 1974 561 Testibus

400 581 481 611 datis,
503 579 602 607 tribuni
616 577 745 615 populum
760 575 978 603 summoverunt:
1000 570 1133 606 sitellaque
1147 567 1222 595 allata
1237 569 1286 599 est,
1309 577 1337 597 ut
1352 569 1522 602 sortirentur,
1542 570 1587 598 ubi
1602 569 1691 598 Latini
1700 571 1853 608 suffragium
1862 571 1972 598 ferrent.

403 619 485 653 Qiod
498 617 638 655 quomodo
654 613 857 651 intelligendum
872 612 917 642 lit,
939 609 1054 647 pluribus
1070 608 1167 634 docent
1179 606 1295 648 Ntcolrzuf
1308 608 1457 640 ors-cccmus,
1479 609 1494 636 l.
1504 618 1527 636 2.
1541 609 1574 636 de
1589 609 1720 638 comitiis,
1741 618 1796 646 cap.
1810 618 1838 644 4.
1854 612 1880 637 ὃς
1895 612 1975 636 Caro-

400 656 439 683 tus
451 656 580 693 Sigonius,
601 655 618 681 l.
635 665 655 682 1.
673 655 706 681 de
720 652 829 688 antiquo
842 650 899 686 jure
912 648 992 677 mlix
1003 668 1009 678 ‚
1030 655 1085 682 cap-
1095 655 1122 680 4.
1138 653 1253 682 quorum
1269 646 1324 672 sere
1339 646 1394 674 liaec
1410 647 1445 674 est
1455 646 1573 674 summa:
1595 647 1706 674 Foedere
1722 656 1782 675 cum
1799 648 1899 675 Latinis
1910 647 1975 679 iao,

402 699 444 728 sp.
457 694 534 729 Caffio
552 704 591 721 ιι.
603 695 629 722 δε
646 689 786 727 Posthumio
799 687 912 715 Cominio
932 697 970 713 ii.
986 685 1057 712 Coss.
1071 693 1141 712 anno
1157 683 1234 709 Urbis
1248 684 1361 712 conditae
1374 694 1460 712 cci-xi.
1473 685 1563 712 datam
1578 685 1614 711 eis
1629 683 1703 712 suissi:
1715 685 1873 720 potestatem
1889 684 1976 712 feren-

401 735 429 761 di
445 732 575 770 susti-agii,
597 731 614 758 fi
629 730 734 768 quando
748 736 872 763 tempore
886 724 1062 752 comitiorum
1081 723 1177 763 Romae
1190 722 1285 753 essent,
1308 723 1380 759 quod
1394 723 1502 759 quidem
1518 724 1544 750 in
1557 723 1646 759 legum
1656 726 1681 752 ὅς
1694 722 1857 758 judiciorum
1870 730 1977 750 tantum

402 771 521 799 comitiis
535 769 636 797 factum
651 768 726 796 fuiffe
741 787 748 799 ‚
767 766 852 803 Sigom
867 764 959 801 placet.
999 762 1069 798 Quia
1083 769 1148 787 vero
1162 768 1189 799 in
1206 759 1305 802 nullam
1319 761 1420 788 tribum
1439 761 1562 798 adscripti
1583 760 1665 789 essent
1679 759 1786 791 Latini,
1813 767 1875 788 ante
1887 759 1977 797 legem

402 810 501 849 Julian]
512 829 519 839 ‚
538 817 590 844 qua
602 809 638 835 eis
651 804 776 834 universis
790 804 882 831 civitas
895 802 954 828 data
969 801 1004 827 est
1019 821 1027 832 ,
1048 800 1153 840 iccirco.
1162 799 1325 825 sortiendum
1342 807 1397 826 erat
1411 820 1418 830 ,
1438 801 1464 826 in
1479 809 1529 836 qua
1546 799 1615 827 tribu
1629 799 1784 835 suffragium
1809 798 1878 826 ferre
1897 798 1976 825 debe-

402 856 471 876 rent.
492 846 551 873 Post
567 845 654 883 legem
671 851 762 872 autem
776 842 874 880 Juliain
889 839 969 867 latam
979 859 985 870 ‚
1006 847 1056 874 qua
1069 838 1156 877 Latini
1171 845 1265 863 omnes
1278 838 1384 865 civitate
1397 838 1489 865 donati
1501 837 1626 869 sunt,hac
1640 837 1778 865 sortitione
1792 846 1857 874 opus
1864 835 1978 872 amplius

406 895 462 915 non
477 885 535 916 fuit.
563 885 604 911 De
619 883 720 910 foedere
733 881 841 918 quidem
856 888 919 906 cum
934 879 1035 904 Latum
1050 875 1122 902 facio
1136 873 1252 902 scribunt
1266 874 1350 902 Cicero
1364 877 1390 903 ὃς
1405 874 1534 911 Dronvficcs
1548 876 1564 903 l.
1579 878 1604 904 8.
1618 885 1734 913 quorum
1746 875 1790 903 hic
1803 877 1847 910 Sp.
1861 875 1979 901 Cassium

404 925 441 952 sic
455 923 611 959 loquentem
625 919 782 948 introducit:
806 919 910 944 Latmos
923 922 1051 951 cognatos
1063 914 1271 954 Romanorum,
1292 913 1334 941 sed
1343 913 1450 941 cosdem
1466 914 1586 949 imperii,
1600 914 1744 951 gloriaeque
1757 913 1866 940 aemulos
1879 912 1906 939 in
1914 913 1981 939 ami-

406 961 499 990 citiam
513 969 592 996 atque
612 960 749 988 civitatem
768 956 855 990 recepi
878 953 951 986 (sive
965 961 1041 988 aequo
1058 960 1118 985 jure
1136 951 1250 990 ciyitatis
1269 950 1382 986 donavi)
1404 958 1432 979 ut
1445 952 1501 986 jani
1522 953 1641 979 Romam
1657 952 1771 988 patriam
1785 951 1980 982 existimarent,

406 1010 461 1028 non
476 998 662 1027 advei-tfitriam,
683 994 716 1023 E't
729 993 806 1032 paulo
820 992 891 1028 post:
912 994 953 1024 Sp.
968 991 1064 1024 Crispus
1077 987 1227 1015 accersebat
1242 988 1274 1014 ad
1288 988 1407 1026 suffragia
1420 999 1451 1017 ex
1467 990 1568 1017 Latinis
1582 992 1607 1018 Sc
1623 990 1745 1017 Hernicis
1759 996 1892 1025 quotquot
1902 997 1980 1025 pote-

405 1046 453 1067 rat.
475 1036 515 1065 Illi
529 1037 681 1073 frequentes
694 1030 903 1062 conveniebant,
923 1028 1051 1063 brevique
1066 1025 1164 1062 repleta
1176 1025 1213 1052 est
1224 1025 1294 1053 Urbs
1307 1026 1459 1062 hospitibus.
1486 1031 1547 1055 Hoc
1559 1029 1670 1065 cognito
1683 1026 1813 1065 Viiginim
1828 1036 1895 1054 voce
1916 1036 1981 1062 prae.

406 1077 481 1105 conis
495 1075 577 1103 edixit
590 1083 636 1110 per
655 1071 773 1107 compita
788 1076 817 1097 ut
830 1075 925 1095 omnes
939 1087 945 1096 ,
965 1065 1098 1106 quibus-in
1114 1063 1187 1091 Urbe
1202 1072 1257 1090 non
1276 1065 1339 1092 esset
1350 1064 1519 1092 domicilium
1531 1086 1538 1096 ,
1559 1067 1717 1094 excederent
1730 1086 1738 1097 ‚
1757 1064 1888 1101 praefinito
1904 1065 1936 1092 ad
1954 1064 1982 1092 id

407 1125 464 1145 non
480 1122 580 1150 magno
591 1111 722 1148 temporis
735 1108 828 1143 spatio.
865 1106 961 1139 Cass-‘us
981 1112 1045 1130 vcro
1059 1103 1130 1144 jussit
1151 1102 1315 1129 contrarium
1335 1102 1513 1138 proclamari,
1534 1110 1562 1130 ut
1582 1111 1714 1140 quotquot
1728 1103 1854 1130 haberent
1868 1103 1982 1130 civitatis

408 1154 466 1190 jus7
490 1158 643 1181 manerent,
664 1145 926 1183 doneeperferretur
938 1142 987 1169 lex.
1017 1142 1121 1178 Qbus
1135 1149 1166 1167 ex
1181 1139 1267 1167 verbis
1283 1140 1454 1178 intelligitur,
1477 1151 1527 1178 qua
1542 1142 1644 1169 ratione
1655 1139 1749 1174 ‚Latini
1760 1141 1802 1177 jus
1815 1140 1916 1169 ferendi
1931 1139 1984 1167 suf-

408 1192 486 1228 fragii
500 1189 663 1224 acceperint,
684 1186 756 1223 quod
772 1183 868 1211 scilicet
881 1181 908 1208 id
922 1180 1072 1217 precarium
1086 1179 1175 1219 potius
1187 1178 1388 1215 magistratuum
1404 1179 1580 1209 beneficium,
1595 1189 1676 1216 quam
1689 1180 1825 1215 optimum
1837 1178 1880 1214 jus
1895 1178 1982 1209 fuerit,

408 1229 522 1265 ideoque
536 1233 728 1261 nonnunquam
742 1220 871 1251 Consule,
893 1219 935 1246 vtl
949 1217 1056 1246 tribuno
1069 1217 1151 1253 plebis
1169 1218 1365 1249 intercedente,
1388 1218 1406 1244 ii
1421 1218 1465 1253 qui
1479 1217 1663 1255 suffragiorum
1683 1216 1756 1245 causa
1776 1218 1802 1244 in
1820 1216 1923 1243 Urbem
1938 1224 1983 1243 ve-

407 1267 517 1298 nissent,
538 1272 599 1292 ante
611 1262 711 1291 camina
724 1263 795 1289 exire
809 1258 906 1287 fuerint
919 1257 992 1294 jussi:
1014 1256 1040 1283 id
1054 1255 1126 1292 quod
1140 1255 1222 1282 etiam
1237 1264 1268 1283 ex
1283 1255 1414 1282 Plutarcho
1426 1256 1452 1283 in
1467 1256 1596 1284 Gracchis
1611 1255 1779 1283 manifestum
1795 1254 1847 1286 est,
1866 1254 1911 1281 ubi
1923 1253 1983 1281 scri-

410 1305 464 1337 bit,
484 1305 569 1332 socios
582 1303 693 1330 Latinos
706 1300 719 1328 ἐι
734 1301 766 1327 C.
780 1297 881 1326 Fannio
897 1294 1010 1323 Consule
1025 1294 1098 1320 Urbe
1112 1294 1184 1321 exire
1197 1293 1277 1328 Juffos
1290 1314 1297 1325 ‚
1317 1303 1351 1321 ne
1364 1302 1422 1322 tuni
1437 1295 1534 1321 Romae
1547 1293 1644 1325 essent',
1663 1294 1769 1331 quando
1781 1292 1883 1330 legibus
1899 1293 1982 1320 Grac-

411 1343 454 1371 chi
469 1342 583 1371 fercndis
596 1362 602 1372 ‚
621 1340 703 1368 tribus
716 1339 743 1365 in
756 1336 909 1372 suffragium
924 1340 1091 1361 vocarentur.
1129 1332 1201 1359 Hine
1214 1334 1297 1358 Cicero
1308 1341 1357 1369 pro
1373 1334 1455 1361 Sestio
1468 1342 1474 1359 ι
1498 1332 1574 1360 Nihil
1588 1331 1706 1360 acerbius
1710 1331 1786 1366 fheios
1797 1330 1902 1358 Latinos
1914 1330 1982 1358 ferre

409 1381 501 1409 solitos
514 1380 564 1408 ess'e
576 1379 655 1409 dicit,
675 1386 756 1415 quam
773 1375 815 1405 id,
834 1372 906 1410 quod
919 1380 1027 1408 perraro
1041 1369 1152 1411 accidit,
1174 1378 1206 1396 ex
1221 1369 1294 1397 Urbe
1307 1372 1379 1398 exire
1393 1370 1405 1398 ὲ
1421 1369 1579 1399 Consulibus
1599 1370 1692 1407 juberi.
1730 1373 1793 1399 Haec
1805 1370 1888 1407 igitur
1895 1367 1982 1402 prima

403 1418 506 1453 Jortitio
521 1425 585 1446 erat.
606 1417 700 1443 Altera
713 1414 792 1442 fiebat
806 1413 875 1439 inter
888 1410 969 1437 tribus
978 1429 984 1440 ,
999 1417 1052 1445 quo
1066 1408 1163 1435 scilicet
1176 1407 1271 1435 ordine
1284 1417 1393 1446 quaeque
1405 1418 1497 1436 earum
1506 1409 1660 1446 suffragium
1677 1408 1768 1436 ferret.
1790 1409 1831 1436 Ad
1839 1416 1919 1443 quam
1930 1405 1984 1433 sor-

411 1467 469 1485 tem
483 1455 678 1493 peragendam,
699 1452 822 1481 omnium
838 1448 956 1477 tribuum
968 1448 1080 1474 nomina
1094 1446 1121 1473 in
1134 1443 1259 1472 cistellam
1276 1448 1409 1482 quandam
1423 1447 1631 1483 conjiciebantur
1643 1466 1651 1477 ,
1671 1453 1728 1474 tum
1744 1453 1773 1473 ut
1789 1454 1898 1482 quaeque
1910 1445 1985 1480 prior

413 1496 527 1524 exierat,
550 1494 587 1520 ita
603 1493 676 1528 prior
689 1490 843 1526 suffragium
858 1486 974 1516 ferebat,
994 1483 1227 1521 quemadmodum
1241 1493 1273 1512 ex
1285 1483 1392 1512 historia
1406 1484 1590 1512 Tib.Gracchi
1601 1484 1670 1519 apud
1679 1483 1825 1517 Appianum
1838 1482 1883 1509 lib.
1894 1492 1915 1509 1.
1930 1480 1985 1508 bel-

397 1560 400 1562 ,
412 1531 502 1560 lorum
526 1530 646 1559 civilium
667 1528 778 1564 intelligi
799 1525 893 1562 potest.
932 1525 963 1550 In
970 1522 1128 1556 sacerdotum
1150 1530 1214 1548 vero
1228 1521 1348 1548 creatione
1360 1543 1367 1554 ,
1389 1523 1450 1560 quia
1464 1521 1655 1558 septemdecim
1677 1528 1782 1549 tantum
1799 1520 1881 1548 tribus
1894 1519 1985 1546 suffra-

415 1571 491 1608 gium
506 1569 576 1597 ferre
591 1577 624 1595 ex
638 1568 696 1604 lege
711 1571 848 1603 poteraut,
868 1563 964 1589 iccirco
977 1559 1117 1588 sorticndae
1129 1567 1235 1599 tantum
1250 1567 1323 1587 erant
1335 1560 1368 1586 ha
1379 1559 1459 1588 tribus
1466 1558 1652 1594 septemdecim,
1673 1568 1730 1595 quae
1744 1566 1818 1585 erant
1830 1557 1984 1593 suffragium

415 1609 516 1636 laturae:
536 1607 585 1634 hac
595 1607 704 1642 quidem
713 1625 720 1635 ‚
739 1611 769 1631 ut
783 1599 924 1630 verisimile
937 1600 973 1627 est
987 1619 994 1630 ,
1015 1601 1042 1626 &
1056 1608 1087 1627 ex
1099 1600 1214 1624 therom’
1229 1598 1362 1635 colligitur
1375 1619 1382 1629 ‚
1402 1600 1505 1626 ratione
1519 1617 1526 1628 ‚
1547 1605 1575 1624 ut
1589 1596 1718 1631 conjeffis
1732 1597 1759 1622 in
1773 1596 1863 1623 cistam
1877 1596 1986 1631 triginta

415 1647 533 1684 quinque
545 1643 677 1674 tribubus,
697 1640 904 1678 septemdecim,
924 1647 981 1674 quae
994 1637 1114 1675 primum
1129 1636 1316 1668 educerentur,
1337 1635 1492 1672 suffragium
1507 1635 1605 1662 ferrent
1615 1654 1621 1666 ,
1641 1634 1746 1670 reliquae
1759 1633 1885 1670 suffragio
1897 1633 1986 1661 exclu-

416 1686 553 1713 derentur.
573 1682 604 1708 In
618 1681 743 1709 omnibus
759 1686 848 1707 autem
863 1675 968 1703 comitiis
981 1674 1096 1714 tri-butu,
1116 1682 1172 1710 qux
1186 1674 1269 1702 tribus
1282 1675 1371 1710 prima
1384 1673 1454 1701 sorte
1468 1673 1569 1704 exibat,
1585 1670 1748 1710 prerogativa
1762 1672 1904 1700 dicebatur.
1923 1674 1984 1700 Hoc

416 1730 509 1751 tamen
523 1718 658 1749 diversum
673 1727 730 1747 erat
743 1717 757 1745 a
769 1714 874 1743 comitusss
886 1713 1031 1741 centuriata
1044 1733 1053 1745 ,
1071 1712 1143 1748 quod
1159 1712 1186 1738 in
1200 1712 1239 1741 liis
1252 1733 1259 1744 ‚
1279 1711 1418 1740 sortitione
1435 1712 1615 1748 praerogativae
1633 1710 1757 1738 centuriae
1769 1710 1837 1738 fasta
1851 1730 1860 1742 ,
1885 1709 1986 1746 reliqua

416 1761 529 1790 comitia
542 1757 636 1794 absque
650 1757 734 1787 sorte,
755 1765 804 1791 pro
817 1753 895 1782 censu
908 1773 916 1785 ‚
935 1752 1030 1780 ordine
1044 1770 1052 1782 ‚
1072 1757 1151 1787 atque
1163 1758 1239 1779 aetate
1251 1751 1452 1788 peragebantur.
1491 1752 1526 1778 At
1538 1747 1645 1776 comitiis
1657 1746 1759 1775 tributis
1770 1748 1840 1776 sorte
1853 1748 1986 1776 utendum

415 1806 471 1827 erat
485 1799 517 1826 ad
532 1798 613 1824 finem
629 1796 709 1832 usque
722 1793 906 1821 comitiorum.

456 1837 589 1865 Sortiente
596 1834 762 1871 magistratu,
778 1837 857 1866 prout
866 1837 974 1866 quaeque
980 1827 1100 1863 primum
1109 1827 1223 1858 exierat,
1238 1826 1251 1854 a
1258 1836 1379 1863 praecone
1386 1827 1417 1854 ad
1425 1825 1578 1862 suffragium
1592 1824 1740 1855 ferendum„
1749 1824 1901 1854 vocabatur.
1920 1824 1986 1860 Qae

417 1885 484 1903 vero
492 1873 572 1902 tribus
582 1872 726 1901 vocabatur
733 1891 739 1901 ,
754 1869 787 1896 de
795 1878 827 1895 eo
835 1867 897 1896 loco
905 1887 911 1898 ‚
921 1866 966 1893 ubi
973 1864 1127 1894 consistebat
1137 1864 1226 1898 (erant
1233 1866 1307 1893 enim
1314 1867 1394 1894 etiam
1403 1873 1464 1893 ante
1471 1863 1622 1900 suffragium
1630 1861 1709 1889 tribus
1716 1862 1873 1891 divisaelocis
1881 1882 1889 1893 ,
1902 1864 1928 1890 &
1936 1862 1985 1889 fin-

419 1913 486 1950 gulae
492 1912 599 1940 seorsim
609 1910 723 1939 stabant,
732 1908 758 1935 id
766 1907 837 1944 quod
846 1915 904 1934 tum
913 1913 944 1931 cx
951 1903 1016 1933 aliis,
1024 1910 1083 1931 tuni
1092 1913 1122 1930 ex
1131 1902 1237 1941 Dionysii
1251 1903 1294 1931 lib.
1303 1915 1327 1939 7.
1335 1903 1502 1940 perspicuum
1510 1902 1563 1936 est)
1578 1901 1726 1929 discedebat
1740 1910 1786 1939 per
1800 1908 1893 1937 pontes
1906 1899 1934 1927 in
1949 1899 1984 1926 se-

418 1960 496 1987 Ptum
508 1972 515 1983 ,
531 1950 573 1978 vel
581 1949 665 1980 ovile,
679 1948 713 1975 de
721 1943 987 1983 quosupradiximus.
1008 1942 1038 1968 In
1045 1942 1134 1978 pontis
1147 1942 1225 1969 initio
1234 1940 1493 1972 stabantdiribitores,
1509 1941 1553 1978 qui
1566 1939 1672 1967 tabeilas
1685 1939 1785 1976 populo
1797 1939 1987 1967 ministrarent.

418 1988 582 2018 Confistebat
590 1990 615 2016 ὃς
623 1987 650 2015 in
658 1994 741 2023 ponte
750 1983 915 2020 magistratus
923 1979 965 2007 ille
973 2001 980 2012 ,
994 1979 1263 2017 quicomitinhabebat
1271 2001 1279 2012 ‚
1295 1979 1366 2016 isque
1373 1980 1463 2008 cistam
1471 1978 1618 2009 deferebat,
1627 1978 1780 2015 colligendis
1787 1987 1834 2014 per
1845 1975 1924 2004 tribus
1935 1974 1986 2003 suf-

419 2026 508 2065 fragiis
516 2048 524 2059 ,
532 2034 610 2063 atque
617 2024 748 2061 rogatoris
756 2030 867 2049 munere
874 2018 1042 2056 fungebatur.
1062 2020 1127 2046 Non
1134 2019 1206 2046 enim
1214 2019 1257 2045 alii
1265 2018 1303 2045 liis
1310 2017 1414 2045 comitiis
1421 2025 1495 2046 erant
1502 2024 1652 2053 rogatores,
1661 2017 1734 2052 quod
1741 2016 1768 2043 in
1776 2014 1927 2044 centuriatis
1941 2013 1987 2041 fie-

422 2064 481 2096 bat,
496 2074 575 2101 quam
585 2063 631 2100 ipsi
639 2062 818 2099 magistram,
833 2057 997 2097 quiconiitia
1009 2056 1152 2088 habebant,
1166 2057 1191 2083 id
1201 2057 1273 2093 quod
1286 2067 1318 2085 ex
1331 2056 1441 2085 authore
1455 2055 1664 2083 Rhetoricorum
1679 2055 1711 2082 ad
1725 2055 1892 2082 Herennium
1906 2051 1952 2079 lib.
1965 2062 1988 2079 1.

421 2105 536 2129 Cicerone
553 2113 574 2130 i.
585 2103 618 2130 de
630 2109 723 2129 natura
730 2100 851 2126 Deorum
860 2118 867 2129 ,
889 2099 916 2123 A
912 2096 993 2130 fiomo
1008 2096 1035 2123 in
1049 2095 1238 2123 Cornelianam
1247 2114 1254 2125 ,
1275 2093 1423 2123 &Suetonio
1435 2095 1462 2122 in
1471 2093 1571 2120 Caesare
1585 2101 1700 2130 apparet.
1722 2093 1838 2120 Aderant
1846 2098 1936 2119 autem
1944 2099 1987 2118 cu-

421 2139 521 2171 stodem,
542 2139 850 2176 quianimadverteiciit,
871 2134 975 2170 nequid
984 2133 1092 2165 fraudis,
1114 2133 1155 2161 vel
1163 2133 1365 2168 indiripiendis‚
1381 2132 1456 2160 vclin
1465 2129 1985 2168 colligendissuffragiiscommitteretur,

420 2177 516 2213 quique
525 2176 708 2213 suffragiorum
716 2183 860 2203 numerum
869 2171 1180 2210 procandidatisinirent.
1200 2171 1455 2203 Hicustodeserant,
1477 2170 1517 2199 vel
1531 2170 1733 2197 candidatorum
1746 2169 1842 2199 amici,
1862 2167 1907 2203 qui
1919 2165 1985 2192 ami-

419 2214 488 2242 citiae
495 2214 581 2244 causa,
596 2215 637 2241 vel
646 2215 726 2242 etiam
736 2213 916 2250 magistratuS,
930 2211 975 2247 qui
983 2219 1034 2246 pro
1042 2210 1194 2248 magistratu
1202 2208 1359 2237 suocomnibs
1374 2209 1398 2236 se
1411 2207 1629 2246 interponebant,
1648 2215 1727 2245 atque
1738 2207 1789 2235 hoc
1803 2212 1913 2234 munere
1926 2202 1986 2229 fun-

420 2252 557 2290 gebantur.
577 2252 709 2279 Caeterum
723 2254 795 2288 quod
809 2251 841 2278 ad
847 2247 975 2288 fieffi¹agia
988 2248 1096 2280 attinet,
1111 2247 1304 2285 colligebantur
1318 2257 1348 2275 ea
1361 2247 1474 2280 viritim,
1489 2249 1525 2276 ita
1536 2254 1564 2274 ut
1578 2254 1687 2277 omne5‚
1702 2247 1747 2283 qui
1761 2254 1793 2273 ex
1807 2244 1899 2272 eadem
1914 2241 1983 2269 tribu

423 2291 505 2319 essent
513 2310 521 2321 ‚
530 2296 693 2324 rogarentur.
715 2290 856 2325 Postquam
865 2295 954 2315 autem
966 2293 1022 2315 tota
1036 2285 1114 2314 tribus
1125 2285 1278 2323 suffragium
1287 2286 1397 2318 dixerat,
1405 2285 1539 2314 sententiae
1547 2283 1765 2315 numerabantur,
1774 2289 1851 2318 atque
1857 2278 1986 2307 describe-

420 2330 527 2358 bantur,
548 2326 600 2353 hoc
608 2327 657 2356 est,
672 2327 816 2361 totpuneia
829 2327 856 2354 in
864 2324 958 2353 tabella
971 2324 1143 2355 notabantur,
1158 2332 1225 2361 quot
1239 2323 1338 2353 tabellae
1351 2324 1448 2353 similes
1461 2324 1652 2361 reperirentur:
1672 2329 1752 2359 atque
1764 2321 1790 2348 in
1804 2327 1885 2357 quam
1898 2317 1986 2354 plures

421 2364 574 2396 consensisse
582 2363 738 2394 videbantur
745 2383 752 2396 ‚
767 2373 797 2392 ea
804 2364 887 2393 tribus
893 2362 1021 2394 sententia
1026 2362 1233 2394 renuntiabatur.

1908 2395 1989 2433 Qod
