2075 2734
399 116 447 147 ‘52
700 104 1693 143 Aua-iQiMTATUMRomnnrxnuuL1n.11.

433 159 628 189 Simulachrum
645 158 719 187 Genii
736 159 786 188 fuit
799 158 903 185 varium
913 178 919 188 ,
940 157 1075 183 interdum
1092 153 1268 192 effingebatur
1284 153 1403 190 imagine
1419 151 1558 189 serpentis:
1578 154 1713 183 interdum
1729 154 1838 193 puerili,
1853 156 1894 185 vei
1901 158 1976 195 juve,

398 199 442 226 nili
461 197 561 225 forma.
583 198 720 226 interdum
736 196 817 223 etiarn
833 195 913 226 senis,
932 202 961 221 ut
977 194 1045 230 apud
1062 193 1202 221 Cebetem.
1222 191 1408 221 Coronabatur
1422 190 1488 220 vero
1496 191 1599 228 platani
1613 191 1698 223 foliis,
1718 199 1813 229 utpote
1823 194 1923 234 arboris
1931 205 1975 237 gc-

397 236 477 264 nialis.
498 234 586 263 Albius
599 234 712 264 Tibullus
726 236 807 269 poeta
819 234 856 261 ita
872 242 934 260 eum
950 231 998 259 suis
1011 231 1128 261 versibus
1142 238 1266 259 exornat:

717 272 829 306 Igffificos
844 269 909 308 mulsit
924 269 1017 297 Genius
1031 268 1126 304 ixq'lisrur
1139 270 1253 301 honores,

759 307 808 335 Cui
825 309 936 335 decorent
947 307 1044 340 fimHas
1051 306 1128 346 florea
1134 308 1205 342 serta
1219 314 1307 334 comat.

718 346 787 373 Illius
798 345 811 372 ὲ
819 356 882 383 puro
895 344 1017 382 destillent
1030 354 1140 380 tempora
1152 346 1243 376 nardo,

758 388 849 422 Atque
857 385 934 418 fiatur
945 382 992 410 libo
997 382 1050 421 fit,
1069 383 1220 422 madeatque
1235 393 1310 411 mero.

436 426 468 453 In
483 423 588 451 vetustis
602 421 736 453 nonnullis
749 423 868 451 monetis
883 422 992 458 Trajani
1008 424 1034 449 ὃς
1051 422 1160 450 Adriani
1174 442 1181 452 ,
1210 421 1376 457 aliorumque
1391 421 1544 459 Principum
1559 441 1566 453 ,
1587 420 1681 448 Genius
1696 428 1817 458 pateram
1832 423 1978 454 dextrarsu-

396 473 443 500 pra
464 472 536 489 aram
559 461 696 498 porrigere
711 482 718 492 ,
745 470 802 498 quae
823 470 866 489 ara
881 460 944 488 effet
957 459 1030 487 sertis
1045 467 1137 487 ornata
1151 469 1156 485 ε
1184 460 1248 487 laeva
1263 458 1328 487 vero
1342 468 1424 486 manu
1438 459 1636 496 propendulum
1652 460 1788 499 flagellum
1802 482 1812 494 ‚
1836 462 1879 490 vel
1892 463 1978 492 fimile

396 501 523 537 quiddam
539 508 629 526 tenere
644 499 791 526 videbatur.

434 540 457 565 G
469 547 483 564 ε
495 548 510 565 u
524 548 556 565 10
580 547 620 564 res
644 535 714 564 sacra
736 536 815 565 fiebat
834 545 929 567 mero,
950 545 980 562 ac
997 535 1123 567 floribus,
1143 535 1217 570 cujus
1233 534 1270 561 rei
1286 534 1391 562 causam
1405 536 1537 573 explicant
1554 539 1631 563 Varro
1645 539 1672 566 ὃς
1687 537 1848 572 Censorinus,
1870 539 1909 568 his
1923 540 1979 569 fer&

398 576 497 603 verbis:
519 576 544 602 id
569 576 653 602 moris
669 576 805 612 inquiunt,
827 575 990 611 institutique
1004 574 1118 609 majores
1133 574 1216 600 nostri
1228 581 1385 604 tenuerunt,
1405 582 1435 601 ut
1449 584 1513 603 cum
1529 575 1572 602 die
1584 575 1665 602 natali
1681 586 1778 604 munus
1793 578 1885 605 annale
1901 577 1978 606 Genio

397 613 528 642 solverent
543 634 550 644 ,
571 623 682 641 manum
697 614 711 641 ἐι
726 614 795 642 caede
810 615 836 640 ἃ
852 611 977 648 sanguine
991 611 1149 639 abstinerent
1165 631 1172 642 ,
1192 621 1226 638 ne
1242 611 1284 638 die
1298 632 1305 643 ,
1332 620 1382 648 qua
1395 611 1440 648 ipfi
1456 611 1543 640 lucem
1560 613 1716 648 accepissent
1731 635 1738 645 ‚
1758 615 1813 642 aliis
1828 614 1978 645 demerent.

398 652 432 679 Et
446 652 519 679 addit
532 650 692 686 Censorinus,
713 651 785 689 quod
799 649 871 678 sacro
885 651 974 678 Genio
990 649 1077 681 fastu,
1098 649 1238 676 neminem
1252 649 1401 685 oportuerit
1415 658 1477 678 ante
1489 651 1591 689 gustare
1600 671 1607 682 ,
1627 660 1708 687 quam
1722 661 1800 684 eum,
1821 654 1979 689 quisacrum

397 688 505 718 fecisset.

441 730 483 755 De
504 728 588 766 geniis
607 728 722 763 plurima
740 727 818 755 habet
839 725 989 754 Plutarchus
1010 725 1037 752 in
1052 734 1085 752 eo
1100 722 1322 756 Commentario,
1341 726 1370 752 in
1385 735 1439 762 quo
1453 726 1580 763 disputat,
1602 737 1650 755 cur
1663 727 1768 755 oracula
1783 728 1825 756 edi
1839 730 1975 763 defierint,

401 766 446 794 ubi
461 767 542 794 etiam
558 765 639 793 docet
652 766 735 794 alium
751 764 858 792 Genium
874 765 925 791 alio
939 767 965 793 ἃ
980 764 1091 794 virtute,
1113 765 1139 791 &
1154 762 1276 799 sapientia
1286 785 1292 795 ‚
1314 766 1339 791 δε
1354 764 1452 792 viribus
1468 765 1618 801 praestitisse.

439 805 471 831 In
489 803 667 841 descriptione
684 813 745 833 xiv.
767 803 912 839 regionum
935 801 1015 829 Urbis
1031 802 1136 829 mentio
1152 801 1182 829 fit
1195 802 1308 830 aediculae
1324 802 1397 829 Genii
1415 802 1575 835 Liberorum,
1596 806 1623 832 ὃ(
1639 803 1752 831 aediculae
1767 803 1840 832 Genii
1855 805 1980 839 Larium,

401 843 511 879 regione
524 852 568 870 V1.
596 842 687 870 Sacelli
707 840 780 869 Genii
799 841 878 877 Sangi
898 841 1007 877 regione
1021 850 1083 868 v1r.
1109 841 1240 877 A.qnibus
1254 848 1344 868 autem
1359 841 1466 868 condita
1480 841 1595 873 fuerint,
1616 842 1684 869 mihi
1697 852 1751 869 non
1765 843 1856 879 liquet.
1882 845 1980 872 Halike-

401 890 450 908 nus
471 881 504 908 de
526 879 604 907 Genio
625 880 756 910 diximus,
777 879 870 916 quibus
882 886 1025 915 antequam
1039 879 1071 906 ad
1086 878 1133 906 alia
1146 880 1305 906 accedamus
1319 899 1326 910 ‚
1355 879 1512 915 adjiciemus
1532 880 1654 918 quaedam
1668 881 1702 908 de
1717 879 1853 910 Penatibus
1865 884 1893 912 ὃς
1907 881 1981 911 Lari-

401 918 461 952 bus,
480 919 540 957 quia
555 918 641 946 vicina
653 918 765 946 numina
780 918 895 946 fuerunt.
914 918 955 944 Ac
970 918 1003 945 de
1020 914 1156 944 Penatibus
1170 919 1301 953 primum.

993 990 1390 1015 PENATES.

442 1059 486 1086 Pz
495 1068 513 1085 N
524 1068 539 1084 A
549 1067 564 1084 τ
573 1065 589 1084 Σ
598 1066 610 1084 s
626 1075 633 1087 ,
660 1055 730 1092 quafi
744 1054 841 1090 penites
856 1078 864 1089 ‚
891 1056 964 1094 quod
984 1055 1139 1093 penitiffimi
1160 1056 1205 1083 Dii
1226 1055 1276 1084 sint
1292 1058 1318 1084 ἃ
1332 1058 1443 1093 proprii.
1475 1055 1599 1084 amcrobio
1613 1057 1722 1086 illorum
1736 1057 1866 1087 sententia
1878 1057 1981 1095 placet,

403 1097 450 1134 qui
472 1100 534 1123 Deos
549 1099 652 1121 Penates
668 1094 791 1123 dixerunt
806 1115 814 1127 ,
838 1105 887 1132 per
900 1105 967 1132 quos
981 1096 1086 1131 penitus
1100 1093 1228 1130 spiramus
1243 1115 1250 1126 ,
1277 1104 1325 1130 per
1339 1104 1404 1131 quos
1418 1095 1546 1122 habemus
1561 1105 1655 1131 corpus
1669 1117 1677 1128 ‚
1704 1106 1752 1133 per
1767 1106 1833 1133 quos
1847 1099 1982 1126 rationem

404 1134 488 1162 animi
503 1132 672 1168 poffidemus.
700 1133 793 1170 ltaque
808 1138 916 1160 Penates
928 1132 987 1161 sunt
1000 1132 1118 1169 praefides
1134 1135 1161 1160 &
1176 1133 1295 1160 custodes
1309 1133 1363 1160 Dii.
1389 1133 1476 1160 Cicero
1491 1133 1620 1161 existimat
1636 1134 1774 1161 Penatium
1790 1145 1892 1162 nomen
1907 1135 1921 1163 ὲ
1934 1145 1981 1173 pe-

405 1182 443 1200 nu
463 1172 566 1199 dietum
582 1170 632 1198 effe
646 1190 654 1202 ‚
682 1171 753 1207 quod
768 1171 926 1199 vocabulum
941 1171 1070 1209 significet
1082 1180 1166 1197 omne
1180 1171 1207 1198 id
1222 1191 1229 1202 ‚
1258 1180 1313 1207 quo
1326 1171 1449 1199 homines
1463 1171 1604 1199 vescuntur
1619 1193 1626 1204 ‚
1654 1171 1697 1199 vel
1711 1172 1742 1200 ab
1757 1181 1789 1200 eo
1805 1193 1812 1204 ,
1839 1183 1893 1210 quo
1907 1175 1981 1210 peni-

407 1209 597 1242 tusinfiueant
612 1219 616 1234 z
638 1218 670 1237 ex
691 1217 745 1245 quo
766 1209 848 1238 etiam
864 1210 1007 1236 Penetrales
1020 1208 1034 1234 ιὶ
1048 1209 1137 1235 Po'e'tis
1152 1209 1280 1236 dicantur.
1320 1210 1401 1236 Varia
1414 1208 1552 1235 Penatium
1566 1217 1663 1244 genera
1678 1209 1793 1237 fuerunt.
1833 1211 1885 1238 Alii
1900 1216 1981 1239 Pena-

405 1256 442 1276 tes
464 1247 543 1275 totius
558 1248 663 1284 generis
676 1245 786 1274 humani
801 1269 808 1279 ‚
837 1247 924 1283 quales
937 1252 1065 1282 putarunt
1079 1245 1129 1272 effe
1144 1245 1253 1273 Pallada
1267 1244 1408 1272 summum
1422 1245 1517 1273 :ethera
1531 1265 1539 1276 ‚
1559 1244 1657 1281 Jovem
1673 1247 1796 1273 medium
1810 1247 1906 1275 χώρη
1920 1269 1926 1279 ‚
1954 1250 1981 1276 ὅς

405 1284 540 1322 Junonem
563 1284 690 1313 infimum
706 1295 712 1311 2
737 1284 781 1312 alii
799 1288 905 1311 Penates
923 1284 975 1312 coelt‘
989 1305 996 1316 ‚
1023 1290 1052 1310 ut
1072 1282 1220 1310 Martianus
1233 1283 1336 1317 Capella
1350 1284 1377 1310 in
1391 1284 1489 1319 nuptiis
1502 1283 1568 1310 ludit
1582 1294 1587 1310 ·.
1616 1282 1658 1310 alii
1673 1291 1750 1311 terrae
1765 1305 1772 1316 ‚
1800 1284 1844 1312 alii
1856 1284 1983 1323 cujusque

405 1323 520 1353 civitatis
535 1334 541 1351 z
567 1323 609 1351 alii
631 1321 758 1358 cujusque
773 1323 880 1350 domus.
919 1321 972 1349 Sed
988 1331 1017 1350 ut
1031 1321 1064 1348 de
1072 1320 1211 1348 Penatibus
1224 1321 1313 1348 dicam
1327 1343 1334 1353 ,
1356 1331 1421 1358 quos
1434 1324 1524 1348 AEneas
1540 1322 1568 1347 in
1583 1321 1686 1349 Italiam
1701 1323 1831 1357 portavit,
1854 1332 1985 1359 quorum-

406 1371 460 1400 que
483 1361 616 1398 templum
637 1361 664 1388 in
679 1360 772 1387 odlava
786 1360 865 1387 Urbis
880 1361 991 1396 regione
1005 1358 1165 1389 collocatur,
1187 1359 1297 1395 quinam
1312 1358 1347 1386 illi
1362 1359 1474 1390 fuerint,
1496 1361 1566 1386 inter
1579 1360 1699 1387 auetores
1714 1370 1769 1387 non
1782 1363 1922 1389 convenit:
1941 1362 1984 1390 alii

408 1402 481 1428 enim
503 1401 595 1427 volunt
615 1402 759 1432 Neptunum
781 1400 808 1426 &
829 1397 969 1432 Apollinem
993 1407 1038 1424 eos
1058 1396 1109 1422 effe
1123 1416 1129 1427 ,
1158 1396 1191 1423 de
1205 1396 1298 1436 quibus
1314 1396 1410 1434 legitur
1425 1418 1432 1429 ,
1459 1396 1531 1434 quod
1547 1406 1639 1424 muros
1653 1398 1787 1434 Trojanos
1802 1401 1966 1428 exrruxerint
1981 1411 1987 1427 ;

405 1438 449 1467 alii
472 1436 568 1475 Vestam
589 1438 700 1464 dicunt:
728 1436 771 1463 alii
790 1435 863 1463 alios.
904 1434 1033 1473 Dionysius
1053 1432 1253 1471 Halicarnaſjeus
1273 1434 1355 1462 refert
1369 1456 1376 1467 ‚
1406 1435 1431 1462 se
1444 1434 1536 1463 vidisse
1553 1436 1649 1461 Romae
1663 1437 1689 1463 in
1704 1436 1808 1472 templo
1829 1437 1941 1465 obscuro
1957 1440 1984 1467 δε

404 1477 515 1507 humili,
536 1476 608 1512 quod
628 1484 684 1502 non
704 1473 797 1509 procul
815 1473 828 1501 ἐι
850 1473 1009 1504 for0‘abfit3
1030 1470 1186 1500 simulachra
1198 1474 1321 1500 Deorum
1337 1473 1535 1509 Trojanorum,
1555 1482 1617 1500 cum
1632 1472 1680 1501 hac
1694 1474 1881 1510 inscriptione,
1900 1480 1987 1503 Dena-

407 1523 460 1546 τις,
480 1523 528 1552 per
543 1514 614 1550 quod
629 1511 788 1540 vocabulum
802 1516 910 1539 Penates
925 1511 1068 1547 intelligat,
1088 1511 1148 1547 quia
1163 1511 1305 1538 verifimile
1319 1511 1363 1542 sit,
1384 1520 1485 1539 veteres
1501 1520 1562 1539 ante
1576 1511 1716 1539 inventum
1732 1513 1759 1539 P.
1773 1522 1823 1549 pro
1838 1523 1871 1540 eo
1878 1514 1984 1542 literam

409 1553 445 1579 D.
465 1551 602 1588 usurpasse.
631 1549 715 1577 Fuiffe
728 1557 818 1577 autem
833 1549 1023 1582 duoshastatos
1034 1548 1159 1584 juvenes,
1179 1549 1270 1576 habitu
1283 1549 1446 1581 sedentium,
1467 1550 1616 1577 admodum
1631 1550 1732 1586 antiqui
1747 1551 1850 1586 operis,
1870 1553 1898 1579 &
1911 1553 1985 1581 addit

409 1591 503 1618 fimilia
516 1589 614 1616 horum
628 1588 750 1614 Deomm
764 1587 931 1620 fimulaehra,
952 1587 1060 1615 militari
1074 1585 1178 1618 habitu,
1200 1588 1281 1615 etiam
1296 1589 1324 1614 in
1340 1587 1430 1614 multis
1444 1587 1499 1615 aliis
1513 1586 1620 1622 templis
1634 1588 1759 1623 conspici.
1790 1587 1933 1616 Ludow'cus
1945 1590 1986 1617 VJ-

409 1639 452 1656 ves
473 1628 551 1658 dicit,
573 1633 665 1662 putare
686 1625 712 1652 se
733 1624 829 1662 Vestam
850 1636 906 1653 non
926 1633 982 1652 tam
1004 1624 1078 1652 fuiss'e
1101 1635 1132 1652 cx
1148 1624 1298 1657 Penatibus,
1319 1625 1400 1662 quum
1421 1625 1557 1652 Penatibus
1569 1625 1690 1652 additum
1705 1626 1814 1657 focum,
1836 1628 1861 1653 ἃ
1877 1626 1942 1655 duos
1956 1628 1986 1656 il-

409 1666 449 1695 los
468 1668 579 1702 juvenes
592 1684 599 1693 ,
625 1664 660 1690 de
681 1663 774 1700 quibus
789 1661 918 1700 Dionffius
929 1663 1047 1699 loquitur
1061 1682 1069 1693 ‚
1096 1670 1171 1698 putat
1185 1663 1235 1690 effe
1249 1664 1387 1691 Castorem
1403 1665 1429 1691 ὃς
1446 1663 1599 1693 Pollucem,
1620 1672 1685 1700 quos
1701 1672 1793 1692 tamen
1807 1672 1885 1701 negat
1903 1669 1984 1693 Pena-

410 1713 448 1732 tes
467 1704 651 1739 Trojanorum
671 1701 760 1737 vfuisse,
781 1701 843 1729 cum
865 1702 910 1729 sub
931 1701 1018 1739 ipfixm
1040 1700 1140 1728 bellum
1156 1701 1323 1737 Trojanum,
1342 1710 1416 1737 rapta
1429 1702 1487 1738 jam
1503 1701 1620 1730 Helena,
1640 1701 1761 1737 primum
1776 1702 1838 1730 vitae
1854 1704 1986 1732 concesse-

411 1743 475 1770 rint.
516 1739 653 1769 Penanbus
668 1741 694 1768 ὃς
710 1738 781 1777 Vesta
794 1739 918 1769 Dieiator
932 1759 940 1771 ,
965 1739 1106 1777 caetcriquc
1121 1739 1287 1776 Magistratus
1301 1739 1421 1769 Romani
1434 1761 1442 1772 ,
1469 1749 1523 1778 quo
1537 1740 1580 1768 die
1594 1741 1754 1777 dignitatem
1768 1739 1869 1770 inibant
1883 1761 1891 1774 ,
1916 1741 1987 1772 sacra

408 1779 547 1809 iaciebant.

1058 1822 1080 1846 L
1118 1822 1149 1846 A
1187 1821 1212 1846 R
1251 1822 1273 1846 E
1309 1822 1338 1846 S.

454 1871 476 1898 L
486 1880 502 1898 Α
511 1879 550 1898 ne
559 1880 571 1897 s
592 1867 652 1897 sunt
670 1870 717 1898 Dii
738 1869 890 1899 domestici:
910 1871 982 1900 unde
997 1872 1024 1899 δε
1038 1878 1088 1906 pro
1101 1870 1199 1898 aedibus
1215 1870 1273 1906 ipfis
1286 1871 1466 1906 accipiuntur,
1486 1876 1566 1907 atque
1577 1869 1640 1898 hinc
1654 1872 1708 1897 Lar
1716 1868 1873 1905 familiaris,
1893 1871 1938 1907 qui
1952 1870 1985 1899 ab

413 1909 537 1944 antiquis,
560 1908 625 1935 teste
639 1908 745 1941 Plauto,
766 1911 793 1936 in
807 1910 878 1937 canis
892 1910 974 1946 figura
987 1908 1186 1937 efformabatur.
1226 1910 1342 1936 Fuerunt
1355 1912 1432 1935 Lares
1448 1909 1543 1937 Maniae
1557 1907 1605 1935 filii
1618 1909 1849 1944 quemadmodum
1866 1911 1942 1935 Varro
1957 1912 1986 1938 δ’,

413 1945 552 1972 Macrolnus
564 1947 673 1974 docent.
693 1946 803 1974 ovidius
817 1949 845 1976 in
860 1948 953 1979 Fastis,
976 1948 1102 1975 Mercurii
1116 1949 1142 1975 ὃς
1158 1948 1232 1974 Larae
1246 1946 1395 1984 Nymphae,
1416 1956 1474 1984 quae
1487 1949 1514 1975 &
1528 1951 1605 1973 Muta
1619 1947 1689 1974 dieta
1701 1947 1736 1974 est
1745 1967 1751 1977 ‚
1773 1946 1839 1973 filios
1854 1955 1899 1973 eos
1915 1946 1987 1976 facit.

415 1982 564 2009 LaeJamius
579 1986 605 2011 ἃ
620 1984 746 2020 Aafizm'us
761 1986 898 2013 Larundae.
918 1987 960 2013 De
972 1990 1040 2013 Lara
1056 1984 1135 2017 vero,
1155 1984 1208 2013 five
1221 1985 1358 2014 Larunda,
1377 1984 1433 2012 haec
1446 1985 1532 2013 fabula
1544 1992 1678 2013 narratur,
1699 1983 1771 2021 quod
1789 1983 1918 2020 Nympha
1930 1984 1985 2014 haec

418 2019 563 2048 Tiberiona
576 2020 667 2053 fucrit,
688 2024 731 2051 cui
745 2024 776 2051 ab
790 2026 861 2062 Jove
876 2024 964 2060 lingua
976 2023 1007 2051 fit
1019 2021 1137 2054 abscissa,
1159 2022 1232 2060 quod
1247 2022 1371 2059 Juturme
1384 2032 1447 2050 cum
1461 2025 1531 2060 Jove
1544 2023 1717 2050 concubitum
1732 2023 1832 2060 Junoni
1840 2022 1986 2052 indicasset.

419 2057 487 2094 Qae
501 2058 563 2085 cum
578 2060 665 2093 postea
678 2060 691 2088 ὲ
704 2063 774 2098 Jove
788 2062 923 2090 Mercurio
937 2062 1033 2089 tradita
1046 2061 1124 2092 esset,
1144 2067 1175 2089 ut
1187 2061 1220 2089 ad
1234 2060 1335 2088 inferos
1349 2070 1409 2089 eam
1417 2062 1546 2091 deferret,
1569 2062 1716 2088 Mercurius
1724 2062 1793 2087 inter
1801 2061 1920 2088 eundum
1930 2061 1984 2089 for-

420 2102 465 2120 ma
486 2095 576 2137 puellae
596 2095 709 2129 illectuS,
729 2109 789 2127 rem
808 2110 871 2128 cum
892 2110 922 2127 ea
941 2099 1046 2130 habuit,
1066 2099 1137 2126 unde
1150 2100 1205 2128 nati
1218 2098 1277 2127 sunt
1289 2100 1393 2136 gemini
1405 2103 1490 2126 Lares.
1529 2097 1652 2125 Arnobius
1664 2098 1754 2126 scribit
1766 2103 1846 2125 Lares
1859 2098 1984 2127 vicorum

419 2139 500 2168 atque
519 2134 645 2160 itinerum
667 2137 739 2164 Deos
758 2138 822 2167 ess'e.
842 2147 875 2165 ex
894 2148 943 2170 eo,
964 2136 1039 2176 quod
1059 2138 1146 2165 Graeci
1162 2139 1235 2165 vicos
1248 2139 1443 2174 cognominant
1454 2141 1559 2164 Laus-as.
1600 2135 1720 2174 NJgidius
1733 2135 1819 2164 modo
1831 2136 1984 2169 teEtorum,

418 2172 605 2211 domuumque
625 2173 756 2205 custodes,
779 2175 863 2203 modo
884 2181 990 2204 Curetas
1010 2175 1083 2207 illos,
1105 2176 1151 2212 qui
1171 2175 1311 2204 occultasse
1329 2174 1500 2213 perhibentur
1513 2174 1605 2202 aeribus
1623 2176 1693 2209 lovis
1709 2175 1845 2212 vagitum,
1862 2173 1986 2212 indigetes

419 2207 608 2235 samothracios.
646 2210 688 2237 De
708 2211 867 2240 simulachris
886 2215 1004 2250 ipsorum
1019 2213 1168 2240 Plutarchus
1188 2213 1278 2241 scribit
1290 2234 1297 2245 ‚
1315 2212 1433 2244 Laribus,
1454 2223 1520 2250 quos
1540 2209 1649 2249 propi-'ie
1669 2211 1790 2249 Praeststes
1810 2220 1922 2244 vocant,
1942 2222 1984 2240 ca-

419 2255 483 2289 nem
505 2245 616 2273 affistere
628 2256 633 2272 :
659 2246 777 2284 ipsosque
798 2253 876 2277 Lares
890 2255 981 2280 canina
994 2252 1062 2289 pelle
1075 2251 1163 2279 vestiri
1178 2272 1186 2283 ‚
1212 2250 1320 2288 ejusque
1334 2252 1371 2279 rei
1386 2251 1454 2278 hanc
1467 2253 1545 2288 ponit
1558 2250 1662 2278 causam
1676 2262 1681 2278 ;
1709 2260 1772 2278 cum
1787 2249 1885 2278 scilicet
1898 2251 1982 2278 custo-

415 2285 464 2313 diae
485 2286 511 2312 &
525 2292 592 2310 curae
607 2284 704 2312 domus
716 2288 922 2315 committantur
935 2310 942 2321 ‚
968 2291 1113 2318 convenire
1125 2299 1169 2317 eos
1181 2289 1270 2318 alienis
1285 2290 1381 2317 terrori
1396 2310 1405 2322 ,
1430 2289 1583 2317 domesticis
1595 2296 1686 2316 autem
1700 2289 1850 2316 mansuetos
1865 2307 1874 2320 ,
1900 2289 1983 2325 qualis

414 2322 445 2350 fit
466 2329 558 2364 natura
576 2331 681 2350 canum.
723 2324 805 2351 Addit
820 2326 846 2352 &
859 2325 969 2353 alteram
982 2328 1101 2360 cauum,
1122 2327 1196 2366 quod
1209 2332 1287 2355 Lares
1302 2327 1316 2355 ὲ
1329 2325 1486 2364 quibusdam
1501 2334 1628 2364 putentur
1642 2327 1693 2355 effe
1706 2325 1779 2354 Genii
1792 2326 1902 2363 quidam
1915 2327 1982 2358 diri,

411 2370 444 2398 ae
464 2362 595 2399 furiarum
615 2368 713 2392 natum
733 2361 825 2392 affines
844 2363 878 2392 ad
895 2365 1060 2402 puniendum
1082 2366 1144 2398 fasti
1157 2387 1166 2400 ,
1192 2367 1239 2405 qui
1260 2366 1287 2395 in
1308 2367 1374 2405 vitas
1388 2366 1543 2397 &familias
1555 2365 1700 2396 bominum
1713 2363 1870 2402 inspiciant:
1895 2364 1986 2401 itaque

1886 2411 1986 2431 canum
