2075 2734
400 99 453 140 724
686 93 1690 133 'AnriqurAruMRoiiiiiinunerot.

401 154 547 181 venerunt,
565 148 694 186 diligunt,
714 158 746 176 ex
760 149 791 176 iis
804 148 935 175 minimos
947 154 1037 179 aetate,
1059 147 1224 184 fortunaeque
1237 155 1366 183 perquam
1382 146 1469 174 tenuis
1482 145 1509 172 in
1518 143 1616 179 pilanos
1629 155 1637 169 :
1656 144 1689 184 iis
1701 141 1857 176 adultiores,
1878 145 1906 173 in
1921 155 1982 181 eos,

400 198 467 226 quos
480 186 587 223 histmos
601 193 698 215 vocant
713 196 718 213 :
738 193 815 215 aetate
828 195 858 213 ac
871 185 970 213 robore
983 186 1132 221 praestantes
1146 207 1154 217 ‚
1175 187 1201 213 in
1209 184 1330 219 principes
1342 197 1350 211 .-
1370 192 1433 213 natu
1447 184 1584 211 maximos
1604 183 1633 209 in
1644 184 1754 209 triarios.
1792 184 1850 211 Tot
1863 185 1938 212 enim
1949 195 1980 214 ac

399 226 463 255 tales
479 225 538 253 sunt
550 226 619 262 apud
632 226 772 251 Romanos
787 224 943 252 differentiae
958 231 1013 251 tam
1028 224 1237 261 appellationum
1254 233 1334 260 quam
1348 231 1456 251 aetatum
1470 243 1477 254 ,
1503 223 1562 250 imo
1577 222 1658 248 etiam
1669 227 1864 260 armaturarum
1878 223 1906 250 in
1919 233 1984 252 una-

399 273 504 302 quaque
517 263 630 301 legione.
669 262 854 299 Dividuntque
866 272 912 290 eos
925 261 1006 290 talem
1023 264 1049 290 in
1063 263 1177 290 modum
1191 283 1198 293 ‚
1215 269 1244 290 ut
1258 261 1308 289 sint
1319 261 1441 298 provecti
1454 268 1531 289 aetate
1542 281 1549 292 ‚
1569 259 1653 299 iidem
1667 257 1756 299 triarii
1768 278 1777 289 ‚
1797 268 1914 289 numero
1925 261 1982 290 sex-

400 303 472 331 centi
487 314 491 330 ;
514 301 634 337 principes
649 299 722 327 mille
736 301 863 332 ducenti,
884 301 916 328 iis
927 309 1001 336 pares
1013 300 1120 337 hastati:
1142 301 1236 337 reliqui
1250 308 1325 327 aetate
1340 299 1462 331 minimi,
1482 298 1589 330 velites,
1603 297 1725 331 pilanive.
1751 297 1832 333 Qod
1845 298 1863 325 fi
1878 300 1982 336 majore

401 350 517 369 numero
529 340 629 367 constat
643 338 715 375 legio
726 360 736 371 ‚
757 348 808 374 pro
821 340 947 374 portione
961 339 1120 367 divifionem
1135 338 1235 367 faciunt
1247 359 1255 370 ,
1275 336 1373 365 triariis
1386 338 1503 373 exceptis
1518 359 1524 368 ‚
1545 345 1660 374 quorum
1675 335 1748 363 idem
1765 335 1871 371 semper
1884 338 1918 364 est
1932 348 1982 365 nu-

401 388 501 406 merus.
543 378 582 404 Ex
598 377 704 414 fingulis
726 377 766 405 his
781 376 922 414 generibus
939 397 946 408 ‚
976 385 1153 415 praeterquam
1176 376 1190 404 ἐ
1210 384 1274 404 natu
1290 377 1410 403 minimis
1422 396 1429 408 ‚
1464 375 1567 413 eligunt
1583 374 1710 402 ordinum
1725 373 1848 401 ductores
1861 376 1981 411 optimos

400 416 519 453 quosque
532 416 625 442 decem
645 436 651 446 ‚
678 422 772 452 praeter
787 425 854 452 quos
867 415 979 443 aliorum
998 417 1091 444 decem
1108 415 1268 443 eleetionem
1285 414 1385 442 faciunt
1399 435 1405 445 ‚
1432 421 1511 451 atque
1529 413 1578 441 hos
1591 413 1700 450 quidem
1722 421 1818 439 omncs
1831 412 1982 440 centuriones

399 454 573 489 appellarunt:
595 462 710 489 quorum
726 454 770 490 qui
784 454 886 490 primus
900 454 997 482 elee'tus
1012 455 1047 481 est
1058 475 1064 485 ‚
1086 454 1115 481 fit
1128 454 1209 481 etiam
1224 452 1323 481 confilii
1339 452 1478 488 particeps.
1517 453 1554 481 Hi
1563 450 1649 479 rutilis
1663 450 1779 479 totidem
1794 450 1895 487 eligunt
1907 451 1982 489 reigi-

400 491 524 518 ductores.
568 491 671 527 Qiibus
683 492 795 528 peractis
810 501 873 519 cum
886 491 1067 519 centurionibus
1081 492 1203 519 dividunt
1216 499 1304 519 aetates
1319 490 1430 527 singulas
1450 491 1477 517 in
1490 498 1577 527 partes
1596 490 1692 528 decem
1707 510 1714 520 ,
1742 490 1858 528 exceptis
1866 488 1982 524 piliwrs:

398 530 571 566 praebentque
582 529 687 567 lingulis
699 529 817 566 partibus
831 539 863 557 ex
878 531 908 558 iis
923 531 967 567 qui
980 531 1035 566 jam
1051 530 1128 557 electi
1145 529 1218 558 sunt.
1240 530 1306 556 duos
1322 529 1394 555 disces
1404 549 1411 559 ‚
1432 528 1550 564 duosque
1562 526 1748 563 tergidutslores.
1790 527 1876 554 l’elites
1889 535 1981 555 autem

398 569 445 604 qui
463 567 598 603 superstant
612 589 619 598 ,
640 568 773 604 aequaliter
786 569 814 595 in
827 578 922 596 omnes
935 577 1022 606 partes
1037 568 1190 596 distribuere
1203 588 1210 598 ,
1230 566 1370 604 partesque
1382 566 1547 604 appellavere
1559 566 1683 593 ordinem
1694 585 1702 598 ,
1728 567 1754 593 ὃς
1769 565 1935 601 manipulum
1951 568 1979 594 ὃ(

399 606 522 642 fignum:
550 610 630 633 Duces
649 616 714 634 vero
726 627 733 638 ,
752 606 904 633 centuriones
916 628 924 638 ,
954 605 1108 641 &principes
1122 627 1129 635 .
1156 606 1199 634 seu
1214 606 1338 633 ductores
1352 606 1491 633 ordinum.
1532 605 1612 641 Qod
1633 603 1651 630 sl
1667 610 1778 639 uterquc
1790 605 1979 632 centurionum

398 644 463 671 adlit
472 665 478 675 ,
500 645 546 680 qui
560 645 663 680 primus
678 643 776 671 electus
789 645 825 672 est
834 646 939 681 ,praest
953 646 1051 673 deitrae
1063 646 1131 682 parti
1144 644 1259 673 ordinis:
1279 644 1324 681 qui
1337 643 1459 671 secundis
1473 643 1535 671 viris
1547 642 1651 678 praeest,
1671 641 1717 677 qui
1730 642 1762 668 ad
1773 641 1899 669 sinistram
1913 643 1980 679 figni

397 691 504 718 partem
518 682 587 710 sunt.
606 684 632 710 Si
646 693 701 710 non
715 682 779 711 adfit
792 691 916 720 uterque,
937 684 981 720 qui
995 683 1105 720 praesens
1121 683 1170 714 est,
1191 682 1281 720 praeest
1295 682 1433 710 omnibus.
1458 682 1499 709 Ex
1512 681 1551 708 his
1567 678 1724 716 intelligitur
1739 698 1746 709 ,
1767 680 1813 715 qui
1825 688 1981 708 centuriones

398 720 514 752 fuerint,
537 723 564 749 δε
576 721 718 757 quomodo
728 720 903 758 eligerentur,
924 721 1061 753 videlicet,
1082 730 1111 749 ut
1125 723 1214 758 paucis
1227 728 1363 756 repetam,
1381 718 1535 747 centuriones
1548 718 1654 747 fuerunt
1668 716 1720 748 illi,
1739 718 1785 753 qui
1797 717 1902 754 lingulis
1910 720 1982 747 ordi.

400 758 478 787 nibus
491 760 518 786 in
532 759 639 796 legione
653 766 790 795 praeerant.
820 760 891 787 Cum
904 767 995 788 autem
1007 759 1069 797 legio
1083 759 1271 797 posterioribus
1287 760 1397 795 quidem
1410 757 1578 794 temporibus
1591 757 1618 784 in
1634 756 1728 783 decem
1744 754 1867 783 cohortes
1880 757 1983 785 divide-

399 805 486 829 retur,
507 797 631 825 cohortes
646 797 750 834 fingulae
762 796 848 824 rursus
861 799 888 825 in
903 799 1008 826 ordines
1021 806 1110 826 ternos
1125 798 1241 835 exceptis
1255 797 1377 824 velitibus
1391 796 1622 824 distribuerentur.
1644 794 1689 830 qui
1703 793 1753 820 illis
1763 793 1901 821 ordinibus
1917 803 1983 831 prae-

398 843 474 864 erant
489 835 643 862 centuriones
655 835 820 863 dicebantur.
859 837 893 864 Et
906 837 927 863 is
939 836 1063 873 quidem,
1084 838 1129 874 qui
1142 837 1249 872 primus
1263 834 1411 862 triariorum
1424 834 1548 866 centurio,
1569 833 1622 860 five
1635 832 1786 859 triariorum
1802 833 1940 870 manipulo
1954 834 1982 862 in

399 875 488 910 prima
502 873 614 901 cohorte
627 881 752 909 praeerat,
773 881 852 910 atque
866 874 982 911 reliquos
996 884 1092 902 omnes
1104 874 1260 901 centuriones
1274 874 1403 911 dignitate
1416 872 1533 901 anteibat
1546 892 1554 903 ‚
1575 870 1728 906 consiliique
1740 871 1871 906 particeps
1885 871 1964 900 tiebat
1974 892 1982 904 ‚

393 910 540 945 primopilus
553 932 560 942 ‚
581 911 633 939 five
639 910 784 946 primipilus
796 932 803 943 ,
824 912 876 939 five
884 912 1006 946 primipili
1020 912 1130 939 centurio
1145 911 1290 940 vocabatur
1303 922 1308 938 ;
1329 912 1375 948 qui
1388 910 1536 938 triariorum
1552 908 1640 937 ordini
1661 907 1781 935 secundae
1796 908 1927 938 cohortis.
1940 911 1983 944 se-

399 949 476 976 cundi
492 948 578 977 triarii
588 948 698 976 centurio
715 960 721 976 :
741 950 786 986 qui
802 950 886 977 tertiae
901 950 1019 978 cohortis
1031 951 1125 978 triariis
1138 971 1146 982 ,
1166 949 1239 976 tertii
1250 949 1336 976 triarii
1349 949 1476 980 centurio,
1495 951 1521 977 ἃ
1536 948 1571 976 fic
1585 947 1709 982 deinceps
1723 945 1805 982 usque
1823 947 1854 973 ad
1871 947 1980 976 deoem:

399 988 446 1024 qui
459 988 572 1015 decimae
591 987 710 1015 cohortis
729 987 826 1015 triariis
844 996 956 1023 praeerat
968 1009 976 1020 ‚
1004 989 1103 1016 decimi
1121 986 1208 1015 triarii
1226 990 1338 1014 centurio
1358 987 1547 1023 appellabatur.
1587 986 1748 1024 Qanquam
1766 988 1864 1021 Sigonio
1877 986 1982 1021 placet,

397 1026 514 1062 reliquos
527 1024 676 1052 triariorum
689 1026 844 1052 centuriones
856 1026 914 1062 post
927 1027 1097 1063 primipilum
1110 1026 1232 1057 secundi,
1253 1026 1338 1056 tertii,
1359 1026 1459 1062 quarti,
1474 1026 1525 1052 δῖε.
1546 1022 1592 1059 pili
1606 1043 1613 1054 ,
1632 1031 1783 1049 centuriones
1795 1022 1882 1051 dictos
1896 1023 1983 1052 fuiffe.

397 1062 513 1091 Triarios
517 1062 638 1098 principes
650 1063 834 1101 sequebantur.
874 1065 929 1100 Qi
943 1064 1024 1100 igitur
1036 1065 1188 1100 principum
1203 1063 1292 1090 ordini
1303 1063 1332 1090 in
1344 1063 1433 1100 prima
1447 1061 1558 1090 cohorte
1571 1067 1696 1097 praeerat,
1711 1059 1793 1093 primi
1799 1060 1916 1096 pm'ncipis
1928 1072 1983 1090 cen-

398 1100 466 1128 turio
479 1122 488 1133 ‚
509 1101 555 1138 qui
573 1101 692 1129 secundae
707 1101 826 1129 cohortis
840 1102 950 1139 principi
964 1122 972 1133 ,
992 1102 1099 1131 secundi
1116 1102 1243 1138 principis
1258 1103 1394 1132 centurio,
1416 1102 1443 1128 in
1456 1100 1534 1128 tertia
1547 1097 1672 1128 cohorte,
1695 1098 1765 1126 tertii
1781 1099 1905 1135 principis
1921 1111 1982 1129 cen-

397 1141 487 1171 turio,
507 1142 532 1168 ὃ(
547 1139 582 1166 fic
595 1140 718 1175 deinceps
732 1139 813 1177 usque
828 1140 859 1167 ad
877 1141 982 1168 decem.
1012 1142 1052 1169 Ita
1067 1141 1147 1169 etiam
1163 1141 1209 1177 qui
1219 1138 1373 1176 hastatorum
1387 1138 1510 1166 ordinem
1523 1138 1617 1175 primae
1629 1134 1747 1164 cohortis
1761 1137 1886 1169 ducebat,
1901 1138 1982 1172 primi

397 1176 492 1215 hastati
504 1176 614 1205 centurio
626 1190 634 1204 :
654 1177 772 1206 secundae
785 1177 903 1206 cohortis
914 1199 922 1210 ,
945 1178 1051 1207 secundi
1064 1179 1156 1206 hastati
1168 1176 1294 1211 centurio,
1316 1179 1341 1205 ἃ
1355 1177 1389 1205 fic
1402 1177 1526 1213 deinceps
1540 1174 1620 1212 usque
1633 1175 1667 1202 ad
1678 1175 1782 1202 decem.
1824 1177 1981 1206 Traniibant

399 1223 489 1244 autem
505 1214 657 1243 centuriones
672 1216 777 1244 virtutis
789 1217 873 1253 gratia
885 1216 917 1243 ab
934 1216 1056 1245 inferiori
1068 1218 1163 1245 ordine
1177 1216 1208 1243 ad
1225 1215 1348 1244 altiorem
1362 1236 1370 1247 .
1392 1223 1423 1244 ut
1435 1214 1449 1243 ἐι
1464 1215 1572 1242 decimo
1583 1211 1677 1249 hastato
1691 1213 1723 1240 ad
1737 1222 1840 1240 nonum
1852 1225 1857 1240 ι
1877 1214 1891 1241 ὰ
1908 1225 1982 1243 nono

399 1255 432 1281 ad
447 1254 590 1282 oetas-um:
612 1254 661 1285 fic,
682 1255 764 1291 usque
776 1255 809 1282 ad
822 1255 943 1291 primum
959 1265 967 1281 ι
987 1254 1000 1282 ὲ
1016 1256 1108 1292 primo
1121 1264 1186 1283 vero
1198 1253 1294 1291 hastato
1308 1263 1362 1282 non
1375 1254 1408 1282 ad
1424 1254 1563 1282 decimum
1578 1252 1744 1289 principem,
1764 1250 1806 1279 sed
1824 1253 1856 1279 ad
1868 1262 1980 1286 primum

393 1290 546 1327 principem:
567 1302 617 1320 nec
630 1293 726 1320 deinde
739 1291 752 1319 ἐι
767 1293 859 1328 primo
872 1294 993 1329 principe
1005 1294 1036 1321 ad
1048 1294 1186 1322 decimum
1200 1292 1337 1325 niarium,
1357 1291 1400 1320 sed
1412 1292 1443 1320 ad
1456 1292 1576 1328 primum
1590 1288 1724 1318 triarium.
1746 1291 1791 1326 qui
1805 1292 1901 1326 primis
1912 1300 1980 1319 tem.

396 1331 508 1367 poribus
520 1330 663 1359 vocabatur
676 1331 780 1367 primus
797 1332 935 1360 centurio:
955 1331 1143 1368 posterioribus
1157 1330 1308 1366 primipilus.
1351 1332 1440 1367 Atque
1451 1337 1557 1358 tantum
1573 1330 1606 1357 de
1619 1327 1818 1355 centurionibus:
1844 1330 1888 1365 qui
1908 1330 1983 1366 plura

399 1367 474 1397 volet
486 1368 566 1403 scire,
588 1369 663 1397 adeat
677 1368 797 1396 carolum
810 1368 942 1408 sigonium
958 1370 1006 1397 lib.
1021 1380 1046 1398 2.
1066 1371 1100 1398 de
1117 1370 1236 1406 Antiquo
1250 1369 1310 1406 jure
1323 1368 1490 1396 Provinciar.
1504 1376 1562 1404 cap.
1581 1377 1606 1395 2.
1627 1369 1654 1395 δε
1666 1365 1767 1393 Aldam
1780 1366 1935 1395 tisanarium
1950 1369 1982 1397 li-

399 1407 449 1433 bro
465 1417 488 1443 3.
504 1407 538 1434 de
553 1407 673 1443 Qiaefitis
686 1416 733 1442 per
745 1408 883 1443 epistolam
893 1427 900 1440 ,
920 1408 1028 1444 epistola
1042 1419 1069 1446 3.
1087 1409 1132 1445 qui
1144 1407 1344 1443 diligentissime
1357 1406 1406 1435 hac
1417 1407 1450 1435 de
1462 1416 1492 1433 re
1505 1406 1671 1443 scripserunt.

439 1446 573 1472 Caeterum
593 1443 747 1471 centuriones
766 1445 812 1472 ubi
833 1446 914 1473 creati
933 1455 1029 1478 erant,
1058 1445 1173 1482 fingulos
1193 1445 1240 1473 fibi
1259 1444 1437 1473 adscisccbant
1455 1444 1591 1480 adjutores
1607 1464 1614 1474 ,
1646 1452 1715 1479 quos
1736 1443 1846 1479 Polybius
1864 1446 1983 1473 extremi

398 1483 514 1518 agminis
529 1503 536 1514 ‚
561 1483 603 1510 vel
621 1481 800 1519 tergidueffores
812 1494 823 1514 ,·
841 1486 917 1510 Wirro
936 1486 961 1511 8(
984 1483 1067 1520 Festus
1087 1484 1192 1517 accensos
1204 1503 1212 1514 ,
1234 1485 1261 1511 &
1279 1482 1386 1516 optiones
1407 1490 1514 1509 vocant.
1555 1482 1622 1509 Festi
1642 1480 1721 1507 verba
1741 1480 1798 1508 sunt
1814 1492 1820 1508 2
1840 1487 1912 1516 Optio
1933 1484 1979 1519 qui

399 1529 472 1547 nunc
491 1521 602 1552 dicitur,
623 1528 699 1547 antea
718 1519 896 1555 appellabatur
913 1522 1033 1555 accerfics.
1074 1522 1100 1548 Is
1119 1521 1226 1556 adjutor
1244 1519 1355 1548 dabatur
1372 1519 1516 1546 centurioni
1532 1518 1546 1546 a
1563 1518 1671 1547 tribuno
1692 1518 1807 1545 militum
1821 1541 1829 1551 ,
1856 1529 1885 1547 ut
1898 1529 1982 1556 quern.

399 1557 480 1585 vellet
499 1558 609 1595 eligeret
628 1558 698 1585 unde
718 1566 819 1585 nomen
838 1558 944 1586 sortitus
964 1559 1015 1586 est:
1042 1558 1155 1597 Vegetius
1173 1566 1264 1586 autem
1284 1556 1389 1592 optiones
1409 1557 1483 1585 fuisse
1502 1557 1583 1589 dicit,
1605 1557 1649 1593 qui
1668 1557 1885 1584 antecedentibus
1905 1560 1980 1595 aegri-

400 1597 493 1623 tudine
512 1596 651 1632 impeditis
663 1616 670 1627 ,
697 1603 825 1632 tanquam
845 1596 964 1632 adoptati
982 1606 1077 1624 eorum
1098 1604 1178 1634 atque
1196 1597 1287 1624 vicarii
1307 1595 1420 1623 solerent
1438 1595 1558 1623 universa
1577 1603 1729 1631 procurare.
1769 1596 1858 1631 Atque
1878 1595 1903 1622 hi
1924 1597 1981 1634 qui-

399 1634 463 1661 dem
483 1633 646 1670 pedestribus
667 1635 750 1670 copiis
768 1633 946 1670 praefiierunt:
978 1635 1109 1671 equitibus
1127 1642 1217 1662 autem
1231 1655 1240 1666 ,
1274 1635 1320 1670 qui
1340 1633 1445 1670 lingulis
1469 1633 1617 1669 legionibus
1638 1632 1723 1659 modo
1743 1633 1838 1660 duceni
1854 1654 1862 1667 ,
1895 1636 1981 1662 modo

399 1673 501 1700 treceni
516 1693 523 1704 ‚
551 1680 581 1700 ut
599 1672 716 1700 diximus
727 1692 734 1703 ,
764 1671 904 1701 affuerunt.
946 1672 1078 1709 Praepofin·
1098 1672 1157 1700 sunt
1176 1673 1193 1699 ii
1206 1693 1217 1705 ‚
1244 1673 1292 1709 qui
1303 1671 1414 1707 praeseffli
1429 1679 1545 1710 equitum
1558 1691 1566 1704 ,
1593 1680 1624 1698 ac
1641 1670 1782 1697 decuriones
1800 1673 1889 1700 vocati
1908 1672 1978 1700 sunt:

401 1719 521 1746 quorum
541 1710 579 1737 illi
598 1708 706 1737 tribunis
727 1709 846 1738 militum
864 1731 872 1742 ,
904 1710 931 1737 hi
951 1709 1135 1737 centurionibus
1154 1710 1346 1746 responderunt
1360 1730 1369 1742 ‚
1402 1719 1465 1737 curn
1484 1708 1602 1746 praefeffi
1622 1708 1673 1736 alas
1692 1709 1813 1745 equitum
1834 1711 1980 1743 ducerent,

398 1747 538 1775 decuriones
558 1758 622 1776 vero
641 1755 792 1775 turmarum
814 1749 942 1776 decurias.
984 1750 1025 1776 De
1044 1748 1138 1786 quibus
1157 1748 1284 1785 legendus
1309 1748 1336 1775 in
1356 1747 1425 1775 hunc
1444 1749 1558 1775 modum
1581 1746 1692 1783 Polybius
1718 1746 1785 1774 libro
1811 1751 1835 1775 6.
1871 1750 1982 1785 Equites

400 1788 480 1814 etiam
502 1788 529 1814 in
550 1786 643 1813 decem
666 1787 715 1814 alas
734 1786 856 1814 firniliter
874 1786 1033 1819 diviserunt,
1054 1795 1132 1823 atque
1152 1796 1184 1815 ex
1204 1786 1311 1823 lingulis
1330 1794 1384 1814 tres
1404 1785 1504 1823 eligunt
1525 1785 1612 1812 duces.
1652 1785 1673 1810 Ii
1694 1794 1758 1811 vero
1778 1785 1823 1821 ipfi
1843 1793 1895 1813 tres
1915 1788 1980 1814 allu-

400 1833 479 1852 munt
499 1825 692 1861 tergidue'tores
705 1844 712 1855 ‚
738 1825 835 1861 quique
856 1826 958 1861 primus
977 1825 1076 1852 electus
1096 1825 1132 1852 est
1145 1845 1151 1856 ‚
1172 1825 1263 1860 praeest
1283 1823 1337 1851 alce.
1376 1825 1438 1851 Duo
1459 1832 1523 1850 vero
1542 1821 1716 1850 decurionum
1738 1822 1827 1850 locum
1848 1824 1980 1853 obtinent.

402 1863 519 1892 Absente
540 1864 631 1899 primo
646 1883 652 1893 ‚
682 1862 809 1890 sccundus
830 1863 912 1899 primi
934 1863 1024 1890 locum
1046 1862 1159 1890 obtinet.
1199 1862 1334 1889 Ha&enus
1354 1861 1488 1899 Pofflbius:
1518 1860 1613 1897 quibus
1639 1869 1670 1887 ex
1692 1860 1777 1888 verbis
1805 1862 1977 1900 intelligitur,

401 1903 446 1938 qui
465 1901 584 1938 praet'ecti
604 1901 742 1937 equitum,
764 1901 810 1937 qui
828 1901 969 1928 decuriones
990 1901 1103 1931 fuerint,
1125 1903 1152 1929 δε
1172 1901 1243 1937 quod
1266 1900 1302 1928 illi
1322 1900 1403 1927 etiam
1422 1898 1545 1934 optiones.
1565 1896 1676 1936 Polrbius
1694 1898 1871 1935 tergitiuc‘t'ores
1891 1901 1981 1937 appel-

400 1939 437 1968 lat
449 1960 456 1972 ,
484 1939 530 1966 fibi
549 1938 698 1967 asciverint·
740 1939 801 1975 Qa
820 1938 853 1967 de
873 1948 902 1966 re
924 1941 1040 1966 Varronis
1059 1948 1167 1976 quoque
1187 1940 1214 1967 δε
1234 1937 1299 1976 festi
1320 1937 1399 1966 verba
1418 1947 1474 1965 non
1494 1937 1538 1965 abs
1559 1946 1587 1964 re
1612 1937 1662 1964 erit
1681 1937 1834 1965 adieribere.
1875 1940 1917 1966 Sic
1936 1949 1980 1966 au-

401 1986 459 2005 tem
480 1981 574 2003 Varro:
609 1979 714 2004 Turma
733 1984 821 2005 terma
841 1977 877 2005 est
892 1998 899 2009 ,
933 1977 1005 2014 quod
1025 1978 1128 2005 terdeni
1148 1977 1249 2013 equites
1269 1986 1300 2004 ex
1320 1976 1403 2004 tribus
1422 1975 1541 2004 tribubus
1563 1973 1720 2010 Tattenfium
1734 1996 1741 2006 ‚
1766 1975 1906 2004 Ramnium
1918 1998 1924 2009 ,
1953 1980 1980 2006 ὃς

401 2019 526 2042 Lucerum
546 2015 651 2043 fiebant.
690 2017 783 2051 Itaque
801 2016 884 2052 primi
904 2015 1063 2052 lingularum
1085 2016 1254 2043 decuriarum
1273 2014 1414 2042 decuriones
1432 2014 1514 2047 dieti,
1544 2013 1589 2050 qui
1608 2012 1641 2052 ab
1662 2022 1694 2040 eo
1712 2014 1741 2040 in
1759 2012 1865 2051 finguhs
1885 2018 1984 2043 turmis

404 2054 486 2081 etiam
506 2062 575 2080 nunc
595 2052 653 2080 sunt
673 2054 756 2085 terni,
777 2063 843 2090 quos
862 2053 889 2081 hi
909 2055 1000 2089 primo
1019 2055 1052 2081 ad
1072 2054 1206 2081 ministros
1228 2053 1274 2089 ipsi
1295 2053 1341 2080 fibi
1360 2051 1542 2090 adoptabant,
1561 2059 1668 2085 optiones
1687 2052 1776 2079 vocari
1795 2054 1890 2089 coepti,
1913 2063 1979 2090 quos

400 2100 472 2118 nunc
493 2098 601 2125 propoer
619 2089 797 2118 ambitionem
818 2091 911 2118 tribum
930 2092 1037 2120 faciunt.
1079 2092 1187 2119 Festus:
1215 2089 1289 2125 Optio
1314 2091 1341 2118 in
1361 2101 1389 2118 re
1409 2091 1517 2118 militari
1537 2088 1681 2126 appellatur
1701 2090 1721 2117 is
1735 2110 1742 2122 ,
1767 2099 1850 2126 quem
1867 2092 1980 2123 dcic'fflo,

403 2137 453 2168 aut&
466 2137 572 2154 canutio
591 2134 666 2165 optat
686 2127 731 2156 libi
750 2139 840 2158 rerum
859 2131 1022 2168 privatarum
1042 2129 1210 2163 ministrum,
1231 2139 1285 2169 quo
1303 2128 1405 2159 facilius
1423 2127 1503 2157 obeat
1522 2128 1612 2156 officia
1629 2126 1742 2166 publica.
1782 2131 1870 2166 Atque
1889 2129 1923 2159 dc
1941 2130 1980 2159 his

400 2167 540 2196 haztems.

1875 2323 1980 2351 Car,
