2075 2734
621 88 702 116 De
759 72 954 125 Jove.
1014 87 1171 123 CAP.5.
1646 101 1695 122 107

117 150 169 179 que
184 141 272 179 operis
287 141 310 169 ei
325 140 453 169 ascribere
466 151 472 168 :
491 146 618 169 neutrum
632 145 723 166 autem
739 146 772 165 eo
787 138 933 174 accipiente
949 159 956 170 ‚
978 138 1004 165 in
1019 137 1130 164 Pantheo
1149 136 1206 174 ipso
1221 137 1326 166 Caesaris
1340 136 1481 175 superioris
1496 139 1608 169 statuam
1623 141 1696 170 suam

117 182 144 208 ὃς
159 181 268 218 Augusti
282 181 308 208 in
324 178 452 207 vestibulo
466 178 561 217 posuit.
601 178 635 205 Et
649 174 747 204 Plinius
759 197 766 208 ,
795 176 918 213 Agrippae
934 175 1082 204 Pantheum
1098 177 1235 204 decoravit
1251 175 1372 214 Diogenes
1388 177 1552 206 Atheniensis
1567 189 1572 206 2
1600 181 1626 208 δε
1641 183 1698 207 Ca-

115 217 226 257 ryatidcs
239 220 267 246 in
281 219 413 247 columnis
427 216 522 253 templi
536 217 591 252 ejus
606 215 754 251 probantur
774 215 844 242 inttr
860 223 941 251 pauca
954 223 1084 250 operum:
1099 215 1164 242 ficut
1177 215 1204 242 in
1220 214 1323 252 fastigio
1336 215 1420 252 pofita
1429 216 1514 254 signa,
1535 216 1578 244 sed
1586 225 1696 255 propter

115 257 286 284 altitudinem
301 257 354 285 loci
369 257 455 284 minus
471 254 608 282 celebrata.
648 253 678 280 In
696 252 798 280 honore
812 252 848 279 est
864 254 890 280 &
908 253 935 279 in
949 252 1054 288 templo
1068 253 1114 280 illo
1129 252 1261 283 Hercules,
1282 254 1313 280 ad
1328 263 1411 291 quem
1425 255 1503 282 Poeni
1517 256 1643 284 omnibus
1650 266 1695 285 an-

117 295 157 322 nis
172 294 287 323 humana
300 295 509 323 sacrificaverunt
523 291 633 319 vietima
642 311 649 322 ‚
670 290 747 318 humi
761 291 844 320 stans,
862 297 924 317 ante
938 290 1040 317 aditum
1056 292 1175 327 porticus
1190 292 1343 328 agnationes
1357 292 1417 320 fitae.

178 342 196 359 υ
206 343 218 360 1>
228 344 236 360 ι
247 344 263 361 τ
273 343 286 361 E
297 345 312 362 a
333 334 356 360 C
364 343 380 360 o
390 343 407 360 N
417 343 429 359 s
441 341 455 358 e
466 341 481 357 R
490 340 507 357 v
517 340 533 356 A
543 340 560 357 τ
569 340 585 357 o
597 340 613 357 R
634 327 648 355 ἐι
660 330 823 363 conft’rz-nndo
837 328 923 355 didius
931 349 937 359 ‚
958 327 972 355 ἐι
987 329 1133 356 Domitiano
1147 330 1313 358 consecratus
1327 331 1363 357 est
1371 351 1378 362 ‚
1398 330 1471 367 quod
1486 329 1571 367 ipsum
1587 332 1614 358 in
1628 331 1694 360 sedi-

117 371 193 399 tione
208 371 349 399 Vitelliana
362 368 375 396 ὲ
390 370 480 397 furore
498 367 614 395 hostium
636 367 810 395 conservasset
824 378 829 393 :
858 367 892 393 de
906 376 960 403 quo
973 366 1008 393 fic
1029 366 1134 397 Tacitus
1148 367 1193 395 lib.
1210 379 1234 405 3.
1256 369 1356 396 Histor.
1370 378 1413 404 74.
1433 368 1595 396 Domitianus
1605 370 1693 407 prima

117 409 264 445 irruptione
277 409 343 447 apud
357 408 484 435 aedituum
501 406 663 437 occultatus,
678 405 783 433 solertia
799 404 900 437 liberti,
916 405 986 431 lineo
1001 405 1102 432 amietu
1122 405 1203 432 turbae
1223 405 1408 435 sacricolamm
1430 407 1573 435 immixtus
1586 428 1592 439 ‚
1621 410 1695 445 igna-

118 446 226 484 rusque,
243 447 309 484 apud
323 445 479 473 Cornelium
494 444 616 471 Primum
631 451 774 480 paternum
787 442 913 470 clientem
923 463 930 474 ‚
950 443 1025 478 juxta
1039 441 1187 471 Velabrum
1201 443 1314 473 delituit.
1354 447 1394 472 Ac
1406 446 1527 481 potiente
1542 455 1633 473 rerum
1648 455 1693 483 pa-

115 492 172 516 tre,
192 484 301 520 disjecto
314 484 402 511 aeditui
415 481 592 510 contubernio
606 502 614 513 ‚
634 483 775 509 modicum
790 481 912 509 fiacellum
934 483 975 520 Jo
985 491 1017 509 vi
1039 481 1087 508 Co
1097 491 1114 508 N
1124 492 1135 507 s
1147 491 1159 508 ε
1171 492 1184 507 ιι
1193 491 1210 508 v
1220 493 1236 509 A
1245 493 1262 510 τ
1271 494 1287 510 o
1297 494 1312 510 R
1323 494 1331 510 1
1347 504 1353 511 .
1380 492 1507 521 aramque
1521 483 1609 520 posuit
1624 505 1631 515 ‚
1651 495 1694 513 ca.

116 522 208 559 susque
221 522 278 549 suos
293 523 320 549 in
334 530 472 548 marmore
487 521 618 558 expressit.
639 522 706 549 Mox
722 521 867 556 imperium
882 519 992 555 adeptus
1008 540 1015 551 ,
1035 519 1073 551 JO
1083 529 1099 546 v
1113 529 1120 545 1
1145 520 1215 546 CUs
1225 531 1268 547 ‘ro
1278 531 1312 547 ni
1334 521 1469 556 templum
1485 522 1593 559 ingens,
1613 521 1692 559 seque

115 561 142 588 in
155 560 210 587 finu
224 560 274 587 Dei
288 559 414 592 sacravit,
430 561 481 588 ἃς.
501 559 589 595 Hujus
602 558 714 594 templi,
736 559 808 595 quod
825 558 852 585 in
867 557 1003 594 Capitolio
1018 556 1171 585 exaudium
1187 556 1237 584 fuit
1253 579 1259 589 ‚
1281 559 1407 585 meminit
1422 560 1503 587 etiam
1518 560 1650 587 Suetonius
1665 562 1692 589 in

113 597 286 629 Domitiano,
308 608 365 635 cap.
374 609 398 633 5.
420 598 517 625 Extant
532 597 613 624 etiam
628 598 735 624 nummi
750 603 852 624 veteres
866 598 929 623 [αντε
941 596 1127 630 Conftrvatorts
1142 595 1332 623 fimulachrum
1349 600 1375 625 ὃς
1391 607 1493 626 nomen
1507 598 1693 632 continentes,

112 633 193 672 qualis
207 636 287 663 eiiam
303 635 347 664 hic
361 636 397 663 est
409 633 587 667 Maximiani,
608 642 693 664 notat.
709 637 740 662 C.
755 636 790 662 D.
810 636 849 662 Ut
863 634 954 661 videre
969 635 1006 661 est
1019 635 1046 661 in
1059 632 1150 661 fronte
1163 633 1224 661 libri
1241 644 1265 662 2.

147 674 307 710 JUPITER
327 676 410 705 Sor,
431 673 473 701 vel
488 672 532 700 Sol
547 676 693 701 HELIAG
706 681 859 704 ABALUs‚
879 673 950 700 unde
964 672 1050 699 dietus
1064 671 1125 698 alibi
1139 672 1320 708 explicabitur.

149 711 168 736 F
178 720 195 737 A
204 721 220 738 o
230 720 270 738 ur
283 723 296 739 A
307 723 322 740 L
336 723 344 739 1
356 724 368 740 s
388 714 430 750 Ju
440 722 454 739 1¹
464 723 470 739 1
482 721 499 738 τ
512 722 526 739 ε
535 723 552 739 n
572 710 659 749 dfhgu
673 711 758 738 dietus
768 732 775 743 ‚
796 720 853 748 quae
868 711 931 748 Jovi
945 710 1015 738 sacra
1028 709 1187 738 habebatur:
1209 711 1271 738 inde
1285 711 1342 746 ejus
1356 709 1477 739 sacellum
1492 713 1611 749 Fagutal.
1639 715 1687 742 Fe-

108 747 168 776 stus.
188 750 300 787 Fagutal
311 749 435 778 sacellum
449 750 525 787 Jovis
540 771 547 781 ‚
569 749 596 776 in
611 759 666 786 quo
681 749 731 777 fuit
738 749 816 786 firgus
832 749 911 776 arbor
925 770 932 780 ‚
952 758 1009 785 quae
1024 749 1087 786 Jovi
1102 748 1172 776 sacra
1186 748 1339 776 habebatur.
1375 750 1503 777 Meminit
1518 751 1574 785 ejus
1590 754 1615 780 ὅ(
1631 755 1691 779 Var.

106 795 149 818 ro,
170 788 197 815 &
213 786 310 815 Plinius
323 789 366 816 lib.
379 792 418 815 ιζ.
434 797 490 824 cap.
499 791 524 815 6.
538 788 583 824 qui
598 789 680 816 etiam
697 788 786 819 addit,
806 797 861 815 non
874 787 968 825 procul
982 787 1013 814 ab
1027 796 1060 814 eo
1074 786 1169 815 lacello
1183 789 1209 815 δε
1224 787 1315 816 lucum
1324 786 1429 825 frigeam
1442 789 1500 816 elle.
1535 789 1690 819 collocatur

106 824 134 851 in
150 826 260 862 regione
273 827 392 858 decima,
413 824 426 853 zi
441 836 495 863 quo
510 826 663 854 extructum
679 825 773 857 fuerit,
794 826 938 854 incertum.

139 864 170 901 ¹V
183 874 236 891 1Ml
248 876 263 891 N
275 875 333 892 fius
353 867 462 903 Ju1¹1T
472 875 486 892 E
496 875 511 892 R
531 864 544 891 ἐι
558 863 694 892 viminibus
707 865 806 892 dietus*
828 864 898 891 unde
911 865 994 892 etiam
1009 863 1088 891 Collis
1103 862 1246 892 viminalis.
1272 867 1368 891 Varro.
1389 862 1523 891 viminalis
1535 863 1549 890 ὲ
1563 867 1631 903 Jove
1647 865 1690 893 Vi-

106 909 202 933 mtneo,
223 903 294 939 quod
309 902 345 930 ibi
361 912 410 930 ππ
422 902 482 930 sunt
496 904 568 940 eju5‚
588 911 632 930 aut
647 903 718 940 quod
734 902 769 930 ibi
786 902 915 929 vimineta
930 901 1046 930 fuerunt.
1066 901 1150 939 Festus
1163 913 1171 929 .-
1193 901 1337 930 Viminalis
1351 910 1429 938 porta
1441 904 1467 930 &
1481 901 1555 929 collis
1577 903 1689 940 appella-

107 936 216 970 bantur,
237 941 308 977 quod
324 941 360 969 ibi
375 941 507 968 viminum
523 941 594 978 sylva
608 940 682 967 fuiffe
697 941 817 972 videtur,
837 940 883 968 ubi
897 941 933 967 est
947 943 974 969 &
989 950 1032 968 ara
1046 943 1099 968 lom
1115 939 1222 968 Vimineo
1237 939 1395 968 consecrata.

141 978 165 1004 A
175 988 190 1005 R
199 987 213 1004 B
222 988 230 1005 1
239 989 256 1005 τ
267 990 281 1006 R
292 991 306 1006 A
318 990 359 1007 το
368 990 384 1007 R
395 990 401 1007 1
412 991 423 1006 s
445 980 458 1012 J
469 991 485 1007 o
495 991 510 1008 v
520 990 527 1007 1
537 991 549 1007 s
570 978 705 1015 templum
718 980 746 1008 in
761 979 867 1007 decima
879 978 960 1007 Urbis
974 980 1085 1017 regione
1099 979 1209 1016 ponitur
1223 980 1238 1006 a
1253 977 1363 1006 Vitare:
1384 980 1410 1007 &
1425 977 1571 1015 appellatur
1585 983 1683 1007 Penta-

94 1012 180 1051 Pylw,
199 1016 270 1052 quafi
283 1019 400 1055 quinque
414 1025 563 1054 portarum.

142 1053 218 1080 PRAE
229 1065 246 1082 D
256 1066 297 1082 Ar
307 1066 323 1083 ο
333 1067 348 1084 n
368 1058 383 1094 J
395 1066 411 1083 u
421 1067 479 1084 111³-
489 1068 503 1084 ε
514 1068 527 1083 ιι
549 1056 563 1084 Ξι
577 1055 662 1090 prada
676 1057 818 1094 appellatus
832 1067 840 1087 5
863 1056 935 1093 quod
952 1057 977 1084 ei
999 1055 1014 1083 ὲ
1029 1055 1115 1092 praeda
1129 1055 1227 1092 aliquid
1242 1054 1394 1083 deberetur.
1419 1053 1522 1082 Servius
1539 1067 1562 1094 3.
1580 1056 1686 1084 AEneid.

103 1089 252 1125 Romanis,
273 1095 373 1131 inquit,
393 1097 476 1123 moris
494 1094 559 1127 suit,
578 1101 608 1122 ut
622 1094 689 1122 bella
703 1096 800 1133 gesturi
815 1116 822 1127 -,
844 1095 877 1122 de
894 1102 969 1131 parte
984 1095 1078 1131 pracdae
1094 1094 1193 1131 aliquid
1208 1093 1364 1121 numinibus
1378 1093 1567 1129 pollicerentur
1582 1116 1589 1126 ‚
1618 1096 1685 1122 adeo

102 1134 133 1154 ut
148 1129 244 1158 Romae
259 1130 338 1160 fuerit
352 1142 438 1160 unum
455 1133 589 1169 templum
604 1131 685 1169 Jovis
699 1132 863 1164 Praedamris,
883 1143 939 1160 non
954 1133 1025 1169 quod
1041 1133 1134 1168 pracdae
1149 1132 1254 1168 praeest,
1274 1131 1317 1158 sed
1331 1132 1403 1168 quod
1418 1131 1442 1158 ei
1456 1131 1552 1169 aliquid
1563 1133 1688 1169 expraeda

99 1165 234 1195 debeatur.
253 1170 341 1198 Locus
354 1170 432 1206 hujus
447 1170 555 1207 templi,
577 1173 604 1199 ἃ
619 1171 633 1198 ὲ
648 1181 702 1209 quo
716 1171 795 1199 fuerit
808 1170 1007 1202 consecratum,
1027 1171 1174 1207 ignoratur.

140 1206 171 1231 M
181 1215 197 1232 A
206 1216 238 1232 nx
251 1218 266 1233 A
276 1219 292 1234 N
302 1218 319 1235 u
329 1219 340 1234 s
360 1210 403 1244 Ju
412 1219 425 1234 P
434 1220 443 1236 1
453 1219 468 1234 τ
480 1219 493 1235 r,
502 1219 517 1234 R
537 1211 551 1235 a
565 1208 649 1234 Mario
661 1210 747 1236 dietus
760 1210 796 1235 est
810 1229 818 1240 ,
839 1210 884 1244 qui
898 1217 961 1235 cum
977 1209 1078 1235 caetcris
1092 1208 1280 1235 monumentis
1295 1206 1429 1243 templum
1446 1207 1470 1234 ei
1483 1208 1612 1235 condidit.
1653 1209 1685 1236 In

99 1239 152 1268 hoc
166 1243 424 1272 Senatusconsultum
439 1245 541 1271 fastum
555 1245 591 1272 est
604 1245 638 1272 de
652 1246 804 1273 revocando
818 1249 932 1272 Cicerone
946 1245 978 1272 ab
992 1245 1071 1272 exilio
1086 1265 1093 1276 ‚
1115 1245 1187 1282 quod
1203 1244 1249 1280 ipsi
1265 1251 1321 1272 erat
1342 1253 1389 1280 per
1403 1244 1541 1272 lbmnium
1557 1245 1685 1282 fignifica-

100 1283 159 1304 tum
168 1299 174 1310 ‚
195 1287 225 1308 ut
239 1280 326 1309 scribit
341 1281 463 1310 Valerius.

137 1317 185 1357 *Po
194 1327 214 1344 Μ
224 1329 238 1346 Ρ
249 1328 262 1345 ε
271 1328 284 1354 J
296 1330 312 1346 A
322 1330 337 1346 xx*
347 1329 384 1347 us
405 1322 447 1358 Ju
457 1331 470 1347 P
480 1331 487 1347 1
496 1331 512 1347 τ
522 1330 536 1347 ε
546 1332 561 1348 n
570 1341 578 1352 ‚
599 1321 720 1348 Coloffus
739 1321 790 1349 fuit
811 1321 903 1359 Jovis,
923 1320 1027 1348 eximia:
1044 1319 1251 1357 magnitudinis,
1271 1319 1306 1347 fic
1324 1320 1410 1347 dietus
1425 1317 1438 1346 :i
1453 1319 1550 1346 theatro
1563 1321 1683 1356 Pompe-‘ji²

101 1362 175 1389 cujus
191 1355 291 1384 vicinus
306 1356 364 1384 fuit.
386 1357 454 1385 Plin.
468 1357 511 1386 lib.
530 1367 571 1393 24.
586 1367 642 1395 cap.
660 1368 683 1393 7.
704 1359 806 1389 Moles,
829 1359 930 1394 inquit,
950 1358 1113 1395 excogitatas
1127 1358 1248 1385 videmus
1264 1357 1407 1384 statuarum
1417 1378 1424 1388 ‚
1444 1367 1508 1394 quas
1521 1358 1578 1384 Colo
1598 1369 1622 1386 os
1637 1369 1681 1387 vo-

99 1399 160 1419 cant
175 1413 182 1424 ,
203 1393 316 1421 turribus
330 1394 435 1423 fimiles.
474 1395 546 1423 Talis
562 1397 589 1424 in
606 1398 712 1433 Campo
728 1397 828 1425 Martio
842 1416 849 1427 ,
869 1396 975 1433 Jupiter
995 1394 1009 1422 ’.ὶ
1030 1395 1137 1422 Claudio
1157 1395 1250 1429 Cafire
1270 1395 1370 1423 dicatus
1385 1415 1392 1426 ‚
1419 1396 1465 1432 qui
1486 1395 1548 1423 ideo
1571 1404 1682 1426 vocatur

97 1431 275 1464 Pompejanus‚
295 1431 309 1459 ὲ
323 1433 457 1462 vicinitate
471 1434 576 1462 theatri.

135 1469 177 1505 Jo
187 1479 240 1498 vis
262 1471 330 1498 Pno
340 1481 354 1499 P
363 1480 405 1499 ue
415 1483 432 1500 N
445 1483 461 1500 A
471 1483 487 1500 τ
496 1483 512 1500 0
523 1482 540 1500 R
552 1483 561 1501 1
575 1484 586 1501 s
607 1473 674 1500 aedes
690 1473 717 1500 in
735 1471 836 1500 Palatio
851 1472 917 1505 fuit,
937 1472 1012 1509 cujus
1027 1472 1132 1499 mentio
1148 1471 1178 1499 fit
1195 1471 1223 1498 in
1237 1471 1348 1508 antiquo
1363 1471 1579 1509 Epigrammate:

576 1520 605 1546 P.
645 1519 936 1546 MARCIUS.
977 1518 1185 1545 VERUS.

413 1556 1201 1584 1MP.COMMOD0.V1.ET1³E

523 1594 1028 1622 NIOSEPTIMIAN
1127 1593 1243 1621 COS.

1184 1638 1259 1703 g.

519 1641 602 1668 AN.
642 1641 670 1667 P.
694 1641 728 1667 R.
761 1639 1018 1667 C.Dccccxt1.
1060 1641 1095 1667 K.
1137 1640 1163 1666 D
1226 1639 1251 1665 C

433 1677 1163 1709 IN.PALATIO.1N.AEDE.J
1232 1676 1338 1706 VIS.

604 1716 1167 1744 PROPUGNATORIS.

592 1763 655 1789 IN
696 1763 908 1790 LOCUM
947 1762 976 1789 P.
1017 1761 1164 1790 VERI

453 1801 485 1829 L.
524 1801 795 1829 ATILIUS.
834 1800 1121 1828 CORNELI

693 1839 1079 1866 COOPTATUS.

134 1888 229 1918 Pueri
238 1898 280 1919 ΑΝ
289 1901 306 1919 τ·
320 1902 329 1919 1
341 1902 353 1920 s
375 1893 416 1930 Jo
426 1901 442 1919 v
454 1901 463 1918 1
476 1902 487 1919 s
508 1890 644 1928 templum
659 1891 704 1920 ubi
721 1891 816 1923 fuerit,
840 1889 948 1928 &Dique
958 1890 1110 1919 extructum
1120 1891 1261 1929 cognitum
1270 1890 1314 1918 est.
1336 1891 1451 1919 Fuerunt
1468 1892 1493 1919 δε
1509 1890 1558 1919 alia
1572 1900 1674 1929 cogno-

99 1926 172 1954 mina
187 1927 278 1965 quibus
290 1931 389 1964 Jupiter
403 1929 453 1958 fuit
467 1928 480 1957 ὲ
494 1930 625 1957 veteribus
639 1930 792 1967 infignitus‚
814 1931 839 1958 ὅτ
855 1929 953 1967 cultus:
975 1938 1092 1967 quorum
1105 1930 1225 1967 quaedam
1241 1939 1272 1957 ex
1288 1932 1395 1955 Varrone
1413 1929 1555 1958 recitantur
1568 1929 1600 1957 ab
1615 1934 1674 1958 Aa·

99 1964 157 2004 tjelio
173 1966 310 2004 Augustino
323 1968 366 1996 lib.
382 1980 405 2004 7.
420 1969 454 1996 de
469 1968 586 1997 Civitate
601 1969 660 1996 Dei.
682 1978 738 2005 cap.
757 1978 796 1996 12.
830 1969 963 1997 Dixerunt
977 1989 983 1999 ‚
1003 1968 1090 2004 inquit
1104 1989 1111 2000 ‚
1132 1977 1195 1994 eum
1209 1966 1330 1994 victorem
1343 1986 1351 1995 ‚
1370 1966 1509 1996 invidiam,
1528 1967 1650 2001 opitulum
1661 1989 1671 2003 ,

97 2003 262 2038 tmpulsorem‚
274 2004 413 2042 statorem,
431 2007 635 2041 centumpedam,
647 2006 803 2041 supinalem.
823 2005 948 2043 tigillum,
969 2005 1084 2035 almum,
1105 2006 1236 2032 ruminum
1251 2026 1257 2036 ‚
1278 2007 1303 2033 a<
1320 2004 1368 2032 alia
1381 2026 1388 2036 ,
1409 2014 1465 2042 quae
1481 2005 1601 2043 persequi
1614 2007 1672 2035 lon-

98 2049 164 2078 gum
179 2043 222 2071 est.
241 2046 304 2071 Haec
319 2047 411 2073 omnia
430 2046 594 2083 cognomina
608 2043 791 2081 imposuerunt
806 2045 852 2071 uni
867 2045 928 2071 Deo
943 2052 1054 2080 propter
1071 2043 1155 2071 caulos
1170 2065 1176 2075 ‚
1197 2043 1389 2080 potestatesque
1409 2043 1522 2071 diversas
1538 2055 1543 2071 :
1562 2054 1617 2072 non
1633 2052 1671 2072 ta-

97 2088 163 2106 men
178 2088 285 2117 propter
299 2089 339 2111 tot
353 2093 392 2111 res
402 2105 409 2115 ‚
429 2085 511 2111 etiam
521 2090 562 2111 tot
569 2085 643 2111 Deos
651 2093 712 2110 eum
722 2083 772 2110 esse
779 2084 939 2119 coe'gemnt:
962 2082 1034 2119 quod
1043 2083 1134 2109 onmia
1141 2080 1248 2107 vinceret
1256 2103 1264 2113 ‚
1284 2083 1355 2117 quod
1364 2080 1377 2108 a
1386 2082 1495 2109 nemine
1504 2082 1671 2115 vinceretur,

97 2118 169 2154 quod
187 2127 267 2154 opem
282 2120 458 2158 indigentibus
474 2121 555 2148 ferret
570 2143 576 2153 ,
598 2122 670 2159 quod
686 2121 778 2149 habeat
793 2119 936 2155 impellendi
949 2142 958 2152 ,
972 2119 1103 2155 statuentia
1117 2140 1123 2150 ‚
1137 2117 1282 2156 stabiliendi
1295 2140 1302 2151 ‚
1323 2119 1481 2153 resupinandi
1495 2121 1653 2155 potestatem
1663 2141 1671 2153 ‚

97 2157 169 2192 quod
179 2164 304 2194 tanquam
310 2157 402 2196 tigillus
412 2160 544 2187 mundum
554 2163 704 2187 contineret
712 2181 719 2192 ,
740 2169 770 2187 ac
778 2158 914 2186 sustineret
922 2180 928 2190 ‚
949 2158 1021 2195 quod
1031 2158 1113 2185 aleret
1122 2158 1214 2184 omnia
1222 2178 1228 2188 ‚
1250 2158 1320 2194 quod
1329 2168 1402 2185 ruma
1411 2179 1418 2189 ‚
1439 2158 1466 2185 id
1473 2158 1508 2184 est
1516 2178 1524 2189 ,
1546 2168 1670 2186 mamma

95 2193 178 2222 aleret
186 2195 321 2226 animalia,
336 2198 385 2224 &c.
404 2198 435 2225 ad
443 2207 524 2235 quem
538 2199 629 2225 locum
645 2198 773 2225 videndus
787 2197 867 2226 etiam
884 2195 968 2233 Jotm.
980 2197 1117 2222 Ludozvcus
1129 2198 1209 2223 Vn-es.
1227 2195 1299 2227 Jovis
1314 2195 1489 2232 Opitulatoris
1496 2197 1577 2224 etiam
1586 2196 1671 2234 Festus

96 2235 225 2261 meminit
240 2233 280 2260 his
295 2233 394 2262 verbis.
413 2236 528 2270 opitulus
542 2235 668 2273 Jupiter,
677 2235 718 2269 &¹
732 2235 875 2270 opitulator
889 2236 975 2263 dicius
989 2235 1039 2266 est,
1059 2233 1128 2271 quali
1142 2236 1200 2267 Opt's
1211 2232 1283 2260 lator.
1304 2233 1472 2271 Adultojovi
1485 2236 1511 2261 in
1521 2237 1618 2271 nuptiis
1632 2234 1669 2261 sa-

96 2271 275 2304 crificabatur,
295 2272 329 2298 de
343 2281 396 2309 quo
409 2274 474 2309 post.
513 2275 618 2309 Dopalis
630 2273 700 2307 Jovis
715 2275 784 2301 Cato
797 2273 865 2301 libro
879 2274 912 2300 de
929 2275 970 2300 Re
986 2273 1078 2300 rustica
1091 2272 1229 2299 meminit:
1252 2271 1358 2299 fortasse
1371 2272 1406 2300 iic
1413 2272 1498 2299 dietus
1506 2272 1570 2304 fuit,
1594 2272 1666 2309 quod

97 2309 121 2337 ei
135 2310 205 2338 sacra
219 2309 304 2346 dapali
319 2310 397 2346 epulo
412 2311 512 2340 fierent.
553 2314 603 2341 Sed
618 2313 676 2340 satis
691 2312 745 2339 haec
759 2312 808 2339 sint
824 2312 858 2339 de
872 2310 943 2348 Jove
956 2332 964 2343 ‚
986 2312 1013 2338 in
1030 2311 1103 2347 cujus
1118 2309 1224 2337 historia
1236 2309 1365 2346 prolixior
1380 2310 1432 2344 fui,
1453 2309 1667 2348 cumipseetiam

95 2355 146 2386 pro
159 2349 282 2386 Principe
290 2368 298 2382 ,
320 2350 347 2379 ὃς
360 2356 434 2387 patre
446 2349 538 2380 Defim
551 2350 750 2389 hominumque
764 2350 795 2379 fit
807 2349 918 2380 habitus,
958 2349 1164 2416 Proggdiamur
1177 2357 1249 2378 nunc
1264 2349 1297 2378 ad
1310 2349 1379 2378 alias.
1622 2387 1644 2415 A

1073 2397 1087 2415 2
1653 2395 1672 2413 1)

1142 1800 1309 1827 ANUS.
