2075 2734
246 104 360 130 Luci-:s
381 108 575 129 ουοοεειΜ
595 100 786 128 Trinumm-
805 108 878 127 cuM
900 110 1007 129 naevi
1028 110 1208 130 ςοΜΜεΝτ.
1249 104 1329 131 Car.
1349 105 1375 131 6.
1565 117 1617 146 573

83 162 236 186 patronatus
249 160 340 181 autem
355 154 380 180 ὃς
396 150 570 179 clientelarum
579 150 645 183 jura
660 148 736 185 supra
752 148 821 176 libro
842 150 933 185 primo
949 150 1143 186 descripsimus.
1181 152 1258 189 Agel.
1274 151 1318 180 lib.
1335 163 1378 180 20.
1393 162 1449 191 cap.
1463 165 1483 182 r.
1497 157 1523 183 &
1536 155 1583 185 lib.
1593 168 1620 194 5.

43 206 99 233 cap.
118 207 160 232 13·
173 192 262 221 scribit
278 212 285 223 ‚
306 191 420 227 antiquis
438 188 530 226 populi
544 189 663 214 Romani
678 187 798 214 moribus
814 197 1001 224 comparatum
1021 189 1095 216 iuisse
1109 210 1116 220 ,
1144 196 1172 216 ut
1186 191 1313 219 clientem
1327 192 1354 219 in
1369 192 1451 220 fidem
1466 203 1619 231 receptum.

42 235 188 262 chariorem
204 230 332 258 haberent
347 237 427 265 quam
447 227 630 263 propinquos:
657 235 775 267 eumque
794 227 876 254 etiam
895 226 1017 254 adversus
1035 225 1084 254 hos
1109 235 1265 256 tuerentur:
1287 231 1351 266 quin
1365 232 1392 258 ὅ(
1404 230 1502 259 licuisse
1509 233 1624 266 patronis

41 270 210 309 testimonium
219 278 264 303 pro
275 270 365 295 cliente
378 264 500 293 adversus
510 271 638 300 cognatos
651 264 751 293 dicere,
775 264 897 292 adversus
912 265 1036 292 clientem
1052 275 1107 292 non
1121 265 1228 293 licuisse.

78 313 151 336 Sacer
164 306 241 345 esta]
262 310 336 333 Sacer
349 304 434 331 homo
450 302 500 331 est,
521 310 602 337 quem
617 301 727 337 populus
738 303 867 337 judicavit
881 302 916 330 ob
930 303 1091 331 maleficium
1108 324 1114 334 ‚
1134 312 1269 340 quemque
1284 315 1339 334 non
1362 306 1399 334 fas
1414 307 1450 334 est
1463 308 1617 344 immolari,

38 345 83 374 sed
98 347 142 384 qni
156 355 218 374 eum
234 345 346 374 occidit,
366 339 500 378 parricidii
513 348 568 366 non
582 339 736 367 damnatur:
758 338 849 378 Festus.
871 341 904 369 Et
916 341 995 377 paulo
1009 342 1091 369 infra:
1112 340 1204 379 Qtvis
1217 343 1287 370 homo
1300 345 1382 372 malus
1394 353 1473 384 atque
1491 345 1615 382 improbus

31 387 105 420 βίον
115 382 234 419 appellari
237 382 309 417 solet.

367 436 438 464 DE
479 436 768 469 LEGATIS‚
805 438 872 466 ET
912 437 1290 467 HAEREDIBUS.

444 492 512 524 XI.
537 491 594 524 Uti
608 494 727 539 quisque
741 491 856 540 Iegaffit
866 491 923 537 fine
941 494 1002 533 rei,
1029 493 1136 538 itajus
1151 491 1217 536 esta.

75 566 142 606 'Agit
153 568 208 595 haec
220 565 277 597 lex,
297 565 372 601 cujus
386 562 570 592 testimonium
588 566 660 588 extat
673 560 741 597 apud
759 559 921 595 Pomponium
935 561 961 588 in
975 560 994 590 l.
1005 559 1085 587 verbis
1104 571 1163 588 120.
1171 560 1207 599 ff
1220 562 1251 588 de
1264 562 1394 591 verborum
1406 564 1514 602 fignific,
1534 568 1568 596 de
1580 564 1619 596 {gg

36 604 120 643 ¹gatis,
140 605 210 642 quod
225 601 408 641 patrifamilias
424 601 500 629 liceat
514 600 602 635 legare
616 598 684 637 bona
699 598 758 630 sua,
779 606 859 633 prout
877 598 923 626 sibi
937 598 1048 634 placeat.
1081 599 1123 626 Sic
1137 601 1210 626 onim
1227 610 1285 628 eam
1301 602 1503 639 interpretatur:
1524 606 1619 639 Verbis,

36 644 137 680 inquit,
157 641 216 680 legis
227 642 355 669 duodecim
368 639 514 667 tabularum
526 637 563 664 his
575 649 584 662 .·
603 646 641 663 utr
658 636 761 676 quisque
773 635 868 673 legaffi't
879 637 930 670 „fisa
942 637 994 668 rei,
1015 636 1103 671 itajus
1118 635 1164 673 esto
1177 649 1184 662 .·
1203 637 1325 666 latillima
1343 641 1455 676 potessas
1470 642 1567 672 tributa
1580 647 1620 672 vj,

36 681 113 709 detur
126 701 133 713 ‚
155 682 182 709 &
194 680 302 707 haeredis
316 677 467 706 instituendi
481 697 489 708 ,
510 678 535 704 δε
551 675 637 711 legata
653 678 679 704 &
696 675 829 702 libertates
847 675 928 702 dandi
942 695 948 706 ,
969 675 1064 704 tutelas
1078 677 1384 712 quoqueconstitueudi.
1426 681 1505 707 Unde
1521 681 1618 719 liquet,

37 728 96 746 earn
110 719 142 746 ad
161 718 379 747 manumissiones
393 717 473 744 etiam
487 715 634 752 perfluere,
655 720 684 741 ut
692 720 825 751 quotquot
841 711 855 740 ἐ
869 712 919 740 suis
934 713 1042 750 quisque
1055 712 1134 741 servis
1147 713 1244 741 liberos
1258 715 1406 753 relinquere
1417 717 1509 749 vellet,
1524 720 1619 755 posset.

37 757 80 785 Ab
91 756 148 783 aliis
163 756 196 784 fic
211 756 264 784 haec
280 755 321 783 lex
334 755 477 782 recitatur:
501 750 691 787 Paterfamilias
703 772 709 783 ,
729 758 759 777 ut
773 749 868 787 legaffit
879 751 954 785 ficper
969 750 1071 787 familia
1084 772 1093 783 ,
1107 751 1260 790 pecuniaque
1273 754 1324 787 fica
1337 774 1344 785 ,
1363 753 1401 780 ita
1411 755 1456 787 jur
1469 755 1523 792 esto,
1564 758 1618 786 Ubi

35 795 211 831 appellatione
219 792 325 830 familia
339 792 408 820 bona
421 790 631 828 patrisfamilias,
653 791 679 817 δε
693 789 720 816 in
734 788 774 815 his
788 789 890 820 servos,
911 788 1048 826 servasque
1061 789 1201 827 fignificari
1215 812 1224 822 ‚
1246 792 1324 819 tradit
1340 791 1469 826 Ulpianus.
1509 794 1618 823 Pecunia

34 841 143 869 quoque
155 832 269 860 vocabulo
282 840 337 859 non
351 831 436 858 modo
446 829 558 866 pecunia
571 834 724 856 numerata,
745 835 840 855 verum
854 827 935 856 etiam
949 837 991 856 res
998 837 1108 860 omnes,
1129 835 1185 856 tam
1200 827 1263 860 soli,
1284 839 1365 866 quam
1381 829 1506 863 mobiles,
1527 834 1618 862 &tam

31 879 161 906 corpora,
181 880 262 908 quam
275 869 335 906 jura
346 869 524 896 continentur.

72 908 214 945 Legaffit.]
236 910 297 936 Hoc
309 906 480 934 loco-dicitur
493 905 526 932 de
539 903 682 931 harednvate
691 923 699 933 ,
718 903 772 932 five
785 903 819 931 de
830 902 924 940 legatis
938 905 965 932 ἓξ
979 904 1166 933 donationibus
1180 906 1207 932 in
1221 906 1390 934 testamento.

71 949 124 972 Sua
135 945 201 981 ml]
222 945 390 982 Significatur
403 944 455 972 hoc
470 943 568 974 verbo,
579 943 612 970 de
624 952 653 969 re
667 942 710 969 sua
723 951 859 979 quemque
867 942 959 970 testari
971 950 1106 979 oportere.
1129 944 1204 971 Nam
1218 944 1299 972 etiam
1316 945 1344 972 in
1358 944 1452 983 legatis
1468 945 1559 976 alienae
1570 949 1621 982 rei,⁴

32 989 115 1021 quam
130 982 203 1012 suam
217 984 326 1011 testator
342 983 461 1019 putavit,
480 981 598 1019 legatum
615 980 720 1008 nullum
737 980 781 1007 est.

71 1023 162 1056 Itajux
174 1020 252 1059 esta]
274 1023 419 1048 Summum
435 1019 717 1054 testamentorumrjus
729 1018 783 1046 effe
796 1018 911 1047 ostendit
924 1039 931 1050 ‚
952 1019 1191 1056 quemadmodum·
1202 1018 1286 1048 Cicero
1299 1019 1389 1049 scribit
1407 1022 1501 1060 Philip.
1521 1034 1531 1051 1
1540 1031 1561 1051 r.
1587 1025 1618 1053 111

31 1058 142 1097 publicis
155 1060 220 1087 aeus
232 1058 298 1086 nihil
314 1058 365 1086 esse
379 1059 436 1096 lege
448 1057 567 1095 gravius:
588 1057 617 1084 in
630 1057 739 1092 privatis
753 1056 937 1084 firmiffimum
951 1058 1002 1085 effe
1016 1058 1215 1086 testamentum.
1241 1058 1327 1086 Porro
1340 1058 1483 1095 testamenta
1495 1062 1564 1091 ordo,
1589 1071 1619 1092 ut

32 1105 143 1126 annotat
156 1097 303 1126 Alexander
317 1096 348 1123 ab
362 1096 522 1126 Alexandro,
541 1093 609 1122 libro
628 1104 649 1121 1.
664 1094 819 1123 Genialium
834 1096 939 1123 dierum
955 1116 962 1127 ‚
983 1097 1069 1132 capite
1088 1107 1111 1123 1.
1125 1097 1194 1132 apud
1210 1104 1312 1125 veteres
1327 1106 1383 1126 erat
1397 1099 1440 1125 hic
1454 1120 1462 1129 ,
1483 1108 1512 1127 ut
1528 1101 1619 1135 primo

31 1137 118 1173 capite
131 1134 241 1164 haeredis
255 1135 330 1162 fieret
343 1133 473 1162 institutio
483 1154 490 1165 ‚
510 1132 562 1160 five
577 1142 660 1164 unus,
680 1133 733 1160 five
747 1132 833 1169 plures
846 1133 943 1164 essent,
964 1136 1010 1171 qui
1025 1136 1051 1161 in
1059 1134 1212 1162 universum
1225 1134 1295 1162 bona
1303 1145 1336 1163 ex
1344 1136 1465 1163 defuncti
1482 1138 1619 1167 voluntate

33 1181 176 1209 caperent:
196 1173 316 1210 sequenti
335 1173 420 1209 capite
438 1192 445 1203 ‚
467 1173 494 1200 ὃ(
509 1171 536 1198 in
549 1171 604 1197 ima
619 1179 679 1198 cera
690 1191 698 1202 ‚
724 1171 830 1198 secundi
849 1170 966 1199 haeredes
979 1192 986 1204 ‚
1011 1172 1096 1209 legata
1109 1193 1116 1204 ‚
1144 1175 1171 1201 &
1190 1172 1290 1209 reliqua
1305 1174 1436 1201 testatoris
1453 1175 1575 1204 voluntas
1589 1180 1616 1206 δε

31 1211 171 1247 dispositio
183 1217 330 1247 ponantur:
352 1210 405 1237 five
416 1209 518 1245 aliquos
530 1217 613 1235 onere
625 1217 736 1244 gravare
749 1229 756 1239 ‚
777 1216 822 1235 aut
836 1208 855 1235 fi
869 1209 962 1244 quibus
977 1210 1034 1236 dari
1048 1231 1055 1241 ,
1077 1210 1187 1246 fierique
1206 1218 1332 1246 oportere
1344 1232 1353 1243 ,
1375 1212 1487 1241 testator
1502 1223 1553 1250 pro
1573 1214 1616 1244 stra

33 1249 173 1285 yoluntate
185 1248 325 1275 arbitratus
339 1247 418 1275 effet:
438 1247 483 1283 qui
499 1254 555 1273 non
569 1245 702 1277 haeredes,
721 1245 766 1273 sed
779 1245 899 1282 legatarii
912 1245 972 1274 sunt
985 1247 1058 1274 diffl.
1092 1249 1156 1275 Haec
1171 1247 1222 1276 ille.

81 1316 178 1350 XII.
203 1316 253 1347 vt
269 1324 337 1347 cum
347 1313 578 1362 paterfamilias
588 1313 673 1361 fitper
678 1313 814 1359 familia
821 1314 880 1359 fita
895 1313 1009 1360 legaret
1022 1338 1032 1354 ,
1058 1325 1169 1347 nexum
1177 1313 1314 1359 faceret,
1334 1323 1448 1360 perque
1463 1324 1498 1347 aes
1513 1321 1562 1359 (νῇ

226 1361 339 1397 libram
346 1363 514 1407 familiam
529 1365 737 1409 manciparet:
764 1372 802 1394 ac
814 1371 920 1409 praeter
937 1361 1136 1409 libripendem
1152 1365 1237 1396 cives
1258 1363 1410 1395 Romanos

503 1409 625 1460 puberes
646 1422 684 1443 ne
703 1412 808 1443 minus
822 1413 954 1457 quinque
971 1409 1155 1446 adhiberet,

69 1486 156 1525 Hujus
170 1486 263 1523 capitis
275 1490 466 1523 argumentum
481 1482 630 1520 suppeditat
642 1483 765 1519 primum
777 1481 888 1520 Agelaus
898 1481 942 1509 lib.
958 1492 997 1517 15.
1013 1490 1074 1522 cap.⁴
1089 1491 1129 1518 13.
1144 1493 1206 1512 cum
1220 1485 1257 1512 ait
1271 1484 1299 1512 in
1312 1495 1344 1513 xi
1354 1495 1374 1512 1.
1387 1484 1481 1513 tabulis
1493 1495 1526 1513 eo
1539 1482 1603 1514 loco

31 1525 78 1553 ubi
90 1526 123 1553 de
136 1525 299 1554 testamentis
313 1524 398 1561 agitur
412 1543 420 1556 ,
441 1521 595 1559 libripendis
610 1522 781 1550 mentionem
796 1519 862 1547 neri.
901 1520 1005 1548 Deinde
1018 1520 1138 1554 Ulptanus
1152 1531 1209 1558 cap.
1224 1522 1426 1550 Institutionum
1444 1532 1488 1549 20.
1508 1524 1609 1562 reliqua

32 1571 64 1591 ex
84 1562 155 1590 licat.

65 1571 286 1636 f{estrumentorum
305 1599 373 1635 apud
393 1601 535 1626 Romanos
547 1608 642 1636 genera
658 1598 765 1626 fuerunt
778 1596 849 1624 tria.-
870 1605 951 1624 unum
964 1618 972 1629 ,
993 1597 1065 1635 quod
1084 1597 1173 1626 calatis
1186 1597 1320 1626 comitiis:
1340 1597 1450 1625 alterum
1462 1620 1471 1630 ‚
1491 1600 1562 1636 quod
1581 1601 1610 1628 in

31 1637 173 1675 procinctu
206 1644 326 1669 tertuum,
346 1637 417 1674 quod
429 1646 476 1673 per
490 1646 523 1664 nes
537 1638 563 1664 ὅ(
578 1636 674 1663 libram
691 1635 851 1672 appellatum
866 1635 911 1662 est.
951 1637 994 1663 De
1010 1636 1063 1663 hoc
1077 1638 1158 1664 tertio
1171 1637 1322 1664 testamenti
1334 1645 1431 1673 genere
1443 1636 1499 1664 haec
1515 1637 1556 1665 lex
1575 1637 1616 1666 lo-

31 1676 132 1713 quitur.
172 1675 316 1703 Dicebatur
330 1682 420 1702 autem
435 1674 610 1710 testamentum
617 1682 664 1707 per
675 1684 704 1700 as
717 1675 758 1706 (θ’
771 1672 862 1704 libram
876 1694 884 1705 ,
905 1681 967 1700 cum
980 1673 1169 1710 paterfamilias
1183 1676 1207 1702 ei
1221 1695 1228 1706 ,
1247 1683 1328 1712 quem
1346 1674 1425 1701 vellet
1438 1674 1616 1704 successorem

32 1713 199 1750 relinquere,
220 1712 350 1740 familiam
365 1712 452 1743 suam,
475 1714 502 1740 ὃ(
516 1710 669 1739 universum
686 1712 728 1747 jus
741 1710 936 1748 patrisfamilias
956 1712 1089 1749 mancipio
1104 1713 1232 1741 venderet
1245 1733 1252 1744 ,
1283 1714 1309 1740 ἃ
1322 1711 1400 1739 simul
1414 1711 1530 1740 haeredes
1546 1723 1614 1742 nun-

33 1758 150 1788 cuparet.
169 1750 289 1784 Ulpianus
300 1751 352 1782 ait,
372 1752 399 1778 in
413 1751 574 1779 testamento
587 1749 659 1786 quod
670 1756 715 1783 per
728 1759 757 1775 as
774 1752 799 1777 ὅ(
814 1748 905 1776 libram
919 1749 962 1781 fit,
983 1750 1047 1778 duas
1063 1760 1103 1777 res
1114 1752 1155 1789 agi
1170 1772 1178 1782 ,
1200 1749 1306 1778 familiae
1317 1750 1544 1785 mancipationem
1554 1772 1562 1783 ,
1585 1754 1613 1781 ὃς

32 1789 262 1825 nuncupationem
277 1789 437 1817 testamenti.
475 1788 506 1814 Id
519 1787 592 1824 quod
606 1789 632 1816 δε
648 1787 795 1814 Plutarchus
810 1786 879 1815 libro
899 1787 932 1814 de
945 1786 1000 1816 sera
1015 1790 1133 1817 numinis
1147 1787 1377 1816 animadverfione
1389 1808 1397 1819 ,
1419 1788 1530 1816 innuere
1541 1790 1614 1817 vide-

31 1833 90 1859 tur,
111 1827 144 1855 de
159 1827 291 1854 Romanis
303 1827 438 1864 inquiens,
459 1824 505 1853 ubi
519 1825 675 1853 testamenta
686 1826 820 1857 condunt,
839 1825 881 1853 alii
893 1824 1041 1854 scribuntur
1053 1826 1168 1856 haeredes
1182 1848 1189 1858 ‚
1211 1826 1253 1854 alii
1266 1826 1416 1853 venduntur
1425 1825 1494 1853 bona
1509 1837 1513 1853 z
1534 1828 1618 1865 idque.

31 1865 175 1893 absurdum
190 1866 274 1893 videri
291 1866 335 1892 ait.
374 1865 464 1892 Fiebat
482 1872 547 1891 vero
560 1862 710 1898 mancipatio
717 1863 823 1899 Jamtlm
835 1884 843 1896 ‚
863 1873 920 1900 quae
940 1865 1233 1901 imaginariarvenditio
1250 1871 1305 1891 erat
1319 1884 1327 1894 ,
1355 1865 1382 1890 in
1395 1862 1464 1891 hunc
1479 1866 1609 1894 modum:

35 1903 164 1940 Qinque
176 1902 284 1931 aderant
298 1903 389 1935 testes,
410 1905 437 1931 ὃ(
454 1901 579 1937 libripens
592 1923 597 1933 ,
619 1902 691 1929 cives
705 1902 823 1929 Romani
840 1904 867 1929 ὃς
879 1901 1009 1937 puberes·v
1035 1910 1113 1938 atque
1128 1904 1158 1929 iis
1172 1900 1340 1937 praesentibus
1353 1921 1360 1931 ‚
1382 1901 1402 1927 is
1420 1902 1463 1938 qui
1479 1901 1610 1932 succeffor

31 1940 220 1969 defunetierat
234 1940 350 1972 futurus,
369 1940 562 1978 patrimonium
580 1939 704 1967 morituri
718 1939 838 1972 emebat,
860 1939 939 1967 verba
951 1939 1070 1976 quaedam
1088 1940 1178 1968 dicens
1192 1938 1323 1970 solennia,
1344 1940 1371 1967 &
1386 1940 1536 1977 imaginarii
1549 1951 1610 1979 pre-

31 1978 64 2008 tii
76 1979 190 2006 nomine
203 1987 348 2005 nummum
363 1988 466 2007 aeneum
482 1978 595 2006 domino
608 1978 694 2005 dabat.

73 2016 165 2044 Verba
182 2015 301 2043 solennia·
311 2024 384 2044 erant
401 2016 457 2045 hec
470 2027 475 2043 ;
497 2018 550 2042 Ha*
592 2026 633 2053 ego
640 2014 772 2051 familiam
785 2034 793 2044 ,
812 2026 863 2053 qua
877 2014 940 2042 mihi
952 2014 1081 2053 emptam->st
1093 2017 1135 2043 hoc
1148 2025 1190 2042 are
1205 2034 1212 2044 ‚
1235 2024 1347 2053 aeneaque
1359 2013 1422 2042 libra
1434 2036 1443 2047 ,
1456 2017 1516 2049 jure
1529 2017 1611 2056 quiri..

31 2054 114 2087 tium,
135 2064 217 2082 meam
230 2053 276 2091 effe
288 2056 335 2088 ajo.
357 2055 458 2083 Deinde
471 2064 521 2081 aere
535 2025 686 2091 &cutiens
699 2053 793 2080 libram
802 2074 808 2084 ,
830 2054 856 2080 id
868 2063 901 2080 aes
917 2053 995 2081 dabat
1007 2054 1044 2084 ei,
1065 2053 1078 2081 ὲ
1092 2063 1146 2091 quo
1157 2053 1341 2080 haereditatem
1355 2054 1524 2090 expectabat,
1539 2057 1609 2091 qnasi

32 2092 97 2121 loco
110 2093 198 2129 pretii.
238 2092 475 2130 Appellabaturque
489 2093 510 2120 is
525 2114 532 2124 ‚
564 2093 604 2128 qui
620 2092 725 2119 emebat
736 2110 743 2122 ,
767 2091 871 2128 famtlm
883 2100 985 2126 emptor.
1029 2093 1111 2120 Porro
1128 2092 1252 2120 venditor
1264 2090 1460 2127 nihil‘ernptori
1475 2094 1609 2128 tradebat,

31 2130 78 2159 sed
91 2130 226 2158 haeredem
246 2139 308 2158 eum
322 2131 366 2158 tali
386 2133 470 2159 modo
484 2130 658 2158 constituebat
671 2151 679 2162 ‚
706 2129 805 2157 scilicet
823 2138 850 2157 ut
866 2131 923 2166 post
946 2138 1066 2158 mortem
1090 2130 1235 2158 venditoris
1249 2128 1333 2164 poffet
1352 2129 1412 2166 jure
1424 2129 1617 2161 haereditatem*

29 2170 115 2198 adire.
156 2168 209 2195 Ubi
223 2169 402 2204 emancipatio
413 2178 443 2197 ea
457 2168 524 2197 sanita
537 2178 607 2200 erat,
628 2177 687 2196 tum
702 2168 842 2196 ordinabat
856 2169 993 2199 venditor,
1015 2168 1078 2204 quid
1091 2169 1149 2204 post
1164 2175 1284 2195 mortem
1298 2166 1369 2194 suam
1385 2167 1443 2194 fieri
1456 2169 1547 2198 vellet:
1569 2172 1610 2200 di.

34 2208 110 2236 cebat
128 2208 202 2234 euim
217 2205 322 2233 familia:
334 2207 465 2242 emptori,
486 2211 538 2234 live
549 2206 698 2235 successori:
720 2210 787 2233 Ηιιιε
799 2205 849 2233 volo
865 2206 1036 2241 dar-rjandam
1051 2227 1057 2235 .
1078 2205 1115 2233 ill1
1129 2206 1246 2237 domum,
1263 2203 1309 2232 alii
1318 2205 1521 2240 cenmmsolidae,
1560 2211 1617 2237 At*

34 2253 86 2282 que
100 2245 155 2272 h::c
167 2245 319 2273 testamenti
335 2245 497 2280 nuncupatio
511 2245 622 2277 dicitur,
643 2246 676 2273 de
689 2254 740 2282 qua
757 2245 837 2271 eriam
854 2245 974 2278 Uspmnus
989 2244 1065 2271 titulo
1079 2245 1277 2272 Institutionum
1295 2253 1340 2270 20.
1352 2243 1443 2271 scribit
1457 2265 1464 2276 ‚
1487 2248 1558 2282 quod
1573 2248 1608 2274 fic

33 2283 91 2311 fieri
105 2282 282 2311 consueverit:
305 2283 495 2319 chuparur,
516 2283 600 2318 inquit
614 2284 803 2311 testamentum
818 2283 845 2310 in
860 2282 930 2310 hunc
943 2282 1072 2309 modum:
1093 2282 1207 2310 Tabulas
1219 2281 1368 2310 testamenti
1382 2282 1491 2310 testator
1503 2293 1609 2317 renem,
1627 2302 1631 2307 «

34 2320 71 2350 ita
85 2322 163 2350 dicit·¹
183 2324 290 2351 Hecura
303 2319 341 2350 his
356 2320 462 2352 tabulas,
482 2318 755 2358 terifiaessriptajunt,
773 2329 812 2350 tta
823 2320 867 2351 do,
880 2329 919 2349 tta
931 2321 998 2359 lego,
1017 2327 1056 2347 tta
1070 2319 1149 2359 testor.
1168 2323 1257 2358 ltaque
1268 2330 1311 2348 vos
1322 2319 1430 2359 quirites
1439 2320 1620 2359 testimonium-

29 2357 162 2392 trabitote.

154 2394 163 2398 “
959 2397 982 2424 C
991 2405 1006 2425 c
1014 2406 1028 2425 c
1038 2407 1052 2426 c
1075 2407 1089 2434 3
1566 2398 1623 2426 Ne-
1636 2412 1638 2415 ν
