<?xml version="1.0" encoding="UTF-8"?>
<!DOCTYPE html PUBLIC "-//W3C//DTD XHTML 1.0 Transitional//EN"
    "http://www.w3.org/TR/xhtml1/DTD/xhtml1-transitional.dtd">
<html xmlns="http://www.w3.org/1999/xhtml" xml:lang="en" lang="en">
 <head>
  <title>
</title>
<meta http-equiv="Content-Type" content="text/html;charset=utf-8" />
  <meta name='ocr-system' content='tesseract 3.04.00' />
  <meta name='ocr-capabilities' content='ocr_page ocr_carea ocr_par ocr_line ocrx_word'/>
</head>
<body>
  <div class='ocr_page' id='page_1' title='image "./johannisrosinian00rosi/johannisrosinian00rosi_0602.png"; bbox 0 0 2075 2734; ppageno 0'>
   <div class='ocr_carea' id='block_1_1' title="bbox 385 74 1705 116">
    <p class='ocr_par' dir='ltr' id='par_1_1' title="bbox 385 74 1705 116">
     <span class='ocr_line' id='line_1_1' title="bbox 385 74 1705 116; baseline -0.001 -11"><span class='ocrx_word' id='word_1_1' title='bbox 385 83 439 116; x_wconf 73' lang='lat'>568</span> <span class='ocrx_word' id='word_1_2' title='bbox 663 74 1478 110; x_wconf 54' lang='lat' dir='ltr'>AnmquxrirunRonANAnuM</span> <span class='ocrx_word' id='word_1_3' title='bbox 1518 76 1705 104; x_wconf 74' lang='lat' dir='ltr'>an.v111.</span> 
     </span>
    </p>
   </div>
   <div class='ocr_carea' id='block_1_2' title="bbox 606 143 1749 196">
    <p class='ocr_par' dir='ltr' id='par_1_2' title="bbox 606 143 1749 196">
     <span class='ocr_line' id='line_1_2' title="bbox 606 143 1749 196; baseline 0 -17"><span class='ocrx_word' id='word_1_4' title='bbox 606 145 646 179; x_wconf 88' lang='lat' dir='ltr'>V.</span> <span class='ocrx_word' id='word_1_5' title='bbox 672 148 720 179; x_wconf 80' lang='lat' dir='ltr'>vt</span> <span class='ocrx_word' id='word_1_6' title='bbox 733 144 910 192; x_wconf 73' lang='lat' dir='ltr'>quisalfttm</span> <span class='ocrx_word' id='word_1_7' title='bbox 927 143 1124 190; x_wconf 56' lang='lat' dir='ltr'>testimonium</span> <span class='ocrx_word' id='word_1_8' title='bbox 1138 143 1276 192; x_wconf 71' lang='lat' dir='ltr'>dixiffit,</span> <span class='ocrx_word' id='word_1_9' title='bbox 1302 143 1317 178; x_wconf 74' lang='grc' dir='ltr'><em>ὲ</em></span> <span class='ocrx_word' id='word_1_10' title='bbox 1324 145 1401 192; x_wconf 83' lang='lat' dir='ltr'>saxo</span> <span class='ocrx_word' id='word_1_11' title='bbox 1418 143 1547 196; x_wconf 76' lang='lat' dir='ltr'>Tarpejo</span> <span class='ocrx_word' id='word_1_12' title='bbox 1561 145 1749 194; x_wconf 80' lang='lat' dir='ltr'><em>dejiceretur.</em></span> 
     </span>
    </p>
   </div>
   <div class='ocr_carea' id='block_1_3' title="bbox 387 208 1981 744">
    <p class='ocr_par' dir='ltr' id='par_1_3' title="bbox 391 208 1976 477">
     <span class='ocr_line' id='line_1_3' title="bbox 428 208 1971 248; baseline -0.002 -6"><span class='ocrx_word' id='word_1_13' title='bbox 428 212 548 242; x_wconf 80' lang='lat' dir='ltr'>Habetur</span> <span class='ocrx_word' id='word_1_14' title='bbox 563 213 589 240; x_wconf 88' lang='lat'>&amp;</span> <span class='ocrx_word' id='word_1_15' title='bbox 604 211 655 239; x_wconf 90' lang='lat' dir='ltr'>hoc</span> <span class='ocrx_word' id='word_1_16' title='bbox 669 219 747 247; x_wconf 85' lang='lat' dir='ltr'>caput</span> <span class='ocrx_word' id='word_1_17' title='bbox 763 210 831 246; x_wconf 87' lang='lat' dir='ltr'>apud</span> <span class='ocrx_word' id='word_1_18' title='bbox 848 208 971 248; x_wconf 82' lang='lat' dir='ltr'>Agelliura</span> <span class='ocrx_word' id='word_1_19' title='bbox 985 209 1028 238; x_wconf 90' lang='lat' dir='ltr'>lib.</span> <span class='ocrx_word' id='word_1_20' title='bbox 1041 220 1085 237; x_wconf 91' lang='lat'>20.</span> <span class='ocrx_word' id='word_1_21' title='bbox 1099 219 1155 246; x_wconf 88' lang='lat' dir='ltr'>cap.</span> <span class='ocrx_word' id='word_1_22' title='bbox 1170 220 1192 237; x_wconf 84' lang='lat' dir='ltr'>r.</span> <span class='ocrx_word' id='word_1_23' title='bbox 1210 212 1236 238; x_wconf 72' lang='lat' dir='ltr'>Sc</span> <span class='ocrx_word' id='word_1_24' title='bbox 1250 211 1377 239; x_wconf 87' lang='lat' dir='ltr'>convenit</span> <span class='ocrx_word' id='word_1_25' title='bbox 1392 220 1457 238; x_wconf 87' lang='lat' dir='ltr'>curn</span> <span class='ocrx_word' id='word_1_26' title='bbox 1471 219 1545 237; x_wconf 88' lang='lat' dir='ltr'>nono</span> <span class='ocrx_word' id='word_1_27' title='bbox 1560 209 1625 246; x_wconf 84' lang='lat' dir='ltr'>legis</span> <span class='ocrx_word' id='word_1_28' title='bbox 1638 209 1882 247; x_wconf 79' lang='lat' dir='ltr'>divinaepraecepto.</span> <span class='ocrx_word' id='word_1_29' title='bbox 1921 210 1971 239; x_wconf 84' lang='lat' dir='ltr'>Vi·</span> 
     </span>
     <span class='ocr_line' id='line_1_4' title="bbox 391 246 1973 287; baseline -0.004 -8"><span class='ocrx_word' id='word_1_30' title='bbox 391 252 469 279; x_wconf 82' lang='lat' dir='ltr'>detur</span> <span class='ocrx_word' id='word_1_31' title='bbox 486 258 577 278; x_wconf 83' lang='lat' dir='ltr'>autem</span> <span class='ocrx_word' id='word_1_32' title='bbox 599 249 736 285; x_wconf 85' lang='lat' dir='ltr'>sumptum</span> <span class='ocrx_word' id='word_1_33' title='bbox 756 249 787 276; x_wconf 90' lang='lat' dir='ltr'>ab</span> <span class='ocrx_word' id='word_1_34' title='bbox 807 248 1008 276; x_wconf 75' lang='lat' dir='ltr'>Atheniensibus</span> <span class='ocrx_word' id='word_1_35' title='bbox 1023 270 1029 279; x_wconf 91' lang='lat'>,</span> <span class='ocrx_word' id='word_1_36' title='bbox 1055 248 1124 284; x_wconf 85' lang='lat' dir='ltr'>apud</span> <span class='ocrx_word' id='word_1_37' title='bbox 1144 257 1211 284; x_wconf 87' lang='lat' dir='ltr'>quos</span> <span class='ocrx_word' id='word_1_38' title='bbox 1230 249 1258 275; x_wconf 82' lang='lat' dir='ltr'>in</span> <span class='ocrx_word' id='word_1_39' title='bbox 1272 252 1395 285; x_wconf 64' lang='lat' dir='ltr'>Areopago</span> <span class='ocrx_word' id='word_1_40' title='bbox 1406 249 1593 286; x_wconf 79' lang='lat' dir='ltr'>gravissimum</span> <span class='ocrx_word' id='word_1_41' title='bbox 1607 246 1681 276; x_wconf 73' lang='lat' dir='ltr'>fuiss‘e</span> <span class='ocrx_word' id='word_1_42' title='bbox 1694 247 1826 282; x_wconf 86' lang='lat' dir='ltr'>judicium</span> <span class='ocrx_word' id='word_1_43' title='bbox 1840 255 1973 287; x_wconf 51' lang='lat' dir='ltr'>“lvffl&#39;vmg-</span> 
     </span>
     <span class='ocr_line' id='line_1_5' title="bbox 393 284 1974 324; baseline -0.001 -9"><span class='ocrx_word' id='word_1_44' title='bbox 393 295 491 323; x_wconf 53' lang='lat' dir='ltr'>«versv,</span> <span class='ocrx_word' id='word_1_45' title='bbox 512 295 619 324; x_wconf 84' lang='lat' dir='ltr'>apparet</span> <span class='ocrx_word' id='word_1_46' title='bbox 640 296 671 314; x_wconf 86' lang='lat' dir='ltr'>ex</span> <span class='ocrx_word' id='word_1_47' title='bbox 690 284 865 323; x_wconf 78' lang='lat' dir='ltr'>Demosthene,</span> <span class='ocrx_word' id='word_1_48' title='bbox 887 288 932 323; x_wconf 87' lang='lat' dir='ltr'>qui</span> <span class='ocrx_word' id='word_1_49' title='bbox 952 286 1054 318; x_wconf 86' lang='lat' dir='ltr'><strong>scribit,</strong></span> <span class='ocrx_word' id='word_1_50' title='bbox 1075 295 1121 313; x_wconf 89' lang='lat' dir='ltr'>eos</span> <span class='ocrx_word' id='word_1_51' title='bbox 1133 295 1188 313; x_wconf 91' lang='lat' dir='ltr'>non</span> <span class='ocrx_word' id='word_1_52' title='bbox 1203 287 1287 314; x_wconf 89' lang='lat' dir='ltr'>modo</span> <span class='ocrx_word' id='word_1_53' title='bbox 1301 287 1328 313; x_wconf 89' lang='lat' dir='ltr'>in</span> <span class='ocrx_word' id='word_1_54' title='bbox 1342 287 1419 314; x_wconf 85' lang='lat' dir='ltr'>testes</span> <span class='ocrx_word' id='word_1_55' title='bbox 1433 287 1487 314; x_wconf 77' lang='lat' dir='ltr'>falsi</span> <span class='ocrx_word' id='word_1_56' title='bbox 1502 286 1646 314; x_wconf 87' lang='lat' dir='ltr'>testimonii</span> <span class='ocrx_word' id='word_1_57' title='bbox 1660 294 1737 316; x_wconf 85' lang='lat' dir='ltr'>reos,</span> <span class='ocrx_word' id='word_1_58' title='bbox 1753 284 1796 313; x_wconf 87' lang='lat' dir='ltr'>sed</span> <span class='ocrx_word' id='word_1_59' title='bbox 1811 287 1838 313; x_wconf 62' lang='grc' dir='ltr'>ὃς</span> <span class='ocrx_word' id='word_1_60' title='bbox 1852 288 1879 314; x_wconf 88' lang='lat' dir='ltr'>in</span> <span class='ocrx_word' id='word_1_61' title='bbox 1894 297 1955 314; x_wconf 87' lang='lat' dir='ltr'>eum</span> <span class='ocrx_word' id='word_1_62' title='bbox 1965 308 1974 319; x_wconf 94' lang='lat'>,</span> 
     </span>
     <span class='ocr_line' id='line_1_6' title="bbox 391 322 1974 363; baseline -0.002 -8"><span class='ocrx_word' id='word_1_63' title='bbox 391 328 438 363; x_wconf 86' lang='lat' dir='ltr'>qui</span> <span class='ocrx_word' id='word_1_64' title='bbox 458 337 502 355; x_wconf 86' lang='lat' dir='ltr'>eos</span> <span class='ocrx_word' id='word_1_65' title='bbox 522 327 722 356; x_wconf 78' lang='lat' dir='ltr'>iubornaverat‚</span> <span class='ocrx_word' id='word_1_66' title='bbox 741 325 970 362; x_wconf 67' lang='lat' dir='ltr'>produxeratque,</span> <span class='ocrx_word' id='word_1_67' title='bbox 989 325 1122 360; x_wconf 86' lang='lat' dir='ltr'>judicium</span> <span class='ocrx_word' id='word_1_68' title='bbox 1141 323 1254 355; x_wconf 77' lang='lat' dir='ltr'>dedisse,</span> <span class='ocrx_word' id='word_1_69' title='bbox 1274 326 1301 352; x_wconf 87' lang='lat'>&amp;</span> <span class='ocrx_word' id='word_1_70' title='bbox 1320 324 1471 361; x_wconf 77' lang='lat' dir='ltr'>gravissime</span> <span class='ocrx_word' id='word_1_71' title='bbox 1486 322 1708 351; x_wconf 75' lang='lat' dir='ltr'>animadvertisse.</span> <span class='ocrx_word' id='word_1_72' title='bbox 1749 323 1833 360; x_wconf 78' lang='lat' dir='ltr'>Cujus</span> <span class='ocrx_word' id='word_1_73' title='bbox 1849 325 1888 352; x_wconf 87' lang='lat' dir='ltr'>rei</span> <span class='ocrx_word' id='word_1_74' title='bbox 1900 325 1974 354; x_wconf 71' lang='lat' dir='ltr'>caufi</span> 
     </span>
     <span class='ocr_line' id='line_1_7' title="bbox 392 360 1975 400; baseline -0.001 -8"><span class='ocrx_word' id='word_1_75' title='bbox 392 365 444 393; x_wconf 91' lang='lat' dir='ltr'>fuit</span> <span class='ocrx_word' id='word_1_76' title='bbox 459 385 466 396; x_wconf 92' lang='lat'><strong>‚</strong></span> <span class='ocrx_word' id='word_1_77' title='bbox 492 364 562 400; x_wconf 90' lang='lat' dir='ltr'>quod</span> <span class='ocrx_word' id='word_1_78' title='bbox 584 364 612 390; x_wconf 87' lang='lat' dir='ltr'>iu</span> <span class='ocrx_word' id='word_1_79' title='bbox 631 363 733 390; x_wconf 82' lang='lat' dir='ltr'>Graecia</span> <span class='ocrx_word' id='word_1_80' title='bbox 747 362 822 390; x_wconf 81' lang='lat' dir='ltr'>valde</span> <span class='ocrx_word' id='word_1_81' title='bbox 837 362 914 391; x_wconf 88' lang='lat' dir='ltr'>multi</span> <span class='ocrx_word' id='word_1_82' title='bbox 929 363 1009 390; x_wconf 76' lang='lat' dir='ltr'>ess&#39;ent</span> <span class='ocrx_word' id='word_1_83' title='bbox 1023 363 1055 390; x_wconf 93' lang='lat' dir='ltr'>ad</span> <span class='ocrx_word' id='word_1_84' title='bbox 1071 361 1164 389; x_wconf 79' lang='lat' dir='ltr'>falsum</span> <span class='ocrx_word' id='word_1_85' title='bbox 1180 362 1363 390; x_wconf 91' lang='lat' dir='ltr'>testimonium</span> <span class='ocrx_word' id='word_1_86' title='bbox 1377 362 1521 390; x_wconf 87' lang='lat' dir='ltr'>dicendum</span> <span class='ocrx_word' id='word_1_87' title='bbox 1537 362 1589 389; x_wconf 84' lang='lat' dir='ltr'>sine</span> <span class='ocrx_word' id='word_1_88' title='bbox 1603 362 1654 389; x_wconf 86' lang='lat' dir='ltr'>ulla</span> <span class='ocrx_word' id='word_1_89' title='bbox 1669 360 1797 398; x_wconf 85' lang='lat' dir='ltr'>religione</span> <span class='ocrx_word' id='word_1_90' title='bbox 1809 382 1817 393; x_wconf 95' lang='lat'>,</span> <span class='ocrx_word' id='word_1_91' title='bbox 1845 370 1975 399; x_wconf 80' lang='lat' dir='ltr'>tanquam</span> 
     </span>
     <span class='ocr_line' id='line_1_8' title="bbox 392 399 1976 438; baseline -0.001 -8"><span class='ocrx_word' id='word_1_92' title='bbox 392 403 426 430; x_wconf 83' lang='lat' dir='ltr'>ad</span> <span class='ocrx_word' id='word_1_93' title='bbox 442 403 571 430; x_wconf 82' lang='lat' dir='ltr'>ludicrum</span> <span class='ocrx_word' id='word_1_94' title='bbox 585 400 710 438; x_wconf 84' lang='lat' dir='ltr'>aliquod,</span> <span class='ocrx_word' id='word_1_95' title='bbox 729 401 821 437; x_wconf 85' lang='lat' dir='ltr'>parati.</span> <span class='ocrx_word' id='word_1_96' title='bbox 841 400 938 429; x_wconf 82' lang='lat' dir='ltr'>Probat</span> <span class='ocrx_word' id='word_1_97' title='bbox 951 400 1003 428; x_wconf 86' lang='lat' dir='ltr'>hoe</span> <span class='ocrx_word' id='word_1_98' title='bbox 1018 401 1103 428; x_wconf 81' lang='lat' dir='ltr'>Cicero</span> <span class='ocrx_word' id='word_1_99' title='bbox 1118 401 1145 427; x_wconf 87' lang='lat' dir='ltr'>in</span> <span class='ocrx_word' id='word_1_100' title='bbox 1161 402 1291 428; x_wconf 82' lang='lat' dir='ltr'>Oratione</span> <span class='ocrx_word' id='word_1_101' title='bbox 1299 409 1346 434; x_wconf 87' lang='lat' dir='ltr'>pro</span> <span class='ocrx_word' id='word_1_102' title='bbox 1361 399 1453 428; x_wconf 68' lang='lat' dir='ltr'>flacco.</span> <span class='ocrx_word' id='word_1_103' title='bbox 1473 401 1623 433; x_wconf 65' lang='lat' dir='ltr'>Caeterum,</span> <span class='ocrx_word' id='word_1_104' title='bbox 1644 400 1717 437; x_wconf 86' lang='lat' dir='ltr'>quod</span> <span class='ocrx_word' id='word_1_105' title='bbox 1734 400 1766 427; x_wconf 86' lang='lat' dir='ltr'>ad</span> <span class='ocrx_word' id='word_1_106' title='bbox 1781 399 1834 437; x_wconf 83' lang='lat' dir='ltr'>ipsa</span> <span class='ocrx_word' id='word_1_107' title='bbox 1847 400 1926 429; x_wconf 84' lang='lat' dir='ltr'>verba</span> <span class='ocrx_word' id='word_1_108' title='bbox 1939 400 1976 428; x_wconf 87' lang='lat' dir='ltr'>le-</span> 
     </span>
     <span class='ocr_line' id='line_1_9' title="bbox 391 438 1476 477; baseline -0.002 -10"><span class='ocrx_word' id='word_1_109' title='bbox 391 441 433 477; x_wconf 84' lang='lat' dir='ltr'>gis</span> <span class='ocrx_word' id='word_1_110' title='bbox 442 441 558 471; x_wconf 77' lang='lat' dir='ltr'>attinet,</span> <span class='ocrx_word' id='word_1_111' title='bbox 579 439 648 467; x_wconf 80' lang='lat' dir='ltr'>clara</span> <span class='ocrx_word' id='word_1_112' title='bbox 662 441 689 467; x_wconf 67' lang='grc'>8(</span> <span class='ocrx_word' id='word_1_113' title='bbox 703 438 839 475; x_wconf 87' lang='lat' dir='ltr'>perspicua</span> <span class='ocrx_word' id='word_1_114' title='bbox 853 448 883 466; x_wconf 88' lang='lat' dir='ltr'>ea</span> <span class='ocrx_word' id='word_1_115' title='bbox 897 438 971 470; x_wconf 87' lang='lat' dir='ltr'>sunt,</span> <span class='ocrx_word' id='word_1_116' title='bbox 992 448 1041 466; x_wconf 84' lang='lat' dir='ltr'>nec</span> <span class='ocrx_word' id='word_1_117' title='bbox 1056 439 1139 466; x_wconf 86' lang='lat' dir='ltr'>multa</span> <span class='ocrx_word' id='word_1_118' title='bbox 1153 438 1330 475; x_wconf 77' lang='lat' dir='ltr'>explicatione</span> <span class='ocrx_word' id='word_1_119' title='bbox 1344 438 1476 475; x_wconf 86' lang='lat' dir='ltr'>indigent.</span> 
     </span>
    </p>

    <p class='ocr_par' dir='ltr' id='par_1_4' title="bbox 387 475 1981 744">
     <span class='ocr_line' id='line_1_10' title="bbox 432 475 1976 514; baseline 0.001 -10"><span class='ocrx_word' id='word_1_120' title='bbox 432 481 454 504; x_wconf 85' lang='lat' dir='ltr'><em>E</em></span> <span class='ocrx_word' id='word_1_121' title='bbox 467 478 531 512; x_wconf 68' lang='lat' dir='ltr'>fluxo</span> <span class='ocrx_word' id='word_1_122' title='bbox 550 478 654 511; x_wconf 82' lang='lat' dir='ltr'>Tarpejo</span> <span class='ocrx_word' id='word_1_123' title='bbox 670 477 844 512; x_wconf 58' lang='lat' dir='ltr'>deficeretur]</span> <span class='ocrx_word' id='word_1_124' title='bbox 863 480 961 504; x_wconf 79' lang='lat' dir='ltr'>Saxum</span> <span class='ocrx_word' id='word_1_125' title='bbox 982 479 1115 512; x_wconf 77' lang='lat' dir='ltr'>Tarpejum</span> <span class='ocrx_word' id='word_1_126' title='bbox 1136 478 1210 504; x_wconf 84' lang='lat' dir='ltr'>mirae</span> <span class='ocrx_word' id='word_1_127' title='bbox 1229 477 1373 504; x_wconf 80' lang='lat' dir='ltr'>altitudinis</span> <span class='ocrx_word' id='word_1_128' title='bbox 1393 483 1463 508; x_wconf 84' lang='lat' dir='ltr'>erat,</span> <span class='ocrx_word' id='word_1_129' title='bbox 1483 475 1497 503; x_wconf 71' lang='grc' dir='ltr'>ἐι</span> <span class='ocrx_word' id='word_1_130' title='bbox 1516 486 1571 514; x_wconf 85' lang='lat' dir='ltr'>quo</span> <span class='ocrx_word' id='word_1_131' title='bbox 1588 477 1631 505; x_wconf 79' lang='lat' dir='ltr'>lex</span> <span class='ocrx_word' id='word_1_132' title='bbox 1650 476 1707 504; x_wconf 91' lang='lat' dir='ltr'>vult</span> <span class='ocrx_word' id='word_1_133' title='bbox 1726 477 1808 513; x_wconf 84' lang='lat' dir='ltr'>dejici</span> <span class='ocrx_word' id='word_1_134' title='bbox 1827 485 1908 509; x_wconf 88' lang='lat' dir='ltr'>eum,</span> <span class='ocrx_word' id='word_1_135' title='bbox 1928 476 1976 513; x_wconf 87' lang='lat' dir='ltr'>qui</span> 
     </span>
     <span class='ocr_line' id='line_1_11' title="bbox 393 513 1977 552; baseline -0.001 -9"><span class='ocrx_word' id='word_1_136' title='bbox 393 515 488 544; x_wconf 84' lang='lat' dir='ltr'>falsum</span> <span class='ocrx_word' id='word_1_137' title='bbox 501 515 607 543; x_wconf 75' lang='lat' dir='ltr'>dixisset</span> <span class='ocrx_word' id='word_1_138' title='bbox 621 515 815 544; x_wconf 86' lang='lat' dir='ltr'>testimonium.</span> <span class='ocrx_word' id='word_1_139' title='bbox 854 514 937 543; x_wconf 84' lang='lat' dir='ltr'>Causa</span> <span class='ocrx_word' id='word_1_140' title='bbox 951 522 1007 543; x_wconf 91' lang='lat' dir='ltr'>tam</span> <span class='ocrx_word' id='word_1_141' title='bbox 1022 516 1118 542; x_wconf 86' lang='lat' dir='ltr'>atrocis</span> <span class='ocrx_word' id='word_1_142' title='bbox 1132 524 1218 551; x_wconf 79' lang='lat' dir='ltr'>poenae</span> <span class='ocrx_word' id='word_1_143' title='bbox 1233 514 1298 546; x_wconf 90' lang='lat' dir='ltr'>fuit,</span> <span class='ocrx_word' id='word_1_144' title='bbox 1318 522 1347 542; x_wconf 91' lang='lat' dir='ltr'>ut</span> <span class='ocrx_word' id='word_1_145' title='bbox 1360 514 1488 542; x_wconf 81' lang='lat' dir='ltr'>acerbitas</span> <span class='ocrx_word' id='word_1_146' title='bbox 1500 514 1640 543; x_wconf 88' lang='lat' dir='ltr'>ulciscendi</span> <span class='ocrx_word' id='word_1_147' title='bbox 1655 514 1796 547; x_wconf 86' lang='lat' dir='ltr'>maleficii,</span> <span class='ocrx_word' id='word_1_148' title='bbox 1817 513 1885 542; x_wconf 90' lang='lat' dir='ltr'>bene</span> <span class='ocrx_word' id='word_1_149' title='bbox 1897 521 1977 552; x_wconf 87' lang='lat' dir='ltr'>atque</span> 
     </span>
     <span class='ocr_line' id='line_1_12' title="bbox 393 552 1981 590; baseline -0.001 -8"><span class='ocrx_word' id='word_1_150' title='bbox 393 552 469 582; x_wconf 74' lang='lat' dir='ltr'>caute</span> <span class='ocrx_word' id='word_1_151' title='bbox 484 553 592 581; x_wconf 89' lang='lat' dir='ltr'>vivendi</span> <span class='ocrx_word' id='word_1_152' title='bbox 605 552 740 589; x_wconf 87' lang='lat' dir='ltr'>disciplina</span> <span class='ocrx_word' id='word_1_153' title='bbox 754 553 826 581; x_wconf 73' lang='lat' dir='ltr'>ess&#39;et.</span> <span class='ocrx_word' id='word_1_154' title='bbox 857 553 1046 580; x_wconf 86' lang='lat' dir='ltr'>Posterioribus</span> <span class='ocrx_word' id='word_1_155' title='bbox 1058 553 1226 589; x_wconf 80' lang='lat' dir='ltr'>temporibus</span> <span class='ocrx_word' id='word_1_156' title='bbox 1239 552 1380 589; x_wconf 84' lang='lat' dir='ltr'>aliquando</span> <span class='ocrx_word' id='word_1_157' title='bbox 1395 553 1423 580; x_wconf 93' lang='lat' dir='ltr'>in</span> <span class='ocrx_word' id='word_1_158' title='bbox 1434 552 1557 588; x_wconf 82' lang='lat' dir='ltr'>judicum</span> <span class='ocrx_word' id='word_1_159' title='bbox 1570 553 1681 580; x_wconf 83' lang='lat' dir='ltr'>arbitrio</span> <span class='ocrx_word' id='word_1_160' title='bbox 1694 553 1745 580; x_wconf 91' lang='lat' dir='ltr'>fuit</span> <span class='ocrx_word' id='word_1_161' title='bbox 1756 554 1873 589; x_wconf 87' lang='lat' dir='ltr'>pofitum</span> <span class='ocrx_word' id='word_1_162' title='bbox 1887 573 1895 584; x_wconf 88' lang='lat'>,</span> <span class='ocrx_word' id='word_1_163' title='bbox 1915 562 1981 590; x_wconf 88' lang='lat' dir='ltr'>qua-</span> 
     </span>
     <span class='ocr_line' id='line_1_13' title="bbox 394 590 1977 629; baseline -0.001 -9"><span class='ocrx_word' id='word_1_164' title='bbox 394 593 427 620; x_wconf 84' lang='lat' dir='ltr'>lis</span> <span class='ocrx_word' id='word_1_165' title='bbox 441 601 521 628; x_wconf 68' lang='lat' dir='ltr'>poena</span> <span class='ocrx_word' id='word_1_166' title='bbox 536 591 600 619; x_wconf 85' lang='lat' dir='ltr'>falso</span> <span class='ocrx_word' id='word_1_167' title='bbox 614 592 673 619; x_wconf 81' lang='lat' dir='ltr'>testi</span> <span class='ocrx_word' id='word_1_168' title='bbox 686 591 826 629; x_wconf 88' lang='lat' dir='ltr'>irroganda</span> <span class='ocrx_word' id='word_1_169' title='bbox 839 591 902 618; x_wconf 69' lang='lat' dir='ltr'>efl‘et</span> <span class='ocrx_word' id='word_1_170' title='bbox 915 602 920 618; x_wconf 73' lang='grc' dir='ltr'><em>ι</em></span> <span class='ocrx_word' id='word_1_171' title='bbox 949 591 1089 627; x_wconf 82' lang='lat' dir='ltr'>aliquando</span> <span class='ocrx_word' id='word_1_172' title='bbox 1101 590 1161 628; x_wconf 61' lang='lat' dir='ltr'>lqgis</span> <span class='ocrx_word' id='word_1_173' title='bbox 1176 590 1294 618; x_wconf 72' lang='lat' dir='ltr'>Cornelia</span> <span class='ocrx_word' id='word_1_174' title='bbox 1307 600 1386 627; x_wconf 80' lang='lat' dir='ltr'>poena</span> <span class='ocrx_word' id='word_1_175' title='bbox 1402 591 1426 618; x_wconf 90' lang='lat' dir='ltr'>ei</span> <span class='ocrx_word' id='word_1_176' title='bbox 1440 590 1490 619; x_wconf 86' lang='lat' dir='ltr'>fuit</span> <span class='ocrx_word' id='word_1_177' title='bbox 1503 592 1635 628; x_wconf 87' lang='lat' dir='ltr'>irrogata:</span> <span class='ocrx_word' id='word_1_178' title='bbox 1653 590 1791 625; x_wconf 80' lang='lat' dir='ltr'>deportatio</span> <span class='ocrx_word' id='word_1_179' title='bbox 1810 591 1933 618; x_wconf 87' lang='lat' dir='ltr'>videlicet</span> <span class='ocrx_word' id='word_1_180' title='bbox 1950 593 1977 619; x_wconf 74' lang='grc' dir='ltr'>δε</span> 
     </span>
     <span class='ocr_line' id='line_1_14' title="bbox 396 628 1977 667; baseline -0.002 -9"><span class='ocrx_word' id='word_1_181' title='bbox 396 631 524 658; x_wconf 82' lang='lat' dir='ltr'>omniurn</span> <span class='ocrx_word' id='word_1_182' title='bbox 539 629 675 657; x_wconf 89' lang='lat' dir='ltr'>bonorum</span> <span class='ocrx_word' id='word_1_183' title='bbox 684 629 829 664; x_wconf 74' lang='lat' dir='ltr'>publicatio.</span> <span class='ocrx_word' id='word_1_184' title='bbox 855 629 977 658; x_wconf 87' lang='lat' dir='ltr'>Testatur</span> <span class='ocrx_word' id='word_1_185' title='bbox 992 629 1043 657; x_wconf 90' lang='lat' dir='ltr'>hoc</span> <span class='ocrx_word' id='word_1_186' title='bbox 1058 629 1224 665; x_wconf 80' lang='lat' dir='ltr'>postremum</span> <span class='ocrx_word' id='word_1_187' title='bbox 1238 628 1385 656; x_wconf 74' lang='lat' dir='ltr'>Martianus</span> <span class='ocrx_word' id='word_1_188' title='bbox 1399 629 1447 656; x_wconf 92' lang='lat' dir='ltr'>IC.</span> <span class='ocrx_word' id='word_1_189' title='bbox 1463 630 1509 665; x_wconf 87' lang='lat' dir='ltr'>qui</span> <span class='ocrx_word' id='word_1_190' title='bbox 1521 628 1624 660; x_wconf 90' lang='lat' dir='ltr'>scribit¹</span> <span class='ocrx_word' id='word_1_191' title='bbox 1648 628 1680 663; x_wconf 81' lang='lat' dir='ltr'>[l.</span> <span class='ocrx_word' id='word_1_192' title='bbox 1692 637 1715 656; x_wconf 88' lang='lat'>1.</span> <span class='ocrx_word' id='word_1_193' title='bbox 1723 629 1759 667; x_wconf 89' lang='lat' dir='ltr'>ff.</span> <span class='ocrx_word' id='word_1_194' title='bbox 1774 630 1810 656; x_wconf 86' lang='lat' dir='ltr'>ad</span> <span class='ocrx_word' id='word_1_195' title='bbox 1820 629 1840 656; x_wconf 90' lang='lat' dir='ltr'>l.</span> <span class='ocrx_word' id='word_1_196' title='bbox 1853 632 1931 656; x_wconf 78' lang='lat' dir='ltr'>Corn.</span> <span class='ocrx_word' id='word_1_197' title='bbox 1945 630 1977 655; x_wconf 80' lang='lat' dir='ltr'>de</span> 
     </span>
     <span class='ocr_line' id='line_1_15' title="bbox 387 666 1977 707; baseline 0 -12"><span class='ocrx_word' id='word_1_198' title='bbox 387 667 479 707; x_wconf 62' lang='lat' dir='ltr'>ficata]</span> <span class='ocrx_word' id='word_1_199' title='bbox 499 678 561 695; x_wconf 86' lang='lat' dir='ltr'>eum</span> <span class='ocrx_word' id='word_1_200' title='bbox 578 668 624 705; x_wconf 92' lang='lat' dir='ltr'>qui</span> <span class='ocrx_word' id='word_1_201' title='bbox 638 667 732 696; x_wconf 89' lang='lat' dir='ltr'>falsum</span> <span class='ocrx_word' id='word_1_202' title='bbox 749 668 932 697; x_wconf 85' lang='lat' dir='ltr'>testimonium</span> <span class='ocrx_word' id='word_1_203' title='bbox 946 668 1009 695; x_wconf 88' lang='lat' dir='ltr'>dolo</span> <span class='ocrx_word' id='word_1_204' title='bbox 1029 667 1101 696; x_wconf 87' lang='lat' dir='ltr'>malo</span> <span class='ocrx_word' id='word_1_205' title='bbox 1115 668 1236 698; x_wconf 77' lang='lat' dir='ltr'>dixisset,</span> <span class='ocrx_word' id='word_1_206' title='bbox 1256 677 1309 704; x_wconf 88' lang='lat' dir='ltr'>quo</span> <span class='ocrx_word' id='word_1_207' title='bbox 1323 668 1381 705; x_wconf 86' lang='lat' dir='ltr'>quis</span> <span class='ocrx_word' id='word_1_208' title='bbox 1394 669 1433 695; x_wconf 86' lang='lat' dir='ltr'>rei</span> <span class='ocrx_word' id='word_1_209' title='bbox 1448 667 1566 704; x_wconf 82' lang='lat' dir='ltr'>capitalis</span> <span class='ocrx_word' id='word_1_210' title='bbox 1579 667 1767 696; x_wconf 82' lang='lat' dir='ltr'>damnaretur:</span> <span class='ocrx_word' id='word_1_211' title='bbox 1787 676 1818 694; x_wconf 89' lang='lat' dir='ltr'>ea</span> <span class='ocrx_word' id='word_1_212' title='bbox 1831 666 1889 705; x_wconf 89' lang='lat' dir='ltr'>lege</span> <span class='ocrx_word' id='word_1_213' title='bbox 1904 675 1977 696; x_wconf 86' lang='lat' dir='ltr'>tene-</span> 
     </span>
     <span class='ocr_line' id='line_1_16' title="bbox 394 704 1433 744; baseline 0 -10"><span class='ocrx_word' id='word_1_214' title='bbox 394 707 435 744; x_wconf 62' lang='lat' dir='ltr'>ri,</span> <span class='ocrx_word' id='word_1_215' title='bbox 456 707 529 743; x_wconf 87' lang='lat' dir='ltr'>cujus</span> <span class='ocrx_word' id='word_1_216' title='bbox 540 715 620 744; x_wconf 83' lang='lat' dir='ltr'>poena</span> <span class='ocrx_word' id='word_1_217' title='bbox 634 707 670 734; x_wconf 86' lang='lat' dir='ltr'>est</span> <span class='ocrx_word' id='word_1_218' title='bbox 683 705 766 741; x_wconf 68' lang='lat' dir='ltr'>insiclae</span> <span class='ocrx_word' id='word_1_219' title='bbox 779 704 931 741; x_wconf 77' lang='lat' dir='ltr'>deportatio,</span> <span class='ocrx_word' id='word_1_220' title='bbox 953 709 980 735; x_wconf 68' lang='grc' dir='ltr'>ὃς</span> <span class='ocrx_word' id='word_1_221' title='bbox 995 707 1121 734; x_wconf 87' lang='lat' dir='ltr'>omnium</span> <span class='ocrx_word' id='word_1_222' title='bbox 1136 705 1271 734; x_wconf 89' lang='lat' dir='ltr'>bonorum</span> <span class='ocrx_word' id='word_1_223' title='bbox 1285 706 1433 744; x_wconf 84' lang='lat' dir='ltr'>ademptio.</span> 
     </span>
    </p>
   </div>
   <div class='ocr_carea' id='block_1_4' title="bbox 560 771 1821 869">
    <p class='ocr_par' dir='ltr' id='par_1_5' title="bbox 560 771 1821 869">
     <span class='ocr_line' id='line_1_17' title="bbox 560 771 1821 822; baseline -0.002 -13"><span class='ocrx_word' id='word_1_224' title='bbox 560 774 596 809; x_wconf 91' lang='lat' dir='ltr'><em>V</em></span> <span class='ocrx_word' id='word_1_225' title='bbox 597 774 626 808; x_wconf 87' lang='lat' dir='ltr'>I.</span> <span class='ocrx_word' id='word_1_226' title='bbox 650 775 704 808; x_wconf 86' lang='lat' dir='ltr'>Ne</span> <span class='ocrx_word' id='word_1_227' title='bbox 717 774 785 820; x_wconf 79' lang='lat' dir='ltr'>quis</span> <span class='ocrx_word' id='word_1_228' title='bbox 797 772 951 811; x_wconf 79' lang='lat' dir='ltr'>hominem</span> <span class='ocrx_word' id='word_1_229' title='bbox 967 773 1174 810; x_wconf 76' lang='lat' dir='ltr'>indemnatum</span> <span class='ocrx_word' id='word_1_230' title='bbox 1186 774 1332 810; x_wconf 77' lang='lat' dir='ltr'>occideret</span> <span class='ocrx_word' id='word_1_231' title='bbox 1342 787 1353 809; x_wconf 91' lang='lat'>.·</span> <span class='ocrx_word' id='word_1_232' title='bbox 1379 773 1545 822; x_wconf 66' lang='lat' dir='ltr'>homintsve</span> <span class='ocrx_word' id='word_1_233' title='bbox 1560 771 1715 811; x_wconf 69' lang='lat' dir='ltr'>occidendi</span> <span class='ocrx_word' id='word_1_234' title='bbox 1732 774 1821 821; x_wconf 66' lang='lat' dir='ltr'>caufit</span> 
     </span>
     <span class='ocr_line' id='line_1_18' title="bbox 1074 825 1304 869; baseline 0.004 -11"><span class='ocrx_word' id='word_1_235' title='bbox 1074 837 1143 858; x_wconf 85' lang='lat' dir='ltr'>cum</span> <span class='ocrx_word' id='word_1_236' title='bbox 1157 825 1215 857; x_wconf 79' lang='lat' dir='ltr'>telo</span> <span class='ocrx_word' id='word_1_237' title='bbox 1232 826 1304 869; x_wconf 73' lang='lat' dir='ltr'>cffi’t.</span> 
     </span>
    </p>
   </div>
   <div class='ocr_carea' id='block_1_5' title="bbox 398 890 1984 1314">
    <p class='ocr_par' dir='ltr' id='par_1_6' title="bbox 398 890 1984 1118">
     <span class='ocr_line' id='line_1_19' title="bbox 439 890 1980 932; baseline 0 -14"><span class='ocrx_word' id='word_1_238' title='bbox 439 892 558 921; x_wconf 82' lang='lat' dir='ltr'>Priorem</span> <span class='ocrx_word' id='word_1_239' title='bbox 580 893 644 932; x_wconf 82' lang='lat' dir='ltr'>legis</span> <span class='ocrx_word' id='word_1_240' title='bbox 663 902 767 932; x_wconf 84' lang='lat' dir='ltr'>partem</span> <span class='ocrx_word' id='word_1_241' title='bbox 785 904 817 922; x_wconf 80' lang='lat' dir='ltr'>ex</span> <span class='ocrx_word' id='word_1_242' title='bbox 835 893 955 922; x_wconf 64' lang='lat' dir='ltr'>Salviano</span> <span class='ocrx_word' id='word_1_243' title='bbox 974 894 1123 923; x_wconf 71' lang='lat' dir='ltr'>Massiliensi</span> <span class='ocrx_word' id='word_1_244' title='bbox 1143 892 1274 931; x_wconf 82' lang='lat' dir='ltr'>Episcopo</span> <span class='ocrx_word' id='word_1_245' title='bbox 1293 895 1397 932; x_wconf 85' lang='lat' dir='ltr'>primus</span> <span class='ocrx_word' id='word_1_246' title='bbox 1417 893 1567 922; x_wconf 81' lang='lat' dir='ltr'>observavit</span> <span class='ocrx_word' id='word_1_247' title='bbox 1587 891 1700 930; x_wconf 73' lang='lat' dir='ltr'>Jacobus</span> <span class='ocrx_word' id='word_1_248' title='bbox 1720 890 1841 927; x_wconf 77' lang='lat' dir='ltr'>Cujacius</span> <span class='ocrx_word' id='word_1_249' title='bbox 1853 892 1900 919; x_wconf 91' lang='lat' dir='ltr'>IC.</span> <span class='ocrx_word' id='word_1_250' title='bbox 1914 890 1980 918; x_wconf 46' lang='lat' dir='ltr'>cele-⁷</span> 
     </span>
     <span class='ocr_line' id='line_1_20' title="bbox 398 928 1984 971; baseline 0 -16"><span class='ocrx_word' id='word_1_251' title='bbox 398 928 531 960; x_wconf 87' lang='lat' dir='ltr'>berrimus</span> <span class='ocrx_word' id='word_1_252' title='bbox 545 953 554 964; x_wconf 90' lang='lat'><em>‚</em></span> <span class='ocrx_word' id='word_1_253' title='bbox 579 933 648 969; x_wconf 84' lang='lat' dir='ltr'>apud</span> <span class='ocrx_word' id='word_1_254' title='bbox 674 942 755 971; x_wconf 84' lang='lat' dir='ltr'>quem</span> <span class='ocrx_word' id='word_1_255' title='bbox 775 933 810 960; x_wconf 89' lang='lat' dir='ltr'>fic</span> <span class='ocrx_word' id='word_1_256' title='bbox 829 932 947 969; x_wconf 79' lang='lat' dir='ltr'>legerat:</span> <span class='ocrx_word' id='word_1_257' title='bbox 976 933 1092 961; x_wconf 84' lang='lat' dir='ltr'>Interfici</span> <span class='ocrx_word' id='word_1_258' title='bbox 1117 933 1304 960; x_wconf 81' lang='lat' dir='ltr'>indemnatum</span> <span class='ocrx_word' id='word_1_259' title='bbox 1329 941 1516 970; x_wconf 84' lang='lat' dir='ltr'>quemcunque</span> <span class='ocrx_word' id='word_1_260' title='bbox 1540 932 1682 959; x_wconf 82' lang='lat' dir='ltr'>hominem</span> <span class='ocrx_word' id='word_1_261' title='bbox 1703 931 1784 958; x_wconf 86' lang='lat' dir='ltr'>etiam</span> <span class='ocrx_word' id='word_1_262' title='bbox 1803 940 1866 958; x_wconf 76' lang='lat' dir='ltr'>xri.</span> <span class='ocrx_word' id='word_1_263' title='bbox 1884 928 1984 956; x_wconf 74' lang='lat' dir='ltr'>tabula-</span> 
     </span>
     <span class='ocr_line' id='line_1_21' title="bbox 398 966 1980 1008; baseline -0.001 -13"><span class='ocrx_word' id='word_1_264' title='bbox 398 977 457 995; x_wconf 86' lang='lat' dir='ltr'>rum</span> <span class='ocrx_word' id='word_1_265' title='bbox 476 969 582 998; x_wconf 88' lang='lat' dir='ltr'>decreta</span> <span class='ocrx_word' id='word_1_266' title='bbox 602 979 751 999; x_wconf 88' lang='lat' dir='ltr'>vetuerunt.</span> <span class='ocrx_word' id='word_1_267' title='bbox 793 973 881 1006; x_wconf 82' lang='lat' dir='ltr'>Atque</span> <span class='ocrx_word' id='word_1_268' title='bbox 901 971 933 998; x_wconf 89' lang='lat' dir='ltr'>ad</span> <span class='ocrx_word' id='word_1_269' title='bbox 950 969 1019 997; x_wconf 84' lang='lat' dir='ltr'>hanc</span> <span class='ocrx_word' id='word_1_270' title='bbox 1031 969 1120 1007; x_wconf 82' lang='lat' dir='ltr'>legem</span> <span class='ocrx_word' id='word_1_271' title='bbox 1134 968 1272 1005; x_wconf 67' lang='lat' dir='ltr'>respexisse</span> <span class='ocrx_word' id='word_1_272' title='bbox 1285 971 1375 998; x_wconf 80' lang='lat' dir='ltr'>eidem</span> <span class='ocrx_word' id='word_1_273' title='bbox 1387 970 1541 1008; x_wconf 72' lang='lat' dir='ltr'>Augtstmus</span> <span class='ocrx_word' id='word_1_274' title='bbox 1554 970 1658 997; x_wconf 81' lang='lat' dir='ltr'>viderur</span> <span class='ocrx_word' id='word_1_275' title='bbox 1670 989 1678 1000; x_wconf 92' lang='lat'><em>‚</em></span> <span class='ocrx_word' id='word_1_276' title='bbox 1704 968 1811 1004; x_wconf 87' lang='lat' dir='ltr'>quando</span> <span class='ocrx_word' id='word_1_277' title='bbox 1826 967 1860 995; x_wconf 78' lang='lat' dir='ltr'>iic</span> <span class='ocrx_word' id='word_1_278' title='bbox 1873 966 1980 994; x_wconf 85' lang='lat' dir='ltr'>scribit:</span> 
     </span>
     <span class='ocr_line' id='line_1_22' title="bbox 398 1004 1982 1048; baseline -0.001 -17"><span class='ocrx_word' id='word_1_279' title='bbox 398 1008 447 1046; x_wconf 61' lang='lat' dir='ltr'>&#39;flos</span> <span class='ocrx_word' id='word_1_280' title='bbox 465 1008 555 1041; x_wconf 77' lang='lat' dir='ltr'>appello</span> <span class='ocrx_word' id='word_1_281' title='bbox 573 1008 636 1046; x_wconf 66' lang='lat' dir='ltr'>leges</span> <span class='ocrx_word' id='word_1_282' title='bbox 649 1028 657 1039; x_wconf 86' lang='lat'>,</span> <span class='ocrx_word' id='word_1_283' title='bbox 677 1009 818 1048; x_wconf 63' lang='lat' dir='ltr'>judicesque</span> <span class='ocrx_word' id='word_1_284' title='bbox 838 1006 962 1039; x_wconf 74' lang='lat' dir='ltr'>Romani,</span> <span class='ocrx_word' id='word_1_285' title='bbox 983 1017 1069 1042; x_wconf 77' lang='lat' dir='ltr'>nempe</span> <span class='ocrx_word' id='word_1_286' title='bbox 1082 1006 1135 1045; x_wconf 82' lang='lat' dir='ltr'>post</span> <span class='ocrx_word' id='word_1_287' title='bbox 1149 1016 1257 1041; x_wconf 71' lang='lat' dir='ltr'>patrata</span> <span class='ocrx_word' id='word_1_288' title='bbox 1270 1007 1386 1044; x_wconf 64' lang='lat' dir='ltr'>jhcinora</span> <span class='ocrx_word' id='word_1_289' title='bbox 1398 1028 1407 1040; x_wconf 89' lang='lat'>,</span> <span class='ocrx_word' id='word_1_290' title='bbox 1429 1017 1471 1034; x_wconf 79' lang='lat' dir='ltr'>nec</span> <span class='ocrx_word' id='word_1_291' title='bbox 1489 1017 1643 1046; x_wconf 81' lang='lat' dir='ltr'>quemquam</span> <span class='ocrx_word' id='word_1_292' title='bbox 1654 1004 1784 1043; x_wconf 64' lang='lat' dir='ltr'>scelestum</span> <span class='ocrx_word' id='word_1_293' title='bbox 1803 1004 1982 1032; x_wconf 75' lang='lat' dir='ltr'>indemnatum</span> 
     </span>
     <span class='ocr_line' id='line_1_23' title="bbox 400 1043 1982 1084; baseline 0.001 -14"><span class='ocrx_word' id='word_1_294' title='bbox 400 1052 502 1077; x_wconf 65' lang='lat' dir='ltr'>ompnne</span> <span class='ocrx_word' id='word_1_295' title='bbox 515 1045 623 1084; x_wconf 50' lang='lat' dir='ltr'>voluistis</span> <span class='ocrx_word' id='word_1_296' title='bbox 634 1048 716 1075; x_wconf 79' lang='lat' dir='ltr'>occidi.</span> <span class='ocrx_word' id='word_1_297' title='bbox 747 1049 892 1082; x_wconf 85' lang='lat' dir='ltr'>Sumptum</span> <span class='ocrx_word' id='word_1_298' title='bbox 905 1046 959 1074; x_wconf 91' lang='lat' dir='ltr'>hoc</span> <span class='ocrx_word' id='word_1_299' title='bbox 973 1044 1079 1074; x_wconf 79' lang='lat' dir='ltr'>fortaffe</span> <span class='ocrx_word' id='word_1_300' title='bbox 1091 1046 1127 1073; x_wconf 90' lang='lat' dir='ltr'>est</span> <span class='ocrx_word' id='word_1_301' title='bbox 1142 1055 1174 1073; x_wconf 87' lang='lat' dir='ltr'>ex</span> <span class='ocrx_word' id='word_1_302' title='bbox 1189 1046 1307 1084; x_wconf 85' lang='lat' dir='ltr'>Lycurgi</span> <span class='ocrx_word' id='word_1_303' title='bbox 1322 1045 1424 1083; x_wconf 88' lang='lat' dir='ltr'>legibus</span> <span class='ocrx_word' id='word_1_304' title='bbox 1434 1066 1442 1078; x_wconf 88' lang='lat'>‚</span> <span class='ocrx_word' id='word_1_305' title='bbox 1462 1054 1519 1082; x_wconf 89' lang='lat' dir='ltr'>quae</span> <span class='ocrx_word' id='word_1_306' title='bbox 1532 1045 1642 1073; x_wconf 84' lang='lat' dir='ltr'>authore</span> <span class='ocrx_word' id='word_1_307' title='bbox 1659 1044 1757 1073; x_wconf 73' lang='lat' dir='ltr'>Valerio</span> <span class='ocrx_word' id='word_1_308' title='bbox 1772 1044 1805 1071; x_wconf 87' lang='lat' dir='ltr'>de</span> <span class='ocrx_word' id='word_1_309' title='bbox 1820 1043 1982 1071; x_wconf 69' lang='lat' dir='ltr'>indemnatis</span> 
     </span>
     <span class='ocr_line' id='line_1_24' title="bbox 402 1080 793 1118; baseline 0.01 -11"><span class='ocrx_word' id='word_1_310' title='bbox 402 1080 562 1118; x_wconf 86' lang='lat' dir='ltr'>supplicium</span> <span class='ocrx_word' id='word_1_311' title='bbox 577 1084 645 1112; x_wconf 89' lang='lat' dir='ltr'>sumi</span> <span class='ocrx_word' id='word_1_312' title='bbox 660 1084 793 1113; x_wconf 87' lang='lat' dir='ltr'>vetabant.</span> 
     </span>
    </p>

    <p class='ocr_par' dir='ltr' id='par_1_7' title="bbox 401 1119 1984 1197">
     <span class='ocr_line' id='line_1_25' title="bbox 442 1119 1984 1162; baseline -0.001 -14"><span class='ocrx_word' id='word_1_313' title='bbox 442 1121 521 1157; x_wconf 86' lang='lat' dir='ltr'>Legis</span> <span class='ocrx_word' id='word_1_314' title='bbox 541 1130 630 1150; x_wconf 86' lang='lat' dir='ltr'>autem</span> <span class='ocrx_word' id='word_1_315' title='bbox 645 1124 750 1160; x_wconf 77' lang='lat' dir='ltr'>aequitas</span> <span class='ocrx_word' id='word_1_316' title='bbox 764 1124 791 1150; x_wconf 89' lang='lat' dir='ltr'>in</span> <span class='ocrx_word' id='word_1_317' title='bbox 804 1131 934 1162; x_wconf 85' lang='lat' dir='ltr'>promptu</span> <span class='ocrx_word' id='word_1_318' title='bbox 949 1122 999 1151; x_wconf 89' lang='lat' dir='ltr'>est:</span> <span class='ocrx_word' id='word_1_319' title='bbox 1019 1132 1052 1150; x_wconf 91' lang='lat' dir='ltr'>ne</span> <span class='ocrx_word' id='word_1_320' title='bbox 1064 1122 1083 1150; x_wconf 81' lang='lat' dir='ltr'>si</span> <span class='ocrx_word' id='word_1_321' title='bbox 1095 1123 1218 1160; x_wconf 86' lang='lat' dir='ltr'>quemvis</span> <span class='ocrx_word' id='word_1_322' title='bbox 1230 1122 1332 1151; x_wconf 86' lang='lat' dir='ltr'>sceleris</span> <span class='ocrx_word' id='word_1_323' title='bbox 1345 1121 1516 1150; x_wconf 86' lang='lat' dir='ltr'>manifestum</span> <span class='ocrx_word' id='word_1_324' title='bbox 1531 1122 1637 1154; x_wconf 88' lang='lat' dir='ltr'>occidi,</span> <span class='ocrx_word' id='word_1_325' title='bbox 1647 1119 1805 1160; x_wconf 77' lang='lat' dir='ltr'>finejudicio</span> <span class='ocrx_word' id='word_1_326' title='bbox 1817 1120 1923 1152; x_wconf 85' lang='lat' dir='ltr'>liceret,</span> <span class='ocrx_word' id='word_1_327' title='bbox 1945 1119 1984 1148; x_wconf 76' lang='lat' dir='ltr'>fe-¹</span> 
     </span>
     <span class='ocr_line' id='line_1_26' title="bbox 401 1158 1658 1197; baseline 0.002 -13"><span class='ocrx_word' id='word_1_328' title='bbox 401 1158 486 1185; x_wconf 84' lang='lat' dir='ltr'>nestra</span> <span class='ocrx_word' id='word_1_329' title='bbox 500 1158 655 1189; x_wconf 82' lang='lat' dir='ltr'>hominibus</span> <span class='ocrx_word' id='word_1_330' title='bbox 667 1161 807 1191; x_wconf 85' lang='lat' dir='ltr'>audacibus</span> <span class='ocrx_word' id='word_1_331' title='bbox 820 1173 851 1192; x_wconf 89' lang='lat' dir='ltr'>ac</span> <span class='ocrx_word' id='word_1_332' title='bbox 865 1162 1018 1191; x_wconf 76' lang='lat' dir='ltr'>facinorosis</span> <span class='ocrx_word' id='word_1_333' title='bbox 1030 1162 1062 1188; x_wconf 87' lang='lat' dir='ltr'>ad</span> <span class='ocrx_word' id='word_1_334' title='bbox 1072 1162 1155 1189; x_wconf 81' lang='lat' dir='ltr'>caedes</span> <span class='ocrx_word' id='word_1_335' title='bbox 1169 1170 1218 1197; x_wconf 89' lang='lat' dir='ltr'>pro</span> <span class='ocrx_word' id='word_1_336' title='bbox 1232 1161 1341 1189; x_wconf 90' lang='lat' dir='ltr'>libidine</span> <span class='ocrx_word' id='word_1_337' title='bbox 1356 1160 1488 1188; x_wconf 82' lang='lat' dir='ltr'>faciendas</span> <span class='ocrx_word' id='word_1_338' title='bbox 1503 1162 1658 1196; x_wconf 77' lang='lat' dir='ltr'>aperiretur.</span> 
     </span>
    </p>

    <p class='ocr_par' dir='ltr' id='par_1_8' title="bbox 400 1194 1982 1314">
     <span class='ocr_line' id='line_1_27' title="bbox 443 1194 1980 1238; baseline 0.001 -16"><span class='ocrx_word' id='word_1_339' title='bbox 443 1196 575 1225; x_wconf 83' lang='lat' dir='ltr'>Posterior</span> <span class='ocrx_word' id='word_1_340' title='bbox 588 1208 648 1235; x_wconf 85' lang='lat' dir='ltr'>pars</span> <span class='ocrx_word' id='word_1_341' title='bbox 661 1209 692 1226; x_wconf 84' lang='lat' dir='ltr'>ex</span> <span class='ocrx_word' id='word_1_342' title='bbox 706 1203 823 1229; x_wconf 68' lang='lat' dir='ltr'>Cicerone</span> <span class='ocrx_word' id='word_1_343' title='bbox 835 1202 918 1238; x_wconf 89' lang='lat' dir='ltr'>petita</span> <span class='ocrx_word' id='word_1_344' title='bbox 931 1201 966 1227; x_wconf 89' lang='lat' dir='ltr'>est</span> <span class='ocrx_word' id='word_1_345' title='bbox 977 1220 984 1231; x_wconf 89' lang='lat'>‚</span> <span class='ocrx_word' id='word_1_346' title='bbox 1010 1200 1055 1236; x_wconf 87' lang='lat' dir='ltr'>qui</span> <span class='ocrx_word' id='word_1_347' title='bbox 1069 1200 1097 1227; x_wconf 89' lang='lat' dir='ltr'>in</span> <span class='ocrx_word' id='word_1_348' title='bbox 1109 1198 1250 1227; x_wconf 72' lang='lat' dir='ltr'>Mtloninna</span> <span class='ocrx_word' id='word_1_349' title='bbox 1264 1200 1300 1226; x_wconf 88' lang='lat' dir='ltr'>ita</span> <span class='ocrx_word' id='word_1_350' title='bbox 1312 1199 1483 1226; x_wconf 82' lang='lat' dir='ltr'>ratiocinatur</span> <span class='ocrx_word' id='word_1_351' title='bbox 1497 1209 1505 1225; x_wconf 91' lang='lat'>·.</span> <span class='ocrx_word' id='word_1_352' title='bbox 1531 1200 1603 1225; x_wconf 90' lang='lat' dir='ltr'>Cum</span> <span class='ocrx_word' id='word_1_353' title='bbox 1615 1198 1657 1226; x_wconf 89' lang='lat' dir='ltr'>lex</span> <span class='ocrx_word' id='word_1_354' title='bbox 1671 1206 1743 1227; x_wconf 87' lang='lat' dir='ltr'>vetat</span> <span class='ocrx_word' id='word_1_355' title='bbox 1756 1220 1763 1231; x_wconf 94' lang='lat'><em>‚</em></span> <span class='ocrx_word' id='word_1_356' title='bbox 1783 1199 1834 1226; x_wconf 81' lang='lat' dir='ltr'>effe</span> <span class='ocrx_word' id='word_1_357' title='bbox 1847 1206 1909 1224; x_wconf 87' lang='lat' dir='ltr'>cum</span> <span class='ocrx_word' id='word_1_358' title='bbox 1924 1194 1980 1225; x_wconf 86' lang='lat' dir='ltr'>telo</span> 
     </span>
     <span class='ocr_line' id='line_1_28' title="bbox 401 1232 1982 1274; baseline 0.003 -15"><span class='ocrx_word' id='word_1_359' title='bbox 401 1232 520 1263; x_wconf 79' lang='lat' dir='ltr'>hominis</span> <span class='ocrx_word' id='word_1_360' title='bbox 533 1237 675 1264; x_wconf 88' lang='lat' dir='ltr'>occidendi</span> <span class='ocrx_word' id='word_1_361' title='bbox 689 1237 775 1265; x_wconf 73' lang='lat' dir='ltr'>causa:</span> <span class='ocrx_word' id='word_1_362' title='bbox 795 1240 908 1268; x_wconf 85' lang='lat' dir='ltr'>eandem</span> <span class='ocrx_word' id='word_1_363' title='bbox 924 1239 1003 1266; x_wconf 82' lang='lat' dir='ltr'>tacite</span> <span class='ocrx_word' id='word_1_364' title='bbox 1017 1238 1188 1274; x_wconf 80' lang='lat' dir='ltr'>permittere,</span> <span class='ocrx_word' id='word_1_365' title='bbox 1209 1237 1260 1265; x_wconf 79' lang='lat' dir='ltr'>effe</span> <span class='ocrx_word' id='word_1_366' title='bbox 1273 1246 1335 1265; x_wconf 88' lang='lat' dir='ltr'>cum</span> <span class='ocrx_word' id='word_1_367' title='bbox 1349 1236 1405 1265; x_wconf 88' lang='lat' dir='ltr'>telo</span> <span class='ocrx_word' id='word_1_368' title='bbox 1419 1236 1580 1264; x_wconf 84' lang='lat' dir='ltr'>defendendi</span> <span class='ocrx_word' id='word_1_369' title='bbox 1594 1236 1631 1263; x_wconf 69' lang='lat' dir='ltr'>fiii</span> <span class='ocrx_word' id='word_1_370' title='bbox 1645 1237 1727 1264; x_wconf 84' lang='lat' dir='ltr'>causa.</span> <span class='ocrx_word' id='word_1_371' title='bbox 1756 1239 1843 1264; x_wconf 90' lang='lat' dir='ltr'>Locus</span> <span class='ocrx_word' id='word_1_372' title='bbox 1855 1235 1928 1263; x_wconf 88' lang='lat' dir='ltr'>enim</span> <span class='ocrx_word' id='word_1_373' title='bbox 1944 1234 1982 1263; x_wconf 87' lang='lat' dir='ltr'>est</span> 
     </span>
     <span class='ocr_line' id='line_1_29' title="bbox 400 1272 1804 1314; baseline 0.004 -17"><span class='ocrx_word' id='word_1_374' title='bbox 400 1280 433 1298; x_wconf 78' lang='lat' dir='ltr'>ex</span> <span class='ocrx_word' id='word_1_375' title='bbox 447 1272 594 1303; x_wconf 62' lang='lat' dir='ltr'>contrario.-</span> <span class='ocrx_word' id='word_1_376' title='bbox 616 1275 690 1312; x_wconf 79' lang='lat' dir='ltr'>cujus</span> <span class='ocrx_word' id='word_1_377' title='bbox 703 1275 756 1304; x_wconf 86' lang='lat' dir='ltr'>hoc</span> <span class='ocrx_word' id='word_1_378' title='bbox 770 1277 907 1306; x_wconf 86' lang='lat' dir='ltr'>summum</span> <span class='ocrx_word' id='word_1_379' title='bbox 920 1284 1084 1314; x_wconf 72' lang='lat' dir='ltr'>praeceptum</span> <span class='ocrx_word' id='word_1_380' title='bbox 1098 1275 1151 1308; x_wconf 88' lang='lat' dir='ltr'>est,</span> <span class='ocrx_word' id='word_1_381' title='bbox 1170 1285 1200 1304; x_wconf 82' lang='lat' dir='ltr'>ut</span> <span class='ocrx_word' id='word_1_382' title='bbox 1212 1277 1409 1304; x_wconf 84' lang='lat' dir='ltr'>contrariorum</span> <span class='ocrx_word' id='word_1_383' title='bbox 1423 1275 1555 1303; x_wconf 83' lang='lat' dir='ltr'>contraria</span> <span class='ocrx_word' id='word_1_384' title='bbox 1568 1274 1598 1302; x_wconf 83' lang='lat' dir='ltr'>fit</span> <span class='ocrx_word' id='word_1_385' title='bbox 1609 1272 1804 1312; x_wconf 77' lang='lat' dir='ltr'>consequentia.</span> 
     </span>
    </p>
   </div>
   <div class='ocr_carea' id='block_1_6' title="bbox 778 1342 1604 1392">
    <p class='ocr_par' dir='ltr' id='par_1_9' title="bbox 778 1342 1604 1392">
     <span class='ocr_line' id='line_1_30' title="bbox 778 1342 1604 1392; baseline -0.006 -11"><span class='ocrx_word' id='word_1_386' title='bbox 778 1349 812 1381; x_wconf 91' lang='lat' dir='ltr'><em>V</em></span> <span class='ocrx_word' id='word_1_387' title='bbox 815 1347 837 1378; x_wconf 90' lang='lat' dir='ltr'><em>I</em></span> <span class='ocrx_word' id='word_1_388' title='bbox 842 1347 870 1379; x_wconf 89' lang='lat' dir='ltr'>I.</span> <span class='ocrx_word' id='word_1_389' title='bbox 897 1346 951 1379; x_wconf 85' lang='lat' dir='ltr'>Ne</span> <span class='ocrx_word' id='word_1_390' title='bbox 965 1346 1034 1392; x_wconf 82' lang='lat' dir='ltr'>quis</span> <span class='ocrx_word' id='word_1_391' title='bbox 1048 1345 1080 1377; x_wconf 82' lang='lat' dir='ltr'>in</span> <span class='ocrx_word' id='word_1_392' title='bbox 1089 1342 1168 1377; x_wconf 84' lang='lat' dir='ltr'>Urbe</span> <span class='ocrx_word' id='word_1_393' title='bbox 1185 1353 1274 1378; x_wconf 84' lang='lat' dir='ltr'>coetus</span> <span class='ocrx_word' id='word_1_394' title='bbox 1290 1342 1446 1378; x_wconf 65' lang='lat' dir='ltr'>nor‘lurnos</span> <span class='ocrx_word' id='word_1_395' title='bbox 1462 1344 1604 1390; x_wconf 75' lang='lat' dir='ltr'>agitaret.</span> 
     </span>
    </p>
   </div>
   <div class='ocr_carea' id='block_1_7' title="bbox 402 1413 1982 1634">
    <p class='ocr_par' dir='ltr' id='par_1_10' title="bbox 402 1413 1982 1634">
     <span class='ocr_line' id='line_1_31' title="bbox 435 1413 1372 1452; baseline 0 -11"><span class='ocrx_word' id='word_1_396' title='bbox 435 1413 483 1441; x_wconf 85' lang='lat' dir='ltr'>&#39;Ex</span> <span class='ocrx_word' id='word_1_397' title='bbox 497 1414 692 1444; x_wconf 86' lang='lat' dir='ltr'>declamatione</span> <span class='ocrx_word' id='word_1_398' title='bbox 706 1414 785 1443; x_wconf 82' lang='lat' dir='ltr'>Portii</span> <span class='ocrx_word' id='word_1_399' title='bbox 802 1416 919 1443; x_wconf 58' lang='lat' dir='ltr'>Latroni!</span> <span class='ocrx_word' id='word_1_400' title='bbox 933 1416 960 1443; x_wconf 90' lang='lat' dir='ltr'>in</span> <span class='ocrx_word' id='word_1_401' title='bbox 976 1415 1120 1443; x_wconf 84' lang='lat' dir='ltr'>Catilinam</span> <span class='ocrx_word' id='word_1_402' title='bbox 1136 1415 1205 1452; x_wconf 87' lang='lat' dir='ltr'>apud</span> <span class='ocrx_word' id='word_1_403' title='bbox 1218 1413 1372 1451; x_wconf 49' lang='lat' dir='ltr'>Sallrstium.</span> 
     </span>
     <span class='ocr_line' id='line_1_32' title="bbox 441 1446 1981 1491; baseline -0.002 -14"><span class='ocrx_word' id='word_1_404' title='bbox 441 1451 615 1490; x_wconf 78' lang='lat' dir='ltr'>clandestinas</span> <span class='ocrx_word' id='word_1_405' title='bbox 631 1453 746 1482; x_wconf 80' lang='lat' dir='ltr'>coitiones</span> <span class='ocrx_word' id='word_1_406' title='bbox 762 1454 803 1482; x_wconf 88' lang='lat' dir='ltr'>lex</span> <span class='ocrx_word' id='word_1_407' title='bbox 820 1461 892 1482; x_wconf 91' lang='lat' dir='ltr'>vetat</span> <span class='ocrx_word' id='word_1_408' title='bbox 905 1476 912 1487; x_wconf 87' lang='lat'>‚</span> <span class='ocrx_word' id='word_1_409' title='bbox 932 1455 1031 1491; x_wconf 86' lang='lat' dir='ltr'>quippe</span> <span class='ocrx_word' id='word_1_410' title='bbox 1044 1463 1101 1490; x_wconf 84' lang='lat' dir='ltr'>quae</span> <span class='ocrx_word' id='word_1_411' title='bbox 1114 1453 1266 1481; x_wconf 78' lang='lat' dir='ltr'>facinorosis</span> <span class='ocrx_word' id='word_1_412' title='bbox 1281 1452 1435 1480; x_wconf 87' lang='lat' dir='ltr'>hominibus</span> <span class='ocrx_word' id='word_1_413' title='bbox 1448 1448 1602 1480; x_wconf 85' lang='lat' dir='ltr'>facultatem</span> <span class='ocrx_word' id='word_1_414' title='bbox 1617 1449 1715 1486; x_wconf 85' lang='lat' dir='ltr'>aliquid</span> <span class='ocrx_word' id='word_1_415' title='bbox 1729 1455 1821 1476; x_wconf 84' lang='lat' dir='ltr'>contra</span> <span class='ocrx_word' id='word_1_416' title='bbox 1836 1446 1981 1484; x_wconf 85' lang='lat' dir='ltr'>rempubli-</span> 
     </span>
     <span class='ocr_line' id='line_1_33' title="bbox 402 1490 1265 1527; baseline 0.003 -12"><span class='ocrx_word' id='word_1_417' title='bbox 402 1496 464 1516; x_wconf 73' lang='lat' dir='ltr'>cam</span> <span class='ocrx_word' id='word_1_418' title='bbox 477 1491 591 1519; x_wconf 86' lang='lat' dir='ltr'>audendi</span> <span class='ocrx_word' id='word_1_419' title='bbox 602 1492 748 1527; x_wconf 77' lang='lat' dir='ltr'>praebeant,</span> <span class='ocrx_word' id='word_1_420' title='bbox 768 1493 1000 1527; x_wconf 86' lang='lat' dir='ltr'>quemadmodum</span> <span class='ocrx_word' id='word_1_421' title='bbox 1013 1492 1154 1518; x_wconf 74' lang='lat' dir='ltr'>Menander</span> <span class='ocrx_word' id='word_1_422' title='bbox 1164 1490 1265 1518; x_wconf 86' lang='lat' dir='ltr'>scribit:</span> 
     </span>
     <span class='ocr_line' id='line_1_34' title="bbox 718 1527 1167 1558; baseline 0 -7"><span class='ocrx_word' id='word_1_423' title='bbox 718 1528 764 1551; x_wconf 52' lang='lat' dir='ltr'>‘riv</span> <span class='ocrx_word' id='word_1_424' title='bbox 776 1528 842 1551; x_wconf 62' lang='lat' dir='ltr'>uma</span> <span class='ocrx_word' id='word_1_425' title='bbox 854 1529 873 1551; x_wconf 54' lang='lat' dir='ltr'>&#39;ir&#39;</span> <span class='ocrx_word' id='word_1_426' title='bbox 884 1530 966 1551; x_wconf 70' lang='grc' dir='ltr'>πολλῶν</span> <span class='ocrx_word' id='word_1_427' title='bbox 978 1527 1049 1550; x_wconf 68' lang='grc' dir='ltr'>κακῶν</span> <span class='ocrx_word' id='word_1_428' title='bbox 1061 1528 1167 1558; x_wconf 64' lang='grc' dir='ltr'><em>οὶςχκ)ίν.</em></span> 
     </span>
     <span class='ocr_line' id='line_1_35' title="bbox 444 1553 1982 1597; baseline -0.003 -12"><span class='ocrx_word' id='word_1_429' title='bbox 444 1557 538 1594; x_wconf 85' lang='lat' dir='ltr'>Itaque</span> <span class='ocrx_word' id='word_1_430' title='bbox 549 1557 720 1596; x_wconf 75' lang='lat' dir='ltr'>intempestam</span> <span class='ocrx_word' id='word_1_431' title='bbox 733 1558 830 1587; x_wconf 62' lang='lat' dir='ltr'>metem</span> <span class='ocrx_word' id='word_1_432' title='bbox 844 1567 945 1587; x_wconf 88' lang='lat' dir='ltr'>veteres</span> <span class='ocrx_word' id='word_1_433' title='bbox 958 1559 1137 1596; x_wconf 75' lang='lat' dir='ltr'>appellabant,</span> <span class='ocrx_word' id='word_1_434' title='bbox 1158 1565 1187 1587; x_wconf 89' lang='lat' dir='ltr'>ut</span> <span class='ocrx_word' id='word_1_435' title='bbox 1201 1562 1277 1586; x_wconf 76' lang='lat' dir='ltr'>Varro</span> <span class='ocrx_word' id='word_1_436' title='bbox 1290 1559 1394 1591; x_wconf 86' lang='lat' dir='ltr'>scribit,</span> <span class='ocrx_word' id='word_1_437' title='bbox 1414 1560 1476 1596; x_wconf 87' lang='lat' dir='ltr'>quia</span> <span class='ocrx_word' id='word_1_438' title='bbox 1489 1564 1597 1595; x_wconf 87' lang='lat' dir='ltr'>tempus</span> <span class='ocrx_word' id='word_1_439' title='bbox 1610 1556 1706 1593; x_wconf 84' lang='lat' dir='ltr'>agendi</span> <span class='ocrx_word' id='word_1_440' title='bbox 1718 1554 1819 1597; x_wconf 80' lang='lat' dir='ltr'>nullum</span> <span class='ocrx_word' id='word_1_441' title='bbox 1832 1560 1896 1582; x_wconf 78' lang='lat' dir='ltr'>erat.</span> <span class='ocrx_word' id='word_1_442' title='bbox 1915 1553 1982 1581; x_wconf 86' lang='lat' dir='ltr'>Inde</span> 
     </span>
     <span class='ocr_line' id='line_1_36' title="bbox 408 1593 1823 1634; baseline -0.004 -9"><span class='ocrx_word' id='word_1_443' title='bbox 408 1597 491 1634; x_wconf 57' lang='lat' dir='ltr'>etiam</span> <span class='ocrx_word' id='word_1_444' title='bbox 506 1596 586 1627; x_wconf 83' lang='lat' dir='ltr'>altera</span> <span class='ocrx_word' id='word_1_445' title='bbox 599 1597 640 1626; x_wconf 85' lang='lat' dir='ltr'>illa</span> <span class='ocrx_word' id='word_1_446' title='bbox 654 1597 695 1626; x_wconf 89' lang='lat' dir='ltr'>lex</span> <span class='ocrx_word' id='word_1_447' title='bbox 710 1597 736 1625; x_wconf 91' lang='lat' dir='ltr'>in</span> <span class='ocrx_word' id='word_1_448' title='bbox 750 1596 796 1626; x_wconf 81' lang='lat' dir='ltr'>has</span> <span class='ocrx_word' id='word_1_449' title='bbox 809 1598 908 1626; x_wconf 85' lang='lat' dir='ltr'>tabulas</span> <span class='ocrx_word' id='word_1_450' title='bbox 922 1598 1011 1626; x_wconf 88' lang='lat' dir='ltr'>relata:</span> <span class='ocrx_word' id='word_1_451' title='bbox 1032 1597 1077 1625; x_wconf 91' lang='lat' dir='ltr'>Sol</span> <span class='ocrx_word' id='word_1_452' title='bbox 1092 1597 1196 1626; x_wconf 83' lang='lat' dir='ltr'>occasus</span> <span class='ocrx_word' id='word_1_453' title='bbox 1209 1597 1332 1634; x_wconf 87' lang='lat' dir='ltr'>suprema</span> <span class='ocrx_word' id='word_1_454' title='bbox 1345 1597 1485 1634; x_wconf 84' lang='lat' dir='ltr'>tempestas</span> <span class='ocrx_word' id='word_1_455' title='bbox 1499 1596 1566 1622; x_wconf 86' lang='lat' dir='ltr'>esto:</span> <span class='ocrx_word' id='word_1_456' title='bbox 1587 1601 1617 1621; x_wconf 88' lang='lat' dir='ltr'>ut</span> <span class='ocrx_word' id='word_1_457' title='bbox 1631 1602 1697 1621; x_wconf 88' lang='lat' dir='ltr'>mox</span> <span class='ocrx_word' id='word_1_458' title='bbox 1710 1593 1823 1620; x_wconf 73' lang='lat' dir='ltr'>dicetur.</span> 
     </span>
    </p>
   </div>
   <div class='ocr_carea' id='block_1_8' title="bbox 596 1660 1794 1767">
    <p class='ocr_par' dir='ltr' id='par_1_11' title="bbox 596 1660 1794 1767">
     <span class='ocr_line' id='line_1_37' title="bbox 596 1660 1794 1749; baseline -0.008 -48"><span class='ocrx_word' id='word_1_459' title='bbox 596 1667 632 1701; x_wconf 89' lang='lat' dir='ltr'><em>V</em></span> <span class='ocrx_word' id='word_1_460' title='bbox 632 1667 655 1700; x_wconf 93' lang='lat' dir='ltr'><em>l</em></span> <span class='ocrx_word' id='word_1_461' title='bbox 660 1668 680 1699; x_wconf 92' lang='lat' dir='ltr'><em>I</em></span> <span class='ocrx_word' id='word_1_462' title='bbox 687 1668 715 1700; x_wconf 88' lang='lat' dir='ltr'>I.</span> <span class='ocrx_word' id='word_1_463' title='bbox 740 1667 782 1701; x_wconf 84' lang='lat' dir='ltr'>Ut</span> <span class='ocrx_word' id='word_1_464' title='bbox 789 1668 819 1714; x_wconf 84' lang='lat' dir='ltr'><strong><em>fi</em></strong></span> <span class='ocrx_word' id='word_1_465' title='bbox 832 1668 894 1714; x_wconf 59' lang='lat' dir='ltr'>quir</span> <span class='ocrx_word' id='word_1_466' title='bbox 908 1666 1017 1714; x_wconf 78' lang='lat' dir='ltr'>hostem</span> <span class='ocrx_word' id='word_1_467' title='bbox 1029 1668 1212 1749; x_wconf 58' lang='lat' dir='ltr'>concitaffiet}</span> <span class='ocrx_word' id='word_1_468' title='bbox 1237 1668 1377 1699; x_wconf 74' lang='lat' dir='ltr'>civemve</span> <span class='ocrx_word' id='word_1_469' title='bbox 1392 1663 1468 1711; x_wconf 80' lang='lat' dir='ltr'>hosti</span> <span class='ocrx_word' id='word_1_470' title='bbox 1479 1660 1671 1708; x_wconf 78' lang='lat' dir='ltr'>tradidisset,</span> <span class='ocrx_word' id='word_1_471' title='bbox 1695 1661 1794 1707; x_wconf 81' lang='lat' dir='ltr'>capite</span> 
     </span>
     <span class='ocr_line' id='line_1_38' title="bbox 1077 1723 1304 1767; baseline -0.009 -17"><span class='ocrx_word' id='word_1_472' title='bbox 1077 1727 1181 1767; x_wconf 80' lang='lat' dir='ltr'>poenas</span> <span class='ocrx_word' id='word_1_473' title='bbox 1213 1723 1304 1749; x_wconf 77' lang='lat' dir='ltr'>ucret.</span> 
     </span>
    </p>
   </div>
   <div class='ocr_carea' id='block_1_9' title="bbox 407 1771 2033 2385">
    <p class='ocr_par' dir='ltr' id='par_1_12' title="bbox 407 1771 1984 1860">
     <span class='ocr_line' id='line_1_39' title="bbox 447 1771 1984 1823; baseline -0.007 -13"><span class='ocrx_word' id='word_1_474' title='bbox 447 1783 555 1813; x_wconf 88' lang='lat' dir='ltr'>Recitat</span> <span class='ocrx_word' id='word_1_475' title='bbox 568 1783 635 1812; x_wconf 85' lang='lat' dir='ltr'>hanc</span> <span class='ocrx_word' id='word_1_476' title='bbox 647 1784 736 1823; x_wconf 86' lang='lat' dir='ltr'>legem</span> <span class='ocrx_word' id='word_1_477' title='bbox 750 1784 898 1812; x_wconf 72' lang='lat' dir='ltr'>Martianus</span> <span class='ocrx_word' id='word_1_478' title='bbox 914 1785 940 1812; x_wconf 88' lang='lat' dir='ltr'>in</span> <span class='ocrx_word' id='word_1_479' title='bbox 955 1783 971 1811; x_wconf 95' lang='lat' dir='ltr'>l.</span> <span class='ocrx_word' id='word_1_480' title='bbox 986 1794 1009 1820; x_wconf 81' lang='lat'>3.</span> <span class='ocrx_word' id='word_1_481' title='bbox 1024 1781 1049 1810; x_wconf 83' lang='lat' dir='ltr'>ff.</span> <span class='ocrx_word' id='word_1_482' title='bbox 1063 1782 1096 1809; x_wconf 89' lang='lat' dir='ltr'>ad</span> <span class='ocrx_word' id='word_1_483' title='bbox 1110 1781 1160 1818; x_wconf 86' lang='lat' dir='ltr'>leg.</span> <span class='ocrx_word' id='word_1_484' title='bbox 1176 1780 1275 1819; x_wconf 80' lang='lat' dir='ltr'>juliam</span> <span class='ocrx_word' id='word_1_485' title='bbox 1290 1779 1393 1816; x_wconf 79' lang='lat' dir='ltr'>majest.</span> <span class='ocrx_word' id='word_1_486' title='bbox 1418 1784 1473 1806; x_wconf 84' lang='lat' dir='ltr'>Lex</span> <span class='ocrx_word' id='word_1_487' title='bbox 1485 1777 1614 1819; x_wconf 47' lang='lat' dir='ltr'>duodecim</span> <span class='ocrx_word' id='word_1_488' title='bbox 1626 1775 1770 1803; x_wconf 61' lang='lat' dir='ltr'>tabamrum</span> <span class='ocrx_word' id='word_1_489' title='bbox 1783 1772 1896 1811; x_wconf 77' lang='lat' dir='ltr'>(inquit)</span> <span class='ocrx_word' id='word_1_490' title='bbox 1906 1771 1984 1808; x_wconf 77' lang='lat' dir='ltr'>jubet</span> 
     </span>
     <span class='ocr_line' id='line_1_40' title="bbox 407 1817 1562 1860; baseline -0.005 -12"><span class='ocrx_word' id='word_1_491' title='bbox 407 1829 469 1848; x_wconf 86' lang='lat' dir='ltr'>eum</span> <span class='ocrx_word' id='word_1_492' title='bbox 478 1843 484 1854; x_wconf 86' lang='lat'><em>‚</em></span> <span class='ocrx_word' id='word_1_493' title='bbox 506 1824 551 1860; x_wconf 89' lang='lat' dir='ltr'>qui</span> <span class='ocrx_word' id='word_1_494' title='bbox 566 1823 651 1852; x_wconf 86' lang='lat' dir='ltr'>hostes</span> <span class='ocrx_word' id='word_1_495' title='bbox 664 1824 853 1856; x_wconf 87' lang='lat' dir='ltr'>concitaverit,</span> <span class='ocrx_word' id='word_1_496' title='bbox 873 1824 952 1860; x_wconf 88' lang='lat' dir='ltr'>quive</span> <span class='ocrx_word' id='word_1_497' title='bbox 965 1823 1055 1849; x_wconf 88' lang='lat' dir='ltr'>civem</span> <span class='ocrx_word' id='word_1_498' title='bbox 1068 1820 1183 1847; x_wconf 79' lang='lat' dir='ltr'>hostibus</span> <span class='ocrx_word' id='word_1_499' title='bbox 1197 1819 1349 1850; x_wconf 82' lang='lat' dir='ltr'>tradiderit,</span> <span class='ocrx_word' id='word_1_500' title='bbox 1368 1817 1454 1853; x_wconf 85' lang='lat' dir='ltr'>capite</span> <span class='ocrx_word' id='word_1_501' title='bbox 1465 1823 1562 1852; x_wconf 80' lang='lat' dir='ltr'>puniri.</span> 
     </span>
    </p>

    <p class='ocr_par' dir='ltr' id='par_1_13' title="bbox 446 1855 1922 1899">
     <span class='ocr_line' id='line_1_41' title="bbox 446 1855 1922 1899; baseline -0.005 -13"><span class='ocrx_word' id='word_1_502' title='bbox 446 1859 569 1899; x_wconf 90' lang='lat' dir='ltr'>Plerique</span> <span class='ocrx_word' id='word_1_503' title='bbox 581 1862 759 1898; x_wconf 84' lang='lat' dir='ltr'>interpretum</span> <span class='ocrx_word' id='word_1_504' title='bbox 773 1862 840 1889; x_wconf 89' lang='lat' dir='ltr'>hanc</span> <span class='ocrx_word' id='word_1_505' title='bbox 853 1861 941 1898; x_wconf 86' lang='lat' dir='ltr'>legem</span> <span class='ocrx_word' id='word_1_506' title='bbox 954 1861 985 1887; x_wconf 86' lang='lat' dir='ltr'>de</span> <span class='ocrx_word' id='word_1_507' title='bbox 997 1857 1102 1886; x_wconf 72' lang='lat' dir='ltr'>crimine</span> <span class='ocrx_word' id='word_1_508' title='bbox 1115 1855 1251 1894; x_wconf 47' lang='lat' dir='ltr'>majestatis</span> <span class='ocrx_word' id='word_1_509' title='bbox 1266 1855 1428 1892; x_wconf 88' lang='lat' dir='ltr'>intelligunt.</span> <span class='ocrx_word' id='word_1_510' title='bbox 1637 1889 1641 1893; x_wconf 41' lang='grc'><em>“</em></span> <span class='ocrx_word' id='word_1_511' title='bbox 1752 1891 1756 1895; x_wconf 33' lang='lat'><strong>¹</strong></span> <span class='ocrx_word' id='word_1_512' title='bbox 1883 1886 1888 1891; x_wconf 39' lang='grc'><em>.</em></span> <span class='ocrx_word' id='word_1_513' title='bbox 1918 1884 1922 1889; x_wconf 25' lang='grc' dir='ltr'>η</span> 
     </span>
    </p>

    <p class='ocr_par' dir='ltr' id='par_1_14' title="bbox 409 1891 2033 2358">
     <span class='ocr_line' id='line_1_42' title="bbox 448 1891 1982 1938; baseline -0.008 -13"><span class='ocrx_word' id='word_1_514' title='bbox 448 1899 491 1926; x_wconf 85' lang='lat' dir='ltr'>Est</span> <span class='ocrx_word' id='word_1_515' title='bbox 510 1901 583 1928; x_wconf 87' lang='lat' dir='ltr'>enim</span> <span class='ocrx_word' id='word_1_516' title='bbox 605 1898 743 1938; x_wconf 77' lang='lat' dir='ltr'>majestatis</span> <span class='ocrx_word' id='word_1_517' title='bbox 761 1899 854 1927; x_wconf 83' lang='lat' dir='ltr'>crimen</span> <span class='ocrx_word' id='word_1_518' title='bbox 872 1899 934 1926; x_wconf 91' lang='lat' dir='ltr'>illud</span> <span class='ocrx_word' id='word_1_519' title='bbox 949 1920 955 1930; x_wconf 91' lang='lat'>,</span> <span class='ocrx_word' id='word_1_520' title='bbox 981 1897 1050 1936; x_wconf 79' lang='lat' dir='ltr'>quod</span> <span class='ocrx_word' id='word_1_521' title='bbox 1060 1896 1177 1929; x_wconf 74' lang='lat' dir='ltr'>advetfics</span> <span class='ocrx_word' id='word_1_522' title='bbox 1187 1894 1305 1929; x_wconf 82' lang='lat' dir='ltr'>populum</span> <span class='ocrx_word' id='word_1_523' title='bbox 1320 1898 1463 1921; x_wconf 75' lang='lat' dir='ltr'>Romanum</span> <span class='ocrx_word' id='word_1_524' title='bbox 1477 1911 1486 1922; x_wconf 87' lang='lat'><em>‚</em></span> <span class='ocrx_word' id='word_1_525' title='bbox 1510 1891 1723 1926; x_wconf 71' lang='lat' dir='ltr'>autftcurttatem</span> <span class='ocrx_word' id='word_1_526' title='bbox 1735 1900 1787 1925; x_wconf 78' lang='lat' dir='ltr'>estes</span> <span class='ocrx_word' id='word_1_527' title='bbox 1799 1894 1982 1929; x_wconf 66' lang='lat' dir='ltr'>commutatur.-</span> 
     </span>
     <span class='ocr_line' id='line_1_43' title="bbox 409 1924 1984 1976; baseline -0.008 -13"><span class='ocrx_word' id='word_1_528' title='bbox 409 1935 435 1963; x_wconf 91' lang='lat' dir='ltr'>id</span> <span class='ocrx_word' id='word_1_529' title='bbox 450 1937 486 1964; x_wconf 84' lang='lat' dir='ltr'>est</span> <span class='ocrx_word' id='word_1_530' title='bbox 495 1959 501 1970; x_wconf 93' lang='lat'><strong><em>‚</em></strong></span> <span class='ocrx_word' id='word_1_531' title='bbox 523 1939 551 1965; x_wconf 92' lang='lat' dir='ltr'>in</span> <span class='ocrx_word' id='word_1_532' title='bbox 565 1947 619 1976; x_wconf 91' lang='lat' dir='ltr'>quo</span> <span class='ocrx_word' id='word_1_533' title='bbox 631 1939 734 1966; x_wconf 82' lang='lat' dir='ltr'>laeditur</span> <span class='ocrx_word' id='word_1_534' title='bbox 747 1944 791 1966; x_wconf 88' lang='lat' dir='ltr'>aut</span> <span class='ocrx_word' id='word_1_535' title='bbox 804 1938 917 1975; x_wconf 86' lang='lat' dir='ltr'>dignitas</span> <span class='ocrx_word' id='word_1_536' title='bbox 931 1944 974 1965; x_wconf 92' lang='lat' dir='ltr'>aut</span> <span class='ocrx_word' id='word_1_537' title='bbox 989 1934 1112 1963; x_wconf 81' lang='lat' dir='ltr'>securitas</span> <span class='ocrx_word' id='word_1_538' title='bbox 1125 1933 1191 1968; x_wconf 84' lang='lat' dir='ltr'>ejus.</span> <span class='ocrx_word' id='word_1_539' title='bbox 1215 1931 1300 1960; x_wconf 78' lang='lat' dir='ltr'>Cicero</span> <span class='ocrx_word' id='word_1_540' title='bbox 1314 1933 1342 1960; x_wconf 88' lang='lat' dir='ltr'>in</span> <span class='ocrx_word' id='word_1_541' title='bbox 1358 1931 1509 1959; x_wconf 85' lang='lat' dir='ltr'>Rhetoricis</span> <span class='ocrx_word' id='word_1_542' title='bbox 1519 1930 1597 1961; x_wconf 85' lang='lat' dir='ltr'>dicit,</span> <span class='ocrx_word' id='word_1_543' title='bbox 1617 1926 1772 1965; x_wconf 46' lang='lat' dir='ltr'>majestatem</span> <span class='ocrx_word' id='word_1_544' title='bbox 1784 1936 1916 1970; x_wconf 35' lang='lat' dir='ltr'>minuere,</span> <span class='ocrx_word' id='word_1_545' title='bbox 1933 1924 1984 1968; x_wconf 67' lang='lat' dir='ltr'>elle</span> 
     </span>
     <span class='ocr_line' id='line_1_44' title="bbox 409 1963 1984 2013; baseline -0.006 -13"><span class='ocrx_word' id='word_1_546' title='bbox 409 1974 442 2001; x_wconf 92' lang='lat' dir='ltr'>de</span> <span class='ocrx_word' id='word_1_547' title='bbox 457 1975 587 2013; x_wconf 84' lang='lat' dir='ltr'>dignitate</span> <span class='ocrx_word' id='word_1_548' title='bbox 599 1983 644 2004; x_wconf 85' lang='lat' dir='ltr'>aut</span> <span class='ocrx_word' id='word_1_549' title='bbox 656 1975 846 2012; x_wconf 86' lang='lat' dir='ltr'>amplitudine,</span> <span class='ocrx_word' id='word_1_550' title='bbox 867 1982 912 2003; x_wconf 87' lang='lat' dir='ltr'>aut</span> <span class='ocrx_word' id='word_1_551' title='bbox 924 1974 1053 2012; x_wconf 86' lang='lat' dir='ltr'>potestate</span> <span class='ocrx_word' id='word_1_552' title='bbox 1063 1971 1170 2009; x_wconf 81' lang='lat' dir='ltr'>populi,</span> <span class='ocrx_word' id='word_1_553' title='bbox 1192 1978 1237 1999; x_wconf 89' lang='lat' dir='ltr'>aut</span> <span class='ocrx_word' id='word_1_554' title='bbox 1250 1979 1358 2001; x_wconf 88' lang='lat' dir='ltr'>eorum,</span> <span class='ocrx_word' id='word_1_555' title='bbox 1380 1969 1474 2006; x_wconf 87' lang='lat' dir='ltr'>quibus</span> <span class='ocrx_word' id='word_1_556' title='bbox 1486 1968 1597 2011; x_wconf 78' lang='lat' dir='ltr'>populus</span> <span class='ocrx_word' id='word_1_557' title='bbox 1609 1967 1767 2010; x_wconf 74' lang='lat' dir='ltr'>potestatem</span> <span class='ocrx_word' id='word_1_558' title='bbox 1777 1965 1864 1997; x_wconf 83' lang='lat' dir='ltr'>dedit,</span> <span class='ocrx_word' id='word_1_559' title='bbox 1884 1963 1984 2007; x_wconf 70' lang='lat' dir='ltr'>aliquid</span> 
     </span>
     <span class='ocr_line' id='line_1_45' title="bbox 410 2001 1984 2050; baseline -0.007 -12"><span class='ocrx_word' id='word_1_560' title='bbox 410 2011 546 2050; x_wconf 82' lang='lat' dir='ltr'>derogare.</span> <span class='ocrx_word' id='word_1_561' title='bbox 579 2013 722 2050; x_wconf 69' lang='lat' dir='ltr'>franciscus</span> <span class='ocrx_word' id='word_1_562' title='bbox 740 2013 882 2042; x_wconf 70' lang='lat' dir='ltr'>Balduinus</span> <span class='ocrx_word' id='word_1_563' title='bbox 901 2015 929 2041; x_wconf 91' lang='lat' dir='ltr'>in</span> <span class='ocrx_word' id='word_1_564' title='bbox 948 2012 1026 2048; x_wconf 83' lang='lat' dir='ltr'>hujus</span> <span class='ocrx_word' id='word_1_565' title='bbox 1039 2011 1130 2049; x_wconf 85' lang='lat' dir='ltr'>capitis</span> <span class='ocrx_word' id='word_1_566' title='bbox 1144 2010 1318 2046; x_wconf 84' lang='lat' dir='ltr'>explicatione</span> <span class='ocrx_word' id='word_1_567' title='bbox 1332 2007 1423 2036; x_wconf 87' lang='lat' dir='ltr'>scribit</span> <span class='ocrx_word' id='word_1_568' title='bbox 1435 2028 1443 2039; x_wconf 91' lang='lat'>,</span> <span class='ocrx_word' id='word_1_569' title='bbox 1467 2007 1550 2035; x_wconf 81' lang='lat' dir='ltr'>tribus</span> <span class='ocrx_word' id='word_1_570' title='bbox 1568 2006 1656 2033; x_wconf 80' lang='lat' dir='ltr'>modis</span> <span class='ocrx_word' id='word_1_571' title='bbox 1669 2003 1824 2047; x_wconf 60' lang='lat' dir='ltr'>majestatem</span> <span class='ocrx_word' id='word_1_572' title='bbox 1839 2001 1921 2037; x_wconf 66' lang='lat' dir='ltr'>popul:</span> <span class='ocrx_word' id='word_1_573' title='bbox 1935 2011 1984 2028; x_wconf 79' lang='lat' dir='ltr'>mt-</span> 
     </span>
     <span class='ocr_line' id='line_1_46' title="bbox 411 2044 1984 2089; baseline -0.005 -14"><span class='ocrx_word' id='word_1_574' title='bbox 411 2050 465 2078; x_wconf 74' lang='lat' dir='ltr'>mci.</span> <span class='ocrx_word' id='word_1_575' title='bbox 509 2063 529 2080; x_wconf 87' lang='lat'>1.</span> <span class='ocrx_word' id='word_1_576' title='bbox 550 2053 575 2081; x_wconf 91' lang='lat' dir='ltr'>Si</span> <span class='ocrx_word' id='word_1_577' title='bbox 589 2054 647 2089; x_wconf 86' lang='lat' dir='ltr'>quis</span> <span class='ocrx_word' id='word_1_578' title='bbox 661 2052 758 2089; x_wconf 84' lang='lat' dir='ltr'>injuss‘u</span> <span class='ocrx_word' id='word_1_579' title='bbox 771 2051 877 2089; x_wconf 88' lang='lat' dir='ltr'>populi,</span> <span class='ocrx_word' id='word_1_580' title='bbox 899 2051 940 2080; x_wconf 86' lang='lat' dir='ltr'>vel</span> <span class='ocrx_word' id='word_1_581' title='bbox 959 2051 1087 2088; x_wconf 83' lang='lat' dir='ltr'>principis</span> <span class='ocrx_word' id='word_1_582' title='bbox 1103 2047 1205 2076; x_wconf 90' lang='lat' dir='ltr'>bellum</span> <span class='ocrx_word' id='word_1_583' title='bbox 1219 2056 1339 2085; x_wconf 85' lang='lat' dir='ltr'>gereret,</span> <span class='ocrx_word' id='word_1_584' title='bbox 1359 2046 1494 2075; x_wconf 59' lang='lat' dir='ltr'>delectum</span> <span class='ocrx_word' id='word_1_585' title='bbox 1507 2044 1628 2075; x_wconf 85' lang='lat' dir='ltr'>haberet,</span> <span class='ocrx_word' id='word_1_586' title='bbox 1650 2050 1832 2086; x_wconf 74' lang='lat' dir='ltr'>exercitumyc</span> <span class='ocrx_word' id='word_1_587' title='bbox 1845 2048 1984 2076; x_wconf 55' lang='lat' dir='ltr'>compara*</span> 
     </span>
     <span class='ocr_line' id='line_1_47' title="bbox 413 2077 1984 2128; baseline -0.006 -15"><span class='ocrx_word' id='word_1_588' title='bbox 413 2095 466 2115; x_wconf 87' lang='lat' dir='ltr'>ret:</span> <span class='ocrx_word' id='word_1_589' title='bbox 487 2099 548 2117; x_wconf 88' lang='lat' dir='ltr'>eum</span> <span class='ocrx_word' id='word_1_590' title='bbox 569 2091 661 2128; x_wconf 88' lang='lat' dir='ltr'>populi</span> <span class='ocrx_word' id='word_1_591' title='bbox 682 2091 758 2123; x_wconf 73' lang='lat' dir='ltr'>effer,</span> <span class='ocrx_word' id='word_1_592' title='bbox 778 2101 810 2118; x_wconf 79' lang='lat' dir='ltr'>ex</span> <span class='ocrx_word' id='word_1_593' title='bbox 830 2090 946 2118; x_wconf 88' lang='lat' dir='ltr'>Romuli</span> <span class='ocrx_word' id='word_1_594' title='bbox 963 2089 1022 2126; x_wconf 89' lang='lat' dir='ltr'>lege</span> <span class='ocrx_word' id='word_1_595' title='bbox 1040 2087 1156 2116; x_wconf 84' lang='lat' dir='ltr'>hostibus</span> <span class='ocrx_word' id='word_1_596' title='bbox 1174 2086 1275 2114; x_wconf 88' lang='lat' dir='ltr'>bellum</span> <span class='ocrx_word' id='word_1_597' title='bbox 1295 2087 1451 2115; x_wconf 88' lang='lat' dir='ltr'>decernere,</span> <span class='ocrx_word' id='word_1_598' title='bbox 1471 2083 1638 2110; x_wconf 83' lang='lat' dir='ltr'>indicereve:</span> <span class='ocrx_word' id='word_1_599' title='bbox 1659 2082 1739 2119; x_wconf 81' lang='lat' dir='ltr'>idque</span> <span class='ocrx_word' id='word_1_600' title='bbox 1757 2081 1837 2111; x_wconf 79' lang='lat' dir='ltr'>dicit,</span> <span class='ocrx_word' id='word_1_601' title='bbox 1857 2077 1984 2122; x_wconf 72' lang='lat' dir='ltr'>hocloco</span> 
     </span>
     <span class='ocr_line' id='line_1_48' title="bbox 411 2119 1983 2165; baseline -0.006 -12"><span class='ocrx_word' id='word_1_602' title='bbox 411 2124 551 2162; x_wconf 73' lang='lat' dir='ltr'>significari</span> <span class='ocrx_word' id='word_1_603' title='bbox 569 2137 616 2164; x_wconf 87' lang='lat' dir='ltr'>per</span> <span class='ocrx_word' id='word_1_604' title='bbox 631 2129 711 2157; x_wconf 83' lang='lat' dir='ltr'>verba</span> <span class='ocrx_word' id='word_1_605' title='bbox 724 2128 814 2165; x_wconf 80' lang='lat' dir='ltr'>hostem</span> <span class='ocrx_word' id='word_1_606' title='bbox 825 2127 953 2157; x_wconf 80' lang='lat' dir='ltr'>concitare.</span> <span class='ocrx_word' id='word_1_607' title='bbox 994 2137 1018 2154; x_wconf 91' lang='lat'>2.</span> <span class='ocrx_word' id='word_1_608' title='bbox 1038 2127 1064 2154; x_wconf 89' lang='lat' dir='ltr'>Si</span> <span class='ocrx_word' id='word_1_609' title='bbox 1079 2126 1137 2163; x_wconf 80' lang='lat' dir='ltr'>quis</span> <span class='ocrx_word' id='word_1_610' title='bbox 1150 2125 1297 2153; x_wconf 83' lang='lat' dir='ltr'>exercitum</span> <span class='ocrx_word' id='word_1_611' title='bbox 1310 2123 1401 2161; x_wconf 87' lang='lat' dir='ltr'>populi</span> <span class='ocrx_word' id='word_1_612' title='bbox 1415 2121 1534 2149; x_wconf 87' lang='lat' dir='ltr'>Romani</span> <span class='ocrx_word' id='word_1_613' title='bbox 1546 2120 1662 2163; x_wconf 78' lang='lat' dir='ltr'>hostibus</span> <span class='ocrx_word' id='word_1_614' title='bbox 1675 2119 1801 2147; x_wconf 88' lang='lat' dir='ltr'>traderet.</span> <span class='ocrx_word' id='word_1_615' title='bbox 1840 2127 1865 2154; x_wconf 85' lang='lat'>3.</span> <span class='ocrx_word' id='word_1_616' title='bbox 1886 2119 1912 2144; x_wconf 78' lang='lat' dir='ltr'>Si</span> <span class='ocrx_word' id='word_1_617' title='bbox 1925 2124 1983 2153; x_wconf 74' lang='lat' dir='ltr'>quis</span> 
     </span>
     <span class='ocr_line' id='line_1_49' title="bbox 411 2152 1980 2199; baseline -0.006 -9"><span class='ocrx_word' id='word_1_618' title='bbox 411 2163 525 2192; x_wconf 81' lang='lat' dir='ltr'>imbellis</span> <span class='ocrx_word' id='word_1_619' title='bbox 544 2167 648 2195; x_wconf 86' lang='lat' dir='ltr'>cederet</span> <span class='ocrx_word' id='word_1_620' title='bbox 661 2188 667 2199; x_wconf 86' lang='lat'>‚</span> <span class='ocrx_word' id='word_1_621' title='bbox 689 2167 828 2195; x_wconf 86' lang='lat' dir='ltr'>hostemve</span> <span class='ocrx_word' id='word_1_622' title='bbox 847 2176 936 2195; x_wconf 84' lang='lat' dir='ltr'>arcere</span> <span class='ocrx_word' id='word_1_623' title='bbox 954 2165 1038 2194; x_wconf 91' lang='lat' dir='ltr'>nollet</span> <span class='ocrx_word' id='word_1_624' title='bbox 1050 2185 1058 2196; x_wconf 88' lang='lat'>,</span> <span class='ocrx_word' id='word_1_625' title='bbox 1080 2170 1126 2192; x_wconf 86' lang='lat' dir='ltr'>aut</span> <span class='ocrx_word' id='word_1_626' title='bbox 1144 2164 1172 2191; x_wconf 89' lang='lat' dir='ltr'>in</span> <span class='ocrx_word' id='word_1_627' title='bbox 1191 2163 1270 2191; x_wconf 85' lang='lat' dir='ltr'>castra</span> <span class='ocrx_word' id='word_1_628' title='bbox 1287 2162 1462 2191; x_wconf 86' lang='lat' dir='ltr'>concederet,</span> <span class='ocrx_word' id='word_1_629' title='bbox 1482 2168 1528 2189; x_wconf 89' lang='lat' dir='ltr'>aut</span> <span class='ocrx_word' id='word_1_630' title='bbox 1547 2166 1695 2187; x_wconf 82' lang='lat' dir='ltr'>exercitum</span> <span class='ocrx_word' id='word_1_631' title='bbox 1715 2157 1846 2199; x_wconf 80' lang='lat' dir='ltr'>desereret</span> <span class='ocrx_word' id='word_1_632' title='bbox 1858 2175 1865 2187; x_wconf 96' lang='lat'>,</span> <span class='ocrx_word' id='word_1_633' title='bbox 1885 2162 1929 2182; x_wconf 90' lang='lat' dir='ltr'>aut</span> <span class='ocrx_word' id='word_1_634' title='bbox 1947 2152 1980 2179; x_wconf 85' lang='lat' dir='ltr'>ad</span> 
     </span>
     <span class='ocr_line' id='line_1_50' title="bbox 410 2194 1981 2242; baseline -0.008 -14"><span class='ocrx_word' id='word_1_635' title='bbox 410 2200 496 2230; x_wconf 84' lang='lat' dir='ltr'>hostes</span> <span class='ocrx_word' id='word_1_636' title='bbox 509 2202 671 2239; x_wconf 76' lang='lat' dir='ltr'>profugeret.</span> <span class='ocrx_word' id='word_1_637' title='bbox 691 2206 730 2234; x_wconf 85' lang='lat' dir='ltr'>Ex</span> <span class='ocrx_word' id='word_1_638' title='bbox 743 2205 836 2242; x_wconf 87' lang='lat' dir='ltr'>quibus</span> <span class='ocrx_word' id='word_1_639' title='bbox 849 2205 974 2234; x_wconf 88' lang='lat' dir='ltr'>omnibus</span> <span class='ocrx_word' id='word_1_640' title='bbox 986 2203 1144 2231; x_wconf 85' lang='lat' dir='ltr'>sententiam</span> <span class='ocrx_word' id='word_1_641' title='bbox 1158 2200 1236 2237; x_wconf 86' lang='lat' dir='ltr'>hujus</span> <span class='ocrx_word' id='word_1_642' title='bbox 1249 2199 1315 2237; x_wconf 86' lang='lat' dir='ltr'>legis</span> <span class='ocrx_word' id='word_1_643' title='bbox 1328 2200 1435 2236; x_wconf 85' lang='lat' dir='ltr'>planam</span> <span class='ocrx_word' id='word_1_644' title='bbox 1449 2195 1873 2238; x_wconf 28' lang='lat' dir='ltr'>effe&amp;intelligiposse,narb2tror.</span> <span class='ocrx_word' id='word_1_645' title='bbox 1889 2194 1981 2233; x_wconf 59' lang='lat' dir='ltr'>Hottot</span> 
     </span>
     <span class='ocr_line' id='line_1_51' title="bbox 411 2231 2033 2279; baseline -0.008 -8"><span class='ocrx_word' id='word_1_646' title='bbox 411 2250 519 2267; x_wconf 74' lang='lat' dir='ltr'>mannus</span> <span class='ocrx_word' id='word_1_647' title='bbox 532 2240 634 2268; x_wconf 82' lang='lat' dir='ltr'>dubitat</span> <span class='ocrx_word' id='word_1_648' title='bbox 648 2244 788 2278; x_wconf 91' lang='lat' dir='ltr'>quomodo</span> <span class='ocrx_word' id='word_1_649' title='bbox 801 2244 843 2273; x_wconf 83' lang='lat' dir='ltr'>illa</span> <span class='ocrx_word' id='word_1_650' title='bbox 856 2243 936 2272; x_wconf 84' lang='lat' dir='ltr'>verba</span> <span class='ocrx_word' id='word_1_651' title='bbox 949 2241 1038 2279; x_wconf 83' lang='lat' dir='ltr'>hostem</span> <span class='ocrx_word' id='word_1_652' title='bbox 1050 2240 1196 2271; x_wconf 84' lang='lat' dir='ltr'>concitaret,</span> <span class='ocrx_word' id='word_1_653' title='bbox 1216 2238 1363 2275; x_wconf 87' lang='lat' dir='ltr'>intelligere</span> <span class='ocrx_word' id='word_1_654' title='bbox 1376 2236 1481 2265; x_wconf 76' lang='lat' dir='ltr'>debeat:</span> <span class='ocrx_word' id='word_1_655' title='bbox 1502 2243 1594 2264; x_wconf 88' lang='lat' dir='ltr'>utrum</span> <span class='ocrx_word' id='word_1_656' title='bbox 1608 2235 1641 2262; x_wconf 95' lang='lat' dir='ltr'>de</span> <span class='ocrx_word' id='word_1_657' title='bbox 1654 2236 1686 2263; x_wconf 86' lang='lat' dir='ltr'>iis</span> <span class='ocrx_word' id='word_1_658' title='bbox 1696 2233 1846 2276; x_wconf 72' lang='lat' dir='ltr'>accipienda</span> <span class='ocrx_word' id='word_1_659' title='bbox 1852 2231 1914 2273; x_wconf 73' lang='lat' dir='ltr'>sint,</span> <span class='ocrx_word' id='word_1_660' title='bbox 1934 2237 1981 2264; x_wconf 79' lang='lat' dir='ltr'>qul</span> <span class='ocrx_word' id='word_1_661' title='bbox 2028 2258 2033 2264; x_wconf 59' lang='grc'><strong>,</strong></span> 
     </span>
     <span class='ocr_line' id='line_1_52' title="bbox 411 2266 1981 2319; baseline -0.005 -14"><span class='ocrx_word' id='word_1_662' title='bbox 411 2284 485 2306; x_wconf 81' lang='lat' dir='ltr'>extra</span> <span class='ocrx_word' id='word_1_663' title='bbox 498 2278 621 2306; x_wconf 83' lang='lat' dir='ltr'>ordinem</span> <span class='ocrx_word' id='word_1_664' title='bbox 636 2280 664 2306; x_wconf 82' lang='lat' dir='ltr'>in</span> <span class='ocrx_word' id='word_1_665' title='bbox 677 2279 779 2309; x_wconf 90' lang='lat' dir='ltr'>hostem</span> <span class='ocrx_word' id='word_1_666' title='bbox 793 2288 927 2319; x_wconf 82' lang='lat' dir='ltr'>pugnent,</span> <span class='ocrx_word' id='word_1_667' title='bbox 949 2280 1021 2318; x_wconf 83' lang='lat' dir='ltr'>quod</span> <span class='ocrx_word' id='word_1_668' title='bbox 1035 2280 1121 2315; x_wconf 84' lang='lat' dir='ltr'>capite</span> <span class='ocrx_word' id='word_1_669' title='bbox 1134 2278 1265 2309; x_wconf 85' lang='lat' dir='ltr'>sancitum</span> <span class='ocrx_word' id='word_1_670' title='bbox 1278 2276 1354 2306; x_wconf 77' lang='lat' dir='ltr'>fuisse</span> <span class='ocrx_word' id='word_1_671' title='bbox 1369 2275 1540 2305; x_wconf 85' lang='lat' dir='ltr'>manifestum</span> <span class='ocrx_word' id='word_1_672' title='bbox 1556 2274 1606 2302; x_wconf 84' lang='lat' dir='ltr'>est:</span> <span class='ocrx_word' id='word_1_673' title='bbox 1628 2282 1661 2303; x_wconf 83' lang='lat' dir='ltr'>an</span> <span class='ocrx_word' id='word_1_674' title='bbox 1673 2282 1737 2303; x_wconf 82' lang='lat' dir='ltr'>vero</span> <span class='ocrx_word' id='word_1_675' title='bbox 1749 2272 1783 2300; x_wconf 88' lang='lat' dir='ltr'>de</span> <span class='ocrx_word' id='word_1_676' title='bbox 1796 2280 1827 2300; x_wconf 82' lang='lat' dir='ltr'>ns</span> <span class='ocrx_word' id='word_1_677' title='bbox 1841 2277 1885 2307; x_wconf 80' lang='lat' dir='ltr'>qm</span> <span class='ocrx_word' id='word_1_678' title='bbox 1894 2266 1981 2295; x_wconf 85' lang='lat' dir='ltr'>hostes</span> 
     </span>
     <span class='ocr_line' id='line_1_53' title="bbox 410 2316 1283 2358; baseline 0 -13"><span class='ocrx_word' id='word_1_679' title='bbox 410 2326 444 2345; x_wconf 81' lang='lat' dir='ltr'>ex</span> <span class='ocrx_word' id='word_1_680' title='bbox 457 2317 550 2346; x_wconf 82' lang='lat' dir='ltr'>amicis</span> <span class='ocrx_word' id='word_1_681' title='bbox 563 2316 655 2354; x_wconf 86' lang='lat' dir='ltr'>populi</span> <span class='ocrx_word' id='word_1_682' title='bbox 667 2317 785 2348; x_wconf 84' lang='lat' dir='ltr'>Romani</span> <span class='ocrx_word' id='word_1_683' title='bbox 797 2319 904 2350; x_wconf 83' lang='lat' dir='ltr'>faciant.</span> <span class='ocrx_word' id='word_1_684' title='bbox 929 2319 1028 2349; x_wconf 65' lang='lat' dir='ltr'>Lector</span> <span class='ocrx_word' id='word_1_685' title='bbox 1038 2317 1148 2358; x_wconf 84' lang='lat' dir='ltr'>judicet.</span> <span class='ocrx_word' id='word_1_686' title='bbox 1279 2316 1283 2317; x_wconf 49' lang='lat'><em>⁷</em></span> 
     </span>
    </p>

    <p class='ocr_par' dir='ltr' id='par_1_15' title="bbox 1877 2359 1983 2385">
     <span class='ocr_line' id='line_1_54' title="bbox 1877 2359 1983 2385; baseline 0.019 -2"><span class='ocrx_word' id='word_1_687' title='bbox 1877 2359 1927 2385; x_wconf 67' lang='lat' dir='ltr'>IX.</span> <span class='ocrx_word' id='word_1_688' title='bbox 1945 2359 1983 2385; x_wconf 79' lang='lat' dir='ltr'>Ut</span> 
     </span>
    </p>
   </div>
   <div class='ocr_carea' id='block_1_10' title="bbox 2039 161 2075 2734">
    <p class='ocr_par' dir='ltr' id='par_1_16' title="bbox 2039 161 2075 2734">
     <span class='ocr_line' id='line_1_55' title="bbox 2039 161 2075 2734; baseline 0 0"><span class='ocrx_word' id='word_1_689' title='bbox 2039 161 2075 2734; x_wconf 95' lang='lat' dir='ltr'> </span> 
     </span>
    </p>
   </div>
  </div>
 </body>
</html>
