2075 2734
462 83 490 110 D
529 91 546 110 ε

90 137 166 170 fufio,
181 143 207 161 ιε
215 135 260 166 fine
271 133 317 158 odio
329 132 416 161 omnia,
433 133 537 164 nihilfine
549 131 619 154 dolore
627 146 634 157 ‚
649 131 709 153 eredo
720 135 796 153 autem
804 145 811 156 ,
829 130 871 164 qui

90 171 168 204 generi
185 169 294 200 querelam
315 167 424 190 moderate
435 165 500 195 feret
511 180 518 190 ,
531 171 588 199 aqam
600 163 672 198 auimo
683 164 781 198 laturus-n
794 169 867 197 αξη-ιιι,

92 203 160 228 Alter
167 201 232 224 locus
240 199 271 223 est
279 200 304 223 in
310 201 393 229 X.cap.
402 204 412 224 3
419 215 424 220 .
432 198 542 228 Loquere,
559 199 639 225 tnqutt
646 210 653 220 ,
670 202 719 216 cum
725 194 870 222 fhrtemrffimo

94 234 257 263 hominegenero
265 238 311 255 tuo.
329 229 429 260 Alioqui
442 233 564 258 nunquam
570 231 632 249 certe
639 226 744 260 primum
753 225 870 248 Calenum

92 264 233 289 sententiam
252 261 345 287 Consul
355 259 466 294 rogasset,
483 259 603 285 Cicerone
613 257 682 289 ipto.
698 255 797 288 allisque
807 259 871 281 con-

92 295 207 322 sularibus
218 294 318 320 omiffis.

605 80 852 109 Senna-

300 358 325 385 C
362 366 380 384 Δ
417 366 433 383 r·
469 362 489 382 u
527 363 545 381 τ
606 353 667 381 ΙΧ.

326 419 368 444 De
379 413 486 443 dicenda
492 412 631 450 sententia.

160 487 201 504 um
213 478 340 506 consules,
359 478 414 501 alter
427 478 527 502 ambove
539 475 681 504 retulissent,
696 474 821 500 sententias
833 480 872 497 ro-

95 480 158 542 C
175 511 222 543 gati
234 511 349 535 senatores
360 509 535 534 dicebant.cum
546 510 669 536 dixissent,
677 506 810 532 Consuleas
816 513 870 538 pro-

98 544 234 569 nuntiabat,
250 548 276 565 ut
293 542 351 565 facta
369 541 505 566 discefiione
523 542 629 566 voluntas
644 540 735 564 senatus
745 544 871 573 appareret.

94 581 144 599 erat
161 581 239 598 autem
258 575 283 597 in
296 573 355 597 hoc:
373 573 430 597 ficut
443 574 467 597 in
480 574 530 597 aliis
543 574 624 599 rebus,
641 573 744 596 maxima
757 570 870 594 Consulis

93 605 206 638 potestas:
237 605 261 629 ui
268 623 275 633 ,
284 605 299 629 fi
306 606 370 634 cuius
377 604 487 629 senatoris
493 605 631 630 sententiam
638 603 794 635 improbaret,
803 601 870 633 quod

95 644 134 661 aut
146 637 216 661 amici
242 638 332 661 ominis
344 636 474 661 sationibus
485 637 648 663 adversariam,
666 641 704 659 aut
717 634 820 659 inimico
828 634 870 657 ho-

94 668 220 694 norificam
237 676 305 701 atque
324 669 408 693 utilem
422 669 531 697 duceret,
547 670 646 695 veritus,
663 674 693 691 ne
703 667 729 691 in
742 673 794 691 eam
806 664 868 689 seua-

94 699 266 724 tusconsultum
284 700 363 727 fieret,
381 709 431 725 non
440 700 614 732 pronuntiabat.
631 701 710 731 itaque
723 702 749 723 L.
758 698 870 721 Lentulus

94 732 202 759 Consul,
219 733 262 764 qui
275 733 390 763 Pompeio
402 732 519 761 studebat,
537 731 629 757 caesatis
638 731 725 755 honori
738 730 819 753 acriter
832 729 868 752 ad-

93 764 237 792 versabatur,
255 763 394 789 sententiam
407 765 494 789 Calidii
501 782 507 791 ,
526 765 568 796 qui
574 770 681 788 neutram
689 764 713 787 in
721 768 809 793 partem
816 768 871 793 pro—

93 795 181 829 pensus
199 804 262 828 atqua
274 795 385 823 senserat,
402 795 425 821 se
434 797 539 821 omnino
552 795 757 827 pronuntiaturum
769 794 870 824 negavit.

94 828 201 853 senatori
214 828 249 856 ius
261 835 321 856 erat,
338 835 403 855 ante,
421 836 493 860 quam
506 828 536 851 de
548 836 572 851 re
581 826 697 859 proposita
709 827 772 849 suam
778 824 869 848 senten-

95 861 156 884 tiam
168 859 290 886 definiret,
308 860 350 882 alia
364 861 394 883 de
405 867 443 886 re,
460 859 580 891 quidquid
593 857 793 888 vellet,&quoad
800 857 871 880 vellet

95 892 189 917 dicere,
205 897 256 921 quo
273 890 362 914 fastum
371 908 377 917 ‚
395 897 422 913 ut
434 889 549 914 senatores
561 890 599 917 id,
618 897 667 922 quo
678 889 706 912 de
716 890 805 920 agitur,
821 896 870 919 per-

95 923 137 948 fici
156 922 278 949 nolentes,
295 921 360 945 diem
377 921 481 946 dicendo
492 923 632 946 eximerent.
645 921 701 945 fecit
712 921 757 944 hoc
769 921 795 944 in
809 920 870 944 bona

93 952 160 978 causa
172 953 229 985 saepe
241 955 265 977 P.
279 953 642 978 ClodiusCiceronisinimicus:
660 954 684 976 in
692 953 752 976 mala
759 955 793 976 M.
802 955 870 978 Cato,

94 986 153 1013 ille,
170 985 213 1016 qui
231 984 307 1016 postea
326 984 439 1009 Uticensis
448 986 481 1010 est
493 986 583 1012 dietus,
600 992 655 1009 cum
668 991 766 1015 uterque
778 991 870 1015 cuperet

95 1017 222 1050 impedire.
246 1019 310 1040 Cum
323 1017 408 1049 aliquis
425 1018 450 1041 in
463 1017 562 1042 dicenda
574 1016 686 1041 sementia
699 1017 755 1040 duas
768 1015 872 1047 pluresve

95 1057 133 1074 xes
145 1048 358 1081 compleeratur:
376 1056 407 1072 ea:
419 1048 435 1072 fi
449 1057 499 1073 non
511 1056 597 1073 omnes
608 1048 777 1080 probabantur,
795 1047 872 1078 posiu-

95 1081 198 1109 labatur,
216 1087 242 1104 ut
254 1080 383 1108 divideret,
401 1080 425 1104 id
435 1080 480 1109 est,
497 1079 830 1113 separatimdcrebussingulis
838 1087 872 1103 re-

94 1113 177 1138 ferret.
193 1120 262 1143 neque
274 1119 336 1140 emt,
353 1111 516 1144 Pedianuspro
523 1113 576 1137 Mil.
584 1120 607 1144 p,
618 1112 722 1138 ¹96.ait,
739 1113 774 1138 ei,
789 1113 873 1142 quibat

91 1144 228 1177 postulabar,
245 1145 342 1167 oratione
355 1145 417 1174 longa
429 1145 548 1171 urendum,
566 1153 591 1167 ac
603 1153 628 1166 ne
640 1144 808 1173 confingentium
820 1144 869 1173 qui-

95 1178 155 1200 dem.
170 1177 239 1199 mum
256 1177 313 1198 enim
325 1176 421 1204 fidenter
439 1177 477 1198 hoc
494 1184 563 1199 unum
582 1175 676 1198 verbum
687 1173 872 1206 pronuntiabam,

94 1209 194 1232 vivide.
212 1213 261 1237 quo
273 1213 413 1230 commento
424 1205 477 1230 usus
488 1207 520 1230 est
532 1208 558 1231 in
565 1206 627 1230 causa
634 1206 735 1230 Milonis
749 1208 778 1229 T.
787 1207 871 1229 Muna—

94 1240 143 1264 tius
155 1239 250 1263 Plancus
261 1238 369 1262 tribunus
382 1237 467 1270 plebis.
480 1246 548 1266 nam,
559 1246 613 1262 cum
622 1236 796 1269 QI-lortenfius
803 1237 828 1260 in
836 1235 872 1261 sua

95 1270 211 1296 sententia
229 1269 335 1296 dixisset,
351 1276 377 1293 ur
395 1270 425 1294 de
439 1271 546 1297 Milone,
563 1271 605 1301 qui
618 1269 650 1293 ob
658 1277 740 1293 necem
751 1271 775 1292 P.
788 1269 873 1293 Clodii

97 1303 125 1327 in
136 1302 250 1331 judicium
258 1300 388 1328 vocabatur,
405 1301 523 1325 veteribus
529 1302 620 1332 legibus
626 1308 689 1325 extra
695 1301 806 1324 ordinem
813 1308 873 1333 quae-

97 1341 201 1360 seretur,
217 1333 324 1360 Plancus,
344 1333 387 1363 qui
399 1333 471 1364 quaeri
482 1333 533 1357 sane
544 1340 607 1357 extra
614 1333 725 1356 ordinem
732 1333 817 1360 vellet,
834 1340 870 1356 ve-

96 1365 186 1390 teribus
197 1371 274 1388 autem
288 1363 380 1395 legibus
389 1365 480 1392 nollet,
496 1364 535 1389 sed
547 1372 634 1388 novam
647 1364 874 1395 ideoferticuperet,

97 1404 126 1422 ut
143 1396 250 1421 adversus
262 1397 380 1420 Milonem
395 1397 445 1427 plus
458 1397 554 1421 invidiae
565 1396 733 1423 concitaretur,
754 1396 796 1428 qui
808 1396 873 1428 flagi-

96 1430 161 1454 tium
168 1436 227 1452 nova
235 1428 286 1459 lege
293 1428 460 1452 vindicandum
466 1428 580 1459 patrasset:
595 1427 725 1461 QFusium
733 1427 873 1455 senatorem,

97 1461 271 1485 Clodianarum
290 1460 393 1491 partium
403 1459 549 1487 studiosum,
566 1461 675 1487 induxit,
692 1467 717 1483 ur
730 1459 874 1483 divisionem

99 1492 128 1517 ab
147 1491 274 1516 Hortensio
297 1491 427 1522 postularet.
445 1492 510 1523 quod
527 1493 553 1516 in
566 1492 696 1517 concione,
713 1498 784 1522 quam
798 1492 875 1514 Pedia-

99 1531 146 1550 nus
159 1525 251 1550 recitat,
270 1529 295 1546 ut
307 1522 321 1546 a
335 1523 357 1546 se
368 1524 527 1554 excogitatum
540 1524 605 1546 idem
619 1524 710 1546 Plancus
717 1522 874 1553 gloriatusest.

98 1555 206 1581 futurum
213 1554 326 1580 enimid,
343 1555 409 1586 quod
416 1556 508 1582 evenit,
520 1554 682 1586 intelligebat,
693 1561 732 1581 ut,
746 1553 874 1578 dit-iffisen—

100 1589 174 1612 tentia
183 1605 189 1612 .
206 1593 274 1617 caput
292 1587 352 1609 illud
367 1586 398 1609 de
410 1586 525 1610 veteribus
535 1586 626 1617 legibus
638 1587 731 1609 irritum
744 1585 823 1612 fieret,
841 1587 876 1610 ni-

99 1619 192 1643 mirum
211 1625 266 1641 cum
286 1616 346 1648 ipse,
365 1618 407 1648 qui
420 1618 527 1641 tribunus
540 1619 614 1648 plebis
626 1624 686 1644 erat,
704 1617 873 1644 interceffiffet,

99 1651 126 1675 δι
140 1651 190 1673 §.C
205 1647 375 1673 fierivetuisset.
392 1656 580 1679 nam,quatenus
594 1648 876 1680 deextraotdinatiaquae-

100 1681 180 1705 stione
193 1680 331 1704 Hortensius
344 1679 445 1707 dixerat,
462 1680 559 1704 assensus
571 1680 611 1705 est.
629 1680 673 1704 hoc
682 1679 739 1703 illud
747 1679 792 1707 est,
811 1680 877 1711 quod

99 1713 128 1737 in
143 1713 272 1736 Miloniana
285 1717 362 1743 cap-6.
377 1713 462 1735 Cicero
474 1711 585 1743 fignificat
592 1713 628 1736 his
636 1711 722 1735 verbis:
741 1712 876 1742 Qliquasb-

100 1752 163 1768 natu.
181 1745 299 1767 ,πιᾶναι
314 1751 386 1774 empta
398 1745 624 1774 interceffionesul·lara
631 1745 671 1772 est:
688 1750 743 1766 cum
751 1743 876 1775 intelligat,

101 1776 193 1800 senatus
206 1777 351 1799 voluntatem
364 1775 444 1801 fuisse,
463 1783 487 1798 ut
501 1776 525 1799 in
538 1776 655 1799 Hortensii
670 1776 808 1798 sententiam
815 1776 836 1797 S.
845 1777 874 1799 C.

103 1808 169 1832 fieret
177 1825 183 1833 ,
201 1807 239 1831 sed
252 1807 369 1830 divitione
377 1806 494 1830 sementim
501 1807 587 1830 sae‘tum
595 1807 638 1830 esse
647 1824 652 1833 ‚
662 1814 686 1829 ut
695 1824 700 1831 ,
708 1807 773 1838 quod
781 1806 808 1829 ad
816 1814 876 1837 qux-

101 1839 205 1864 ssionent
217 1838 423 1862 extraordinariam
437 1839 559 1865 attinebat,
578 1839 601 1862 id
615 1839 714 1870 quidem
721 1846 771 1862 non
779 1845 877 1862 mutate-

101 1877 154 1895 rur:
172 1872 238 1903 quod
252 1878 329 1894 autern
342 1870 372 1893 de
387 1870 793 1901 veteribuslegibusreliquumerat‚
805 1878 876 1900 quam

103 1909 171 1926 vocat
189 1904 298 1933 reliquam
306 1903 394 1930 senatui
409 1902 574 1927 austeritatem,
592 1904 645 1933 quia
658 1901 761 1928 senatus,
779 1903 834 1925 utin
843 1910 876 1925 ca>

101 1935 154 1966 pite
166 1933 195 1956 de
208 1933 387 1956 extraordinaria
400 1932 539 1963 quastione,
557 1933 587 1956 stc
600 1935 623 1957 in
637 1933 681 1956 hoc
688 1934 716 1956 de
725 1933 839 1956 veteribus
847 1934 876 1956 le-

105 1965 174 1997 gibus
187 1965 255 1988 fimul
267 1972 322 1987 curn
332 1963 455 1987 Hortensio
467 1963 578 1988 sentiebat
591 1981 598 1990 ,
614 1965 639 1988 id
651 1966 791 1988 mercenaria
803 1965 877 1987 Planci

103 1996 268 2022 intercessione
282 1997 409 2018 tolleretur.
428 1995 540 2019 Dicebant
554 1994 675 2019 sententias
687 1996 729 2019 suo
736 1995 836 2027 quisque
844 1997 879 2019 lo·

105 2036 150 2056 to,
169 2029 240 2059 ptimi
254 2026 362 2050 sedebant
375 2027 472 2054 majores
482 2027 640 2057 magistratus,
655 2025 779 2054 Consules,
798 2035 878 2059 praeto-

104 2068 143 2086 xes
156 2069 161 2082 :
180 2060 249 2091 quod
259 2059 274 2083 si
288 2059 393 2083 censores
405 2058 476 2082 essent
489 2061 512 2083 in
527 2060 618 2086 iit-natu,
636 2061 694 2085 (non
708 2059 773 2082 enim
788 2057 879 2083 censura

103 2099 229 2126 perpetuus
244 2091 386 2122 magistratus
397 2090 443 2114 suit
451 2108 457 2118 ,
465 2090 502 2114 sed
515 2098 598 2123 quarto
606 2098 703 2122 quoque
716 2099 776 2114 anno
789 2091 815 2114 ad
825 2099 878 2114 cen-

105 2124 201 2149 sendam
213 2124 331 2147 civitatem
344 2122 468 2151 creabatur)
479 2123 584 2147 eosinfta
594 2130 712 2154 pretores.
732 2124 840 2153 proxime
849 2130 877 2146 ta-

105 2164 164 2181 men
177 2154 257 2179 sediffe
269 2154 421 2178 crediderim:
439 2155 512 2182 infra,
530 2156 584 2186 quia
603 2155 697 2179 ‘tssessalla
707 2155 800 2178 inlibro
807 2155 835 2178 de
843 2162 881 2178 au-

104 2188 184 2220 spiciis
191 2204 197 2214 ,
206 2194 260 2218 curn
268 2186 512 2218 maioresmagissratus
519 2188 626 2210 nominat
633 2204 638 2212 ‚
647 2186 759 2210 Consules
765 2188 878 2218 primum,

107 2219 194 2244 deinde
205 2225 311 2250 praztotes
342 2219 412 2242 tertio
424 2219 478 2242 loco
490 2218 596 2242 censores
606 2218 736 2242 constituit:
755 2220 878 2249 proxime,

107 2252 162 2283 quia
171 2268 178 2277 ,
195 2258 250 2274 cum
269 2251 331 2273 inter
342 2251 440 2279 majores
453 2252 595 2282 magistratus
607 2250 700 2274 censura
713 2250 796 2277 fuerit,
814 2250 891 2281 supra«

106 2284 213 2308 minores
226 2282 368 2313 magistratus
375 2281 454 2305 sedisse
460 2282 563 2307 censores
571 2290 642 2306 nemo
649 2282 796 2306 dubitavetit.
812 2283 880 2306 Sede-

105 2315 161 2339 bant
169 2314 255 2338 deinde
261 2320 367 2337 mtnores
374 2313 604 2345 magistratus,aediles
610 2314 786 2340 curules,:tdiles
793 2313 877 2345 plebis,

104 2346 243 2379 quzstores:
257 2352 309 2370 tum
316 2362 324 2375 ,
332 2346 375 2378 qui
382 2345 526 2378 magistratus
532 2346 643 2378 gefferant
649 2363 657 2375 ,
665 2346 795 2370 ordinatim
802 2363 809 2374 ,
817 2347 883 2370 Con-

893 80 1304 110 υῙὶοΜΑΝοῖ
1626 86 1679 124 883

899 127 996 157 (inlares,
1015 130 1130 160 praetorii,
1148 129 1257 158 aedilicii,
1275 128 1406 162 quaestorii:
1425 130 1454 155 de
1467 130 1504 156 his
1514 137 1594 157 autem
1601 128 1689 166 fingu-‘

902 161 930 184 lis
949 161 1088 189 ordinibus,
1107 162 1240 194 utquisque
1248 161 1407 193 magistratum
1420 164 1511 194 primus
1524 164 1626 195 gesserat,
1639 168 1680 190 in.

901 193 973 217 venio
985 194 1056 217 etiam
1065 211 1071 220 ,
1089 195 1150 218 inter
1158 195 1279 225 praetorios
1291 193 1372 218 sedisse
1379 212 1385 222 ‚
1393 202 1442 218 non
1451 196 1492 226 qui
1501 203 1620 226 ptaeturam
1628 198 1678 229 ges-

901 224 972 252 sisset,
990 224 1028 249 sed
1043 226 1085 257 qui
1098 227 1235 258 praetotiurn
1249 226 1373 249 hominem
1386 225 1503 250 accusass‘et
1515 234 1544 250 eo
1559 229 1674 257 crimine,

901 264 950 287 quo
967 257 1087 281 damnatus
1099 258 1210 282 ordinem
1224 257 1366 281 senatorium
1379 258 1498 285 amistss'et,
1515 259 1595 283 locum
1607 261 1674 285 enirn

901 289 1006 312 damnati
1021 287 1216 320 consequebatur:
1235 290 1264 313 dc
1284 297 1333 321 quo
1347 290 1376 312 fic
1390 291 1415 313 in
1428 291 1537 314 oratione
1549 299 1592 322 pto
1603 292 1674 315 Balbo

899 327 947 350 cap.
958 328 968 343 2
976 328 996 347 ς,
1015 321 1128 353 ΟξῘιέῗιεηι
1141 321 1169 346 ef}
1181 323 1247 344 etiam
1256 339 1262 344 .
1279 322 1336 352 qued
1347 321 1457 344 intribum
1465 322 1675 355 Crustuminamper-

901 354 994 375 venerit.
1011 354 1068 383 quod
1085 354 1117 375 hic
1129 353 1231 381 affectatus
1245 353 1271 381 est
1284 355 1336 383 legis
1348 354 1374 375 de
1386 353 1472 375 ambitu
1482 360 1566 383 pmmso
1575 371 1581 381 ,
1599 357 1674 378 minus

901 384 1019 413 invidrffb,
1036 392 1104 415 quam
1117 386 1156 415 qui
1166 386 1238 416 legum
1249 386 1345 416 praemt'n
1355 387 1475 414 pastoriam
1483 386 1624 414 sententiam,
1645 386 1672 410 ὸ·

898 422 1025 443 pute-vlam
1038 423 1109 446 rogam
1122 417 1283 445 tonskquuntur.
1317 415 1434 446 Significat
1446 417 1511 440 enim
1519 417 1605 440 Ciceto
1614 434 1620 445 ,
1637 418 1675 441 10-

901 453 930 469 co
948 447 1059 478 praetorio
1071 445 1165 474 sedisse,
1182 448 1206 470 ὅ(
1219 446 1358 470 sententiam
1370 447 1465 474 dixisse,
1484 449 1524 479 qui
1539 449 1674 479 pratorium

900 477 1027 502 hominem
1046 479 1070 502 in
1090 478 1178 507 judicio
1195 478 1345 502 convicisset:
1364 487 1440 510 neque
1454 479 1498 503 hoc
1510 479 1601 508 solum,
1619 478 1674 509 sed,

899 510 941 541 qui
954 509 1097 541 designatum
1111 510 1269 542 magistratum
1283 510 1398 538 iudicibus
1411 519 1538 535 nocentem
1551 511 1672 544 probasset,

898 549 967 567 eum,
985 549 1015 565 eo
1034 542 1167 571 magistratu
1186 542 1310 568 damnato,
1327 549 1459 573 praetextam
1479 550 1574 574 togam,
1591 544 1616 568 id
1626 544 1673 570 est,

897 573 1058 605 magistratum
1070 574 1154 600 illum,
1172 581 1245 604 quem
1258 574 1277 597 is
1286 591 1291 600 ,
1310 575 1352 605 qui
1364 574 1559 602 damnatusesset‚
1573 576 1676 599 initurus

897 612 956 632 erat,
975 605 1065 636 praemii
1079 605 1133 628 loco
1145 603 1248 636 coepisse.
1265 605 1343 636 posuit
1355 607 1421 629 enim
1430 613 1563 638 praetextam
1575 615 1618 638 pro
1626 615 1674 631 ma-

898 636 991 668 gistratu
1000 654 1006 663 ,
1015 637 1070 668 quia
1083 643 1190 668 ptaetexta
1203 644 1258 667 toga
1264 637 1407 668 magistratus
1415 638 1544 661 utebantur.
1562 638 1592 662 stc
1599 640 1622 662 ὅ(
1630 646 1674 670 pro

898 669 1012 703 Cluentio
1023 676 1072 699 cap.
1082 673 1120 695 5⁶-
1133 668 1207 694 dixit,
1227 671 1282 699 Toga
1296 676 1415 700 praetexta,
1427 671 1479 699 seua
1500 671 1601 697 curulis,
1617 678 1673 694 cum

896 707 936 731 per
955 708 1026 732 togam
1042 707 1171 731 ptarextam
1189 701 1350 724 communiter
1366 708 1450 725 omnes
1459 701 1616 733 magistratus,
1632 709 1674 734 per

894 734 973 788 gatair}
984 734 1083 756 curulem
1094 732 1184 757 curules
1191 739 1283 756 tantum
1296 749 1303 760 ,
1320 732 1345 757 id
1358 732 1402 761 est,
1424 733 1571 759 nobiliorem
1582 740 1674 766 partem

915 771 946 795 gn
975 770 1043 789 caret.

1429 830 1466 858 X.

1119 828 1143 856 C
1181 838 1199 856 A
1238 838 1254 855 Ρ
1294 838 1311 855 υ
1350 839 1368 857 τ

1154 892 1195 917 De
1206 887 1426 924 ftnatuftonfialto.

901 955 1012 1016 Non
1023 954 1123 991 simplex
1129 953 1160 979 est
1167 952 1358 978 senatusconsulti
1366 969 1372 980 ,
1390 950 1428 976 sed
1435 952 1495 976 varia
1501 953 1676 987 multiplexque

994 989 1111 1018 cognttio.
1128 986 1368 1018 quarendumenim,
1384 985 1610 1015 quarationefieret,
1630 994 1675 1018 qua

898 1018 1065 1050 impediretur,
1084 1027 1114 1042 ne
1127 1019 1205 1044 fieret,
1219 1025 1265 1049 qua
1273 1017 1360 1040 fastum
1373 1017 1508 1043 tolleretur,
1517 1024 1566 1048 quo
1574 1025 1675 1041 numero

899 1050 1031 1073 senatorum
1040 1050 1104 1074 fieret
1111 1067 1117 1077 ‚
1135 1057 1206 1081 quam
1215 1048 1350 1080 porestatem
1358 1047 1433 1075 daret,
1451 1055 1529 1072 utrum
1537 1048 1675 1076 absolutam,

900 1089 929 1105 an
938 1081 1059 1106 definitam
1066 1091 1073 1105 :
1091 1082 1107 1105 fi
1114 1081 1250 1109 absolutam,
1259 1087 1339 1103 utrum
1345 1079 1452 1111 pluribus
1459 1097 1465 1107 ,
1473 1088 1499 1103 an
1507 1081 1549 1103 uni
1559 1080 1586 1104 :si
1594 1081 1678 1104 defiui-

900 1120 947 1136 tam
956 1130 963 1140 ,
981 1112 1060 1137 utrum
1073 1114 1104 1137 ita
1114 1113 1237 1137 definitam
1245 1129 1251 1139 ‚
1270 1119 1352 1135 uteam
1358 1111 1495 1143 potestatem
1503 1128 1509 1138 ‚
1526 1113 1641 1143 quamlex
1649 1112 1677 1136 fi-

901 1152 930 1168 ne
943 1145 1090 1171 S.C.dabat,
1108 1146 1247 1176 adaquaret:
1266 1151 1293 1166 an
1301 1144 1342 1170 ita,
1362 1144 1528 1173 utaliquanto,
1545 1145 1675 1174 quamIex,

899 1175 953 1200 ess'et
966 1176 1092 1200 infirmior.
1107 1176 1258 1209 qua-rendum
1266 1175 1352 1200 etiam,
1369 1174 1639 1205 depublicatetantnm,
1648 1184 1676 1200 an

899 1209 970 1231 etiam
984 1208 1014 1232 de
1027 1209 1125 1240 privata.
1145 1208 1223 1231 fieret:
1242 1207 1313 1233 item,
1332 1205 1570 1240 senatusconsultum,
1586 1207 1676 1231 senatus

900 1240 1021 1264 decretum
1033 1257 1039 1267 ‚
1058 1239 1148 1264 senatus
1167 1239 1303 1265 auctoritas,
1320 1237 1345 1261 in
1357 1245 1406 1269 qno
1419 1238 1536 1261 diflerant:
1555 1238 1675 1270 denique,

900 1272 968 1303 quale
980 1271 1035 1295 esset
1049 1271 1072 1295 id
1085 1288 1091 1298 ,
1119 1271 1185 1302 quod
1198 1270 1295 1293 tacitum
1309 1268 1532 1293 senatusconsultum
1549 1270 1678 1301 appellaba-

899 1310 945 1327 tur.
957 1310 1008 1335 quat
1019 1304 1042 1326 δι
1055 1302 1176 1333 separatim
1187 1297 1289 1332 singula,
1306 1301 1330 1324 ὃ(
1344 1301 1385 1324 suo
1397 1301 1564 1332 quidqueloco
1571 1309 1678 1332 expone-

901 1342 963 1358 mus.
986 1333 1049 1358 cum
1062 1332 1286 1358 senatus‘aRomulo
1299 1331 1521 1358 fitinstitutus,non
1528 1332 1628 1357 dubium
1635 1335 1676 1362 est,

901 1366 960 1398 quin
970 1373 1000 1389 eo
1014 1373 1122 1397 regnante
1135 1363 1329 1389 senatusconsulta
1342 1364 1415 1387 multa
1427 1364 1484 1387 fasta
1493 1364 1679 1391 finnsedexem-

902 1398 937 1429 pla
947 1397 1112 1422 desideramus¹
1124 1404 1198 1421 unum
1210 1397 1279 1428 ponit
1287 1395 1427 1426 Dionyfius,
1444 1396 1509 1427 quod
1517 1395 1678 1423 fastumestin

902 1431 960 1453 hanc
972 1426 1125 1456 sententiam,
1143 1435 1169 1452 ut
1181 1429 1268 1452 Sabina:
1281 1428 1393 1451 mulieres
1406 1427 1432 1451 ad
1445 1428 1618 1460 gentilessuos,
1633 1432 1678 1454 Ur-

898 1461 954 1484 bem
969 1461 1114 1487 obfidenroe,
1131 1459 1332 1484 reconciliationis
1338 1458 1401 1482 causa
1411 1459 1618 1489 proficitcexentur.
1626 1461 1678 1492 post

901 1492 996 1516 obit-um
1014 1493 1130 1518 Romuli,
1149 1492 1254 1522 primum
1269 1490 1490 1514 senatusconsultum
1504 1489 1548 1514 fuit
1559 1491 1588 1515 de
1600 1499 1678 1517 crean-

899 1524 935 1548 dis
955 1523 1129 1554 interregibus:
1148 1523 1246 1546 alterum
1266 1522 1325 1545 illud
1339 1538 1346 1548 ,
1363 1529 1412 1552 quo
1424 1528 1497 1553 patres
1511 1522 1677 1552 decreverunt,

901 1562 939 1582 ut,
955 1554 1010 1579 cum
1024 1556 1223 1587 populusRegem
1236 1552 1342 1582 instillet,
1361 1553 1385 1576 id
1394 1553 1422 1577 fic
1435 1560 1509 1576 ratum
1523 1554 1592 1581 eflet,
1609 1554 1625 1578 st
1638 1563 1677 1587 pa-

900 1594 947 1611 tres
963 1587 1068 1611 austores
1086 1587 1177 1610 fietent.
1188 1586 1284 1609 tertium
1293 1601 1299 1611 ‚
1316 1583 1365 1616 quo
1379 1592 1479 1616 regnum
1486 1587 1571 1609 Numa:
1583 1589 1678 1619 Pompi-

901 1619 951 1646 lio,
969 1619 1059 1649 populo
1071 1625 1186 1648 acceptam
1200 1617 1337 1648 potestatem
1347 1617 1373 1640 ad
1388 1616 1492 1640 senatum
1499 1617 1679 1650 rejiciente‚pa-

900 1657 945 1673 tres
952 1650 1092 1673 detulerunt.
1105 1651 1146 1672 alia
1160 1649 1262 1676 deinde,
1278 1655 1303 1671 ut
1316 1655 1351 1671 res
1364 1649 1428 1671 tulit.
1445 1648 1513 1671 fiebat
1526 1656 1604 1673 autem
1612 1650 1676 1674 sena-

900 1680 1071 1705 tusconsultum
1084 1681 1128 1704 hoc
1135 1681 1219 1703 modo.
1252 1678 1356 1706 consul,
1373 1680 1451 1706 antis,
1467 1681 1678 1713 quicuminfigni-

903 1713 945 1736 bus
963 1713 1073 1744 imperii,
1090 1713 1114 1736 ὅ(
1132 1711 1257 1735 lictoribus
1275 1716 1334 1738 erat,
1352 1718 1483 1734 convocato
1496 1711 1587 1738 senatu,
1605 1712 1676 1743 c‘t‘tm,

900 1753 946 1776 qua
965 1745 995 1769 de
1013 1745 1075 1768 causa
1096 1742 1244 1767 convociss‘et
1257 1760 1264 1770 ,
1286 1742 1413 1769 tetuliffiet,
1431 1741 1554 1767 sententias
1572 1745 1677 1776 rogabat,

902 1777 970 1801 distis
984 1777 1118 1803 sententiis,
1135 1783 1185 1799 eam
1196 1792 1203 1802 ,
1220 1782 1292 1806 quam
1305 1774 1354 1806 ipse
1373 1774 1447 1805 magis
1466 1772 1479 1798 ὲ
1497 1774 1614 1807 republica
1633 1778 1676 1802 du-

902 1808 980 1835 cebat,
999 1809 1099 1839 primam
1120 1807 1291 1838 pronuntiabat.
1316 1813 1367 1829 tum
1377 1823 1383 1833 ,
1405 1813 1431 1829 ut
1450 1807 1539 1830 senatus
1551 1808 1675 1837 iudicaret,

903 1841 940 1864 his
954 1840 1030 1864 verbis
1043 1839 1161 1863 utebatur:
1179 1840 1229 1870 Qi
1241 1839 1385 1867 hacsmmix,
1402 1840 1457 1861 illuc
1469 1840 1568 1870 tranfite:
1586 1842 1676 1871 quialia

903 1881 985 1895 omma.
1007 1874 1029 1894 in
1042 1875 1095 1893 hanc
1105 1878 1199 1903 partem.
1218 1871 1242 1893 δε
1251 1887 1257 1896 ,
1274 1877 1328 1892 cum
1343 1869 1446 1894 dicebat,
1468 1871 1519 1900 Qt
1532 1872 1578 1894 alia
1589 1874 1676 1901 omnia,

904 1904 993 1926 ominis
1002 1903 1110 1926 videlicet
1117 1902 1179 1924 causa
1187 1901 1374 1931 intorquebatur,
1384 1909 1413 1924 ne
1420 1901 1521 1929 diceret,
1538 1903 1589 1933 „Qu”
1595 1912 1677 1927 ‹omm-

903 1936 1060 1960 rtumfentiris.
1069 1934 1218 1964 quodtamen
1225 1932 1303 1964 ipsum
1309 1931 1455 1963 significabat.
1464 1932 1501 1957 sed
1508 1950 1514 1960 ,
1522 1936 1675 1965 contrarium,

903 1964 1193 1989 utmaliominisvetbum
1225 1963 1418 1995 effugiebat.hinc
1427 1963 1677 1999 sapeillainantiquo-

905 2005 954 2020 rum
962 1995 1052 2028 scriptis
1059 1996 1245 2023 ufitatalocutio‚
1264 2005 1324 2018 trem
1331 1998 1464 2023 alraomma,
1481 2004 1518 2020 aut
1531 2000 1630 2027 tranfin,
1639 2006 1677 2023 aut

903 2029 1019 2058 difiedcve,
1038 2036 1080 2060 pro
1092 2029 1236 2051 contrarium
1251 2025 1344 2050 sentire.
1357 2027 1414 2050 hanc
1421 2028 1481 2058 apud
1488 2032 1676 2055 Romanoscon-

906 2059 1054 2084 suetudinem
1067 2060 1122 2083 cum
1135 2060 1206 2083 etiam
1219 2058 1259 2082 sub
1273 2058 1377 2088 Regibus
1390 2059 1553 2084 fuifl'evideam
1562 2078 1567 2086 ᾖ
1577 2062 1676 2089 (indicat

904 2092 971 2116 enim
979 2092 1126 2116 Liviuslibro
1136 2093 1167 2122 r.)
1176 2092 1228 2122 quis
1235 2097 1314 2114 tamen
1321 2098 1371 2114 eam
1379 2092 1469 2121 primus
1476 2092 1602 2120 induxerit,
1610 2101 1676 2118 com-

906 2131 998 2156 pertum
1006 2132 1053 2147 non
1061 2123 1147 2146 habeo:
1164 2123 1217 2149 sed,
1237 2123 1420 2154 quicunqueine
1427 2123 1485 2150 fuit,
1498 2124 1605 2148 videtura
1613 2129 1676 2154 Spat-

905 2155 1111 2180 tanistranssuliss‘e.
1120 2154 1270 2178 scribitenim
1280 2155 1498 2185 Thucydideslibro
1508 2162 1591 2184 r.c.5s.
1599 2158 1678 2180 stene-

905 2188 989 2212 laidam
999 2189 1118 2218 Ephorum
1127 2204 1133 2214 ‚
1151 2185 1204 2210 citm
1213 2185 1316 2209 adversus
1327 2186 1594 2219 Atheniensestanquam
1602 2189 1676 2212 sexde-

905 2221 935 2243 ris
950 2219 1076 2242 violatores
1088 2218 1178 2242 bellum
1186 2217 1237 2241 satis
1244 2217 1517 2247 acriorarionesuafiss'et,
1534 2221 1563 2243 ita
1572 2227 1676 2250 pronun·

905 2250 979 2275 tiasse:
997 2251 1081 2280 ,Quicw
1089 2259 1131 2281 que
1139 2252 1249 2273 violatum
1255 2249 1282 2272 ab
1289 2251 1660 2280 ,Atheniaenfibussoedutexfsttmant
1667 2268 1675 2279 ,

915 2290 993 2314 urgant
1001 2299 1006 2309 ,
1018 2281 1044 2305 (9¹
1051 2284 1073 2305 in
1081 2284 1230 2312 tlltzmpartcm
1237 2287 1286 2304 eant
1294 2298 1300 2308 ‚
1307 2283 1423 2312 quicomra
1432 2300 1435 2302 .
1445 2291 1466 2303 m
1475 2285 1532 2304 hauc.
1540 2283 1563 2304 ἃ
1571 2283 1600 2305 ait
1609 2282 1673 2306 idem

905 2313 1056 2344 Thucydides
1063 2314 1186 2337 novum&
1193 2313 1251 2345 apud
1259 2316 1378 2344 Spartanos
1386 2314 1429 2336 hoc
1437 2313 1512 2337 fuisse,
1524 2314 1676 2343 primumque

903 2345 1051 2371 {stenelaida
1058 2345 1198 2374 institutum,
1207 2343 1261 2369 cin-n
1269 2344 1334 2370 antea
1341 2343 1464 2370 sententias
1474 2345 1531 2368 elata
1538 2352 1594 2369 voce
1602 2345 1679 2369 dicere

1621 2385 1679 2402 con-
