2075 2734
385 116 444 147 474³
695 98 1706 136 AuerU'irAruiiRomauanumL113‚V1.

1015 157 1106 187 Tribus
1125 161 1230 189 XXIX.
1249 157 1356 193 Scaptia.

425 219 539 247 Nomen
552 214 653 252 accepit
667 213 721 241 haec
734 211 828 244 tribus,
848 213 886 239 uti
903 210 986 246 Festus
1000 211 1093 243 habet,
1113 211 1146 238 ab
1160 210 1226 238 urbe
1239 209 1355 244 Scaptia,
1377 219 1458 247 quam
1475 207 1572 235 Plinius
1585 219 1647 237 cum
1656 208 1746 239 aliisin
1755 212 1832 241 Latio
1839 223 1975 246 numerat.

388 257 516 286 Meminit
532 256 587 291 ejus
598 258 729 280 Suetonius
744 255 768 278 T
767 250 906 289 ranqmllas
920 252 948 278 in
963 250 1096 288 Augusto:
1116 249 1233 277 Fabmm's
1247 248 1288 281 Θ
1303 245 1480 284 Scaptiensibus
1492 246 1682 277 tribulibussuis
1689 250 1732 277 die
1740 253 1914 282 comitiorum
1924 255 1976 283 fin..

389 295 450 334 gula
464 295 546 323 millia
559 290 705 320 nummum
720 290 733 317 a
748 289 773 316 se
788 289 930 318 dividebat.

1013 324 1102 354 Tribus
1119 328 1205 353 XXX.
1225 324 1355 361 Ufentina.

427 386 547 422 Ufentina
566 383 659 414 tribus,
680 391 737 419 quae
758 383 783 410 ὃς
797 379 949 417 Oufentina,
970 379 1104 408 crescente
1118 379 1152 406 ob
1167 387 1252 405 novos
1268 378 1352 405 cives.
1373 377 1419 413 qui
1432 376 1516 404 indies
1532 377 1558 404 in
1573 376 1678 406 Urbem
1695 378 1904 414 recipiebantur,
1924 383 1974 411 fre.

390 426 497 462 quenda
511 446 517 456 ,
538 433 599 451 cum
619 420 736 449 Falci-ina
751 429 822 447 anno
835 428 953 446 coxxxv.
968 419 1056 446 addita
1071 419 1122 449 est,
1144 416 1216 443 Livio
1231 417 1309 447 teste,
1335 416 1349 443 a
1364 414 1513 442 censoribus
1529 417 1558 443 L.
1576 415 1681 451 Papirio
1695 417 1799 449 Craffo,
1819 421 1845 447 &
1863 421 1895 447 C,
1910 422 1976 448 ΜΞ,

392 463 447 490 nio.
485 464 526 490 De
540 470 569 488 ea
583 461 616 488 fic
631 459 719 487 scribit
734 456 816 494 Festus
829 468 837 483 :
863 456 1004 492 Oufentina
1018 455 1097 483 tribus
1110 456 1186 483 initio
1200 453 1274 482 causa
1288 454 1339 482 fuit
1351 462 1453 481 nomen
1467 454 1587 481 fluminis
1600 454 1694 490 oufens
1707 475 1714 486 ,
1735 456 1808 492 quod
1820 458 1856 485 est
1868 458 1895 486 in
1908 468 1974 497 agro

392 501 565 532 Privernate,
587 501 655 528 inter
671 506 744 524 mare
759 499 785 524 ὃς
799 496 982 523 Terracinam.
1010 495 1162 522 Lucretius:

702 539 822 561 Priuerno
837 532 977 561 Oufentina
992 532 1076 560 venit.
1092 530 1219 570 flavioque
1234 530 1351 567 Oufente.

430 578 522 605 Postea
541 577 637 605 deinde
656 573 671 601 a
690 571 840 602 censoribus
860 572 902 600 alii
922 581 1028 609 quoque
1047 569 1211 598 diversarum
1231 570 1371 598 civitatum
1391 568 1481 596 eidem
1499 568 1578 596 tribui
1593 567 1653 597 sunt
1667 569 1798 606 adscripti.
1836 573 1976 602 Hactenus

392 614 486 654 Festus.

1007 646 1096 675 Tribus
1113 647 1218 674 XXXI.
1238 645 1365 673 falerina.

432 706 552 733 Falerina
565 702 644 731 tribus
656 725 663 736 ‚
691 712 747 743 quae
760 701 855 729 eodem
872 710 943 728 anno
958 721 965 732 ,
991 709 1045 737 quo
1059 698 1199 735 Oufentina
1213 698 1316 734 adjecta
1330 697 1437 734 reliquis
1451 696 1488 724 est
1499 717 1506 728 ,
1524 695 1556 737 ab
1569 705 1634 734 agro
1648 697 1760 726 Falerno
1771 700 1798 726 in
1813 701 1974 737 Campania,

394 754 462 782 qued
477 743 624 772 admodum
637 741 751 779 Sigonius
766 742 792 769 8<
806 740 946 774 Onuphmus
958 738 1118 775 conjiciunt:
1137 747 1199 765 nam
1215 746 1244 764 ea
1259 744 1333 774 parte
1346 737 1428 764 etiam
1441 733 1580 770 Oufentina
1591 736 1654 768 fuit,
1675 746 1776 764 nomen
1790 739 1898 774 accepit.
1917 741 1977 767 Me·

395 783 475 811 minit
487 783 545 820 ejus
558 787 652 817 praeter
664 778 781 808 Livium.
800 778 913 813 josephus
925 777 941 804 l.
956 788 998 815 1⁷3.
1010 786 1065 813 cap.
1076 778 1117 804 16.
1136 776 1335 813 Antiquitatum
1349 775 1390 802 his
1403 773 1502 802 verbis:
1524 776 1557 801 C.
1569 774 1726 809 Sempronius
1739 777 1772 802 C.
1787 777 1816 804 F.
1829 775 1957 805 Falerina.

997 827 1085 856 Tribus
1103 830 1227 856 XXXII.
1249 825 1376 865 Aniensis.

434 885 479 912 Ob
495 894 568 916 eam,
588 883 624 911 ob
638 892 718 919 quam
732 881 892 918 superiores,
916 879 1034 911 caulam,
1055 889 1125 907 anno
1139 878 1219 906 Urbis
1234 888 1317 906 coLv.
1332 880 1371 906 M.
1386 878 1494 910 Fulvio,
1515 880 1550 906 T.
1565 877 1668 906 Manlio
1679 879 1749 907 CossI
1758 879 1797 908 uti
1805 877 1921 908 Liviusl.
1934 890 1978 907 ιο.

395 923 475 951 docet
490 944 496 954 ,
523 922 634 950 condito
648 921 728 948 lustro
741 922 753 947 a
768 918 915 948 censoribus
932 920 959 945 P.
977 918 1137 953 Sempronio
1152 916 1241 954 Sopho
1251 937 1259 949 ‚
1288 919 1314 944 ὃς
1330 918 1358 943 Ρ.
1372 916 1484 952 Sulpitio
1500 918 1656 945 Saverrione
1670 937 1676 948 ‚
1699 917 1781 946 tribus
1796 917 1890 945 additae
1905 918 1977 950 duae,

393 960 506 1000 Aniensis
520 971 551 989 ac
566 959 711 987 Terentina.
738 959 777 985 Ex
791 957 830 984 his
844 954 956 994 Aniensis
971 955 1003 982 ab
1018 955 1115 982 Aniene
1129 964 1224 986 amne,
1244 955 1289 991 qui
1301 955 1329 982 in
1344 954 1444 982 Sabinis
1458 955 1521 986 fuit,
1542 955 1612 982 dieta
1627 956 1669 982 est.
1692 956 1820 983 Meminit
1827 956 1883 992 ejus
1892 956 1980 984 Calms

394 1000 503 1036 epistola
515 1000 549 1028 ad
562 999 723 1026 Ciceronem
738 996 756 1025 1.
767 997 792 1024 8.
808 994 908 1030 epistol.
922 994 955 1022 ad
969 993 1126 1025 familiares,
1149 995 1181 1020 L.
1194 992 1315 1029 Attejus‚
1338 994 1370 1021 L.
1383 994 1411 1021 F.
1427 994 1480 1022 An.
1495 994 1607 1030 Capito,
1628 996 1654 1021 δί
1673 992 1759 1021 Cicero
1773 1003 1823 1032 pro
1838 993 1952 1023 Plancio.

978 1045 1067 1074 Tribus
1087 1048 1205 1074 XXXII
1211 1049 1230 1074 I.
1250 1045 1398 1074 Terentina.

436 1097 524 1134 Hujus
537 1095 630 1128 tribus,
650 1104 707 1133 quae
721 1103 783 1123 curn
800 1089 911 1128 Aniensi
921 1092 1025 1124 addita,
1045 1095 1072 1121 ὃς
1085 1091 1098 1120 a
1112 1096 1234 1124 Terento‚
1255 1092 1302 1129 qui
1315 1091 1388 1119 locus
1400 1092 1427 1119 in
1442 1101 1540 1129 campo
1553 1092 1653 1120 Martio
1661 1098 1731 1124 erat,
1752 1093 1982 1132 nomenutipuga-

397 1140 454 1167 tur,
474 1135 592 1171 accepit,
613 1133 740 1161 meminit
753 1130 836 1158 cicero
851 1131 974 1158 oratione
984 1138 1039 1166 pro
1054 1131 1164 1159 Planco:
1180 1131 1253 1168 Qas
1262 1129 1345 1158 tribus
1353 1130 1472 1158 edidisti:
1487 1129 1663 1162 Terentinam,
1677 1130 1767 1157 credo?
1783 1130 1901 1167 Etpaulo
1908 1131 1981 1167 post:

397 1173 534 1201 Prioribus
548 1173 665 1200 comitiis
680 1169 822 1199 Aniensem
838 1168 851 1196 a
865 1169 966 1209 Plotio,
988 1167 1291 1196 TerentinnmaPlancio
1298 1169 1405 1196 tibieffe
1413 1168 1572 1196 concessam.
1592 1169 1679 1200 Item,
1700 1167 1981 1206 Altinaspraefessura,

398 1220 431 1239 ex
445 1220 496 1247 qua
511 1212 562 1238 Cn.
577 1210 695 1237 Plancius
709 1209 774 1240 fuit,
794 1218 827 1234 ex
840 1206 907 1233 tribu
921 1205 1066 1246 Terentina.
1087 1206 1217 1234 Meminit
1231 1207 1313 1234 etiam
1329 1205 1419 1233 Calices
1429 1206 1536 1242 epistola
1543 1207 1575 1234 ad
1584 1207 1745 1234 Ciceronem
1754 1206 1985 1243 l.8.epistolarum

397 1249 430 1277 ad
442 1248 594 1276 familiares.
608 1250 648 1276 M.
664 1247 767 1284 Oppius
782 1247 822 1274 M.
836 1246 865 1272 F.
880 1249 1025 1274 Terentina.

1014 1297 1104 1327 Tribus
1121 1301 1223 1326 XXXI
1228 1301 1256 1326 V.
1273 1297 1370 1326 Velina.

434 1358 500 1385 Haec
518 1355 597 1383 tribas
616 1365 679 1383 cum
694 1353 807 1394 Qirina
818 1364 888 1382 anno
904 1362 988 1381 oxu.
1001 1352 1073 1380 Coss.
1088 1353 1120 1381 A.
1136 1351 1240 1379 Manlio
1258 1361 1267 1378 1
1277 1361 1299 1378 ι.
1315 1354 1342 1380 &
1358 1352 1533 1389 QLutatio‚
1553 1349 1567 1379 a
1581 1350 1731 1379 censoribus
1747 1352 1779 1379 C.
1793 1350 1902 1380 Aurelio
1916 1353 1984 1381 Cot-

397 1401 439 1427 ta,
460 1397 486 1423 ὃ(
501 1396 538 1422 Ν.
551 1394 632 1421 Fabio
647 1396 766 1422 Buteone
778 1393 866 1420 addita
881 1391 993 1428 triginta
1006 1392 1123 1427 quinque
1136 1389 1255 1417 tribuum
1270 1398 1416 1417 numerum
1432 1390 1554 1426 explevit.
1575 1390 1689 1416 Nomen
1703 1389 1780 1417 habet
1794 1389 1807 1417 a
1821 1390 1874 1417 lacu
1884 1389 1982 1423 Velino,

398 1434 444 1470 qui
457 1434 485 1460 in
498 1432 598 1460 Sabinis
613 1431 678 1464 fuit,
697 1442 745 1459 non
758 1431 778 1457 ὰ
792 1430 859 1457 Velm
872 1429 931 1456 urhe
946 1430 1078 1456 Lucaniae.
1101 1428 1230 1456 Meminit
1245 1427 1300 1462 ejus
1316 1426 1400 1454 Cicero
1413 1429 1485 1464 epist.
1499 1428 1531 1455 ad
1546 1428 1684 1455 Atticum:
1706 1427 1803 1455 Tribus
1817 1428 1895 1456 habet
1910 1432 1984 1455 Pom-

391 1470 510 1504 ptinam,
529 1469 658 1500 Velinum,
680 1472 707 1498 &
720 1468 850 1504 Maiam„
861 1469 901 1496 Ac
914 1468 941 1494 in
957 1468 1051 1495 Bruto:
1073 1468 1108 1493 T.
1124 1465 1224 1493 Annius
1239 1465 1335 1494 Velina.
1362 1467 1548 1494 Meminerunt
1560 1464 1680 1501 ejusdem
1695 1465 1776 1493 etiam
1792 1466 1916 1493 Horatius
1928 1465 1946 1493 1,
1960 1476 1983 1494 1.

398 1509 506 1545 epist.6.
519 1510 545 1535 &c
560 1506 655 1544 Peisius
668 1507 714 1535 sat.
724 1517 750 1542 5.

1015 1540 1106 1569 Tribus
1123 1543 1239 1570 XXXV.
1261 1539 1384 1578 Qirinn.

440 1596 483 1622 De
500 1592 611 1632 Qirina
630 1592 702 1621 tribu
716 1591 750 1619 sic
763 1590 854 1619 scribit
868 1593 939 1620 Sext.
954 1592 1098 1629 Pompejus
1113 1592 1202 1619 Festus
1214 1602 1218 1619 :
1248 1589 1360 1628 Qirina
1374 1588 1453 1623 tribns
1468 1589 1475 1598 “
1493 1589 1651 1617 Curensibus
1665 1589 1766 1617 Sabinis
1779 1588 1886 1615 videtur
1899 1588 1986 1625 appel-

401 1633 530 1661 lationem
544 1632 654 1660 traxisse.
677 1631 718 1658 Fit
731 1629 787 1666 ejus
802 1630 906 1657 mentio
923 1628 936 1656 ὲ
949 1629 1076 1661 Cicerone,
1097 1630 1217 1657 oratione
1230 1638 1280 1665 pro
1295 1621 1444 1665 Qinc'lio‘s
1487 1649 1492 1655 .
1505 1627 1595 1655 Albius
1603 1629 1674 1656 Sext.
1692 1625 1853 1663 F.Qirina‚
1874 1626 1940 1654 &ab
1948 1628 1986 1654 A.

399 1671 493 1699 sconio
507 1671 535 1697 in
548 1670 699 1697 orationem
708 1677 758 1705 pro
766 1667 861 1695 Caelio:
882 1669 946 1695 Duae
958 1667 1017 1695 solae
1032 1668 1129 1699 tribus,
1149 1666 1236 1704 Sergia
1251 1669 1277 1695 Se
1290 1665 1401 1704 Qirma
1416 1666 1619 1694 damnaverunt.
1639 1665 1732 1692 Caelius
1746 1672 1853 1701 quoque
1863 1665 1895 1691 ad
1909 1665 1986 1691 Cice-

401 1718 512 1737 ronem:
534 1710 565 1736 C.
581 1707 712 1744 Septimii.
725 1709 759 1733 T.
771 1706 799 1732 F.
813 1705 938 1744 erina,
960 1708 988 1735 &c
1000 1707 1112 1740 Joftphus
1126 1706 1274 1742 antiquitat.
1288 1704 1333 1733 lib.
1345 1714 1386 1740 14.
1401 1713 1456 1740 cap.
1469 1714 1508 1740 ¹7·
1529 1705 1633 1740 Papyrii
1644 1702 1772 1742 Qirina,
1794 1703 1988 1730 meminerunt.

443 1750 531 1784 Atque
544 1746 583 1773 hae
596 1745 655 1773 sunt
669 1743 774 1782 triginta
786 1753 898 1782 qumque
909 1744 986 1771 mbas
995 1765 1002 1776 ‚
1023 1746 1050 1772 in
1064 1754 1127 1782 quas
1140 1744 1252 1780 populus
1262 1745 1401 1770 Romanus
1409 1751 1467 1770 tum
1474 1742 1603 1773 urbanus,
1622 1750 1682 1769 tum
1690 1741 1812 1770 rusticus,
1833 1740 1986 1768 distributus

403 1785 469 1817 fuit,
491 1788 517 1813 ὃ(
531 1792 563 1812 ex
578 1784 672 1821 quibus
685 1784 799 1819 aliquam
813 1782 914 1810 necesse
929 1782 993 1814 fuit,
1013 1782 1193 1818 cujuscunque
1206 1781 1268 1809 esset
1282 1781 1396 1812 ordinis,
1417 1780 1481 1807 civis
1493 1779 1783 1807 Romanusobtineret:
1805 1778 1851 1814 qui
1859 1786 1986 1806 numerus

404 1824 436 1852 ad
451 1831 572 1851 extrema
586 1822 668 1859 usque
685 1820 835 1858 reipublicae
849 1820 915 1848 illius
930 1828 1055 1857 tempora
1068 1819 1212 1857 permanlit
1226 1840 1233 1851 ‚
1259 1819 1491 1855 quemadmodum
1506 1827 1538 1845 ex
1551 1821 1663 1843 Cicerone
1674 1837 1681 1848 ‚
1705 1818 1732 1844 ὃς
1746 1815 1800 1843 aliis
1814 1814 1986 1851 scriptoribus

404 1862 518 1898 antiquis
536 1860 695 1897 cognoscere
706 1860 777 1887 licet.
818 1860 892 1886 Nam
905 1860 978 1896 quod
993 1860 1137 1893 Onuphrms
1149 1867 1181 1885 ex
1198 1856 1303 1892 Vellejo
1319 1856 1457 1884 Paterculo
1470 1876 1477 1887 ‚
1499 1858 1525 1884 &
1538 1854 1653 1889 Appiano
1664 1854 1746 1882 refert
1758 1875 1766 1886 ‚
1787 1861 1912 1891 tempore
1925 1853 1988 1881 belli

405 1900 525 1930 Marfici,
546 1899 618 1936 quod
632 1898 725 1926 incidit
739 1898 767 1924 in
781 1906 880 1924 annum
897 1897 975 1924 Urbis
990 1898 1104 1924 conditae
1119 1905 1220 1924 ncrxv.
1232 1904 1294 1922 cum
1310 1895 1418 1925 Tulcis,
1438 1893 1563 1925 Umbris,
1584 1892 1666 1920 Gallis
1681 1895 1707 1921 ὃ(
1722 1892 1828 1928 reliquis
1835 1891 1988 1928 Cispadanis

404 1938 507 1975 populis
520 1937 571 1974 lege
581 1936 660 1974 Julm
673 1936 764 1964 civitas
776 1935 836 1962 data
849 1935 927 1966 esset,
948 1935 1013 1962 οέὶο
1027 1935 1069 1962 vel
1079 1936 1173 1963 decem
1189 1943 1266 1960 novas
1277 1932 1358 1960 tribus
1370 1932 1384 1960 a
1398 1931 1548 1960 censoribus
1563 1932 1590 1958 P.
1600 1932 1704 1958 Licinio
1713 1930 1819 1961 Cral'io,
1839 1931 1866 1958 &
1875 1930 1987 1967 L.Julio

406 1976 506 2004 Caesare
519 1977 621 2003 additas
638 1974 725 2005 fuisse,
746 1975 774 2001 in
789 1983 851 2010 quas
864 1973 928 2001 novi
943 1974 1014 2001 cives
1028 1973 1239 2010 conjicerentur,
1258 1971 1371 2007 ipsemet
1385 1971 1496 2002 fatetur,
1516 1970 1584 1998 ultra
1590 1978 1672 1997 annos
1679 1976 1791 2006 quatuor
1797 1977 1839 1995 eas
1847 1977 1902 1995 non
1911 1978 1988 1996 man-

405 2014 459 2042 fiffe
468 2035 476 2046 ,
496 2014 539 2042 sed
552 2014 629 2042 novis
643 2013 691 2041 illis
706 2012 806 2040 civibus
820 2012 847 2039 in
862 2020 963 2040 veteres
977 2021 1059 2041 xxxv.
1073 2012 1153 2039 tribus
1167 2011 1181 2039 ἐι
1195 2009 1347 2038 censoribus
1360 2011 1393 2039 L.
1407 2010 1509 2037 Marcio
1523 2007 1661 2045 Philippo,
1682 2010 1709 2036 δε
1724 2008 1763 2036 M.
1777 2007 1924 2044 Perperna,
1941 2015 1987 2036 au-

406 2052 483 2080 thore
498 2055 529 2080 L.
544 2053 631 2080 Cinna
645 2050 761 2079 Consule
773 2050 931 2082 distributis,
951 2060 1032 2079 xxxv.
1049 2049 1161 2078 tribuum
1174 2057 1320 2077 numerum
1334 2047 1408 2075 fuiffe
1419 2047 1579 2075 restitutum.

446 2091 527 2127 Qod
547 2100 611 2118 vero
631 2097 725 2126 praeter
745 2098 789 2119 ea,
810 2098 868 2126 quae
888 2088 1082 2120 recensuimus,
1103 2088 1188 2118 multa
1202 2086 1254 2115 alia
1266 2085 1378 2114 tribuum
1390 2084 1505 2116 nomina,
1527 2085 1646 2112 maxime
1659 2085 1687 2112 in
1700 2084 1814 2121 antiquis
1826 2083 1943 2120 lapidum
1957 2084 1983 2111 &

408 2135 577 2155 marmorum
592 2127 805 2165 inscriptionibus
817 2148 825 2159 ,
846 2128 1013 2163 reperiuntur
1026 2148 1031 2157 2
1053 2126 1176 2154 videlicet
1191 2124 1270 2160 Papia
1280 2144 1288 2154 ,
1307 2123 1470 2153 Ocriculum,
1491 2123 1603 2150 Camdla
1614 2143 1622 2154 ‚
1642 2125 1668 2151 δε
1682 2122 1746 2154 alia,
1772 2122 1857 2149 Carol.
1870 2118 1984 2159 Siganim

407 2164 448 2191 vir
460 2165 632 2198 doctissimus,
651 2166 792 2201 onuphrius
807 2164 963 2197 Panvinius,
983 2167 1010 2193 δε
1022 2172 1084 2193 ante
1096 2174 1155 2196 eos,
1178 2163 1296 2200 Georgius
1307 2161 1433 2190 Fabricius
1445 2163 1471 2189 in
1486 2163 1587 2193 Roma,
1607 2164 1698 2197 cap.6.
1709 2167 1817 2197 putant,
1838 2160 1947 2187 nomina
1954 2166 1985 2184 ea

408 2202 460 2229 eise
480 2212 559 2230 xxxv.
571 2204 699 2231 tribuum:
720 2204 764 2232 sed
778 2203 875 2232 multas
888 2212 980 2232 earum
995 2202 1097 2231 duobus
1111 2202 1185 2230 fuisse
1200 2201 1304 2229 fortasse
1316 2200 1457 2238 aliquando
1471 2199 1626 2227 nominibus
1639 2199 1773 2237 infignitas
1786 2219 1793 2230 ,
1814 2198 1896 2226 altero
1909 2196 1982 2233 quod

407 2238 461 2268 loci
478 2240 559 2271 ess'et,
576 2242 659 2269 altero
678 2243 749 2278 quod
770 2241 891 2274 familiae,
911 2240 1004 2279 easque
1020 2240 1053 2269 ab
1067 2241 1121 2269 aliis
1133 2240 1199 2273 hoc,
1220 2239 1251 2267 ab
1266 2239 1322 2267 aliis
1335 2239 1381 2266 illo
1395 2239 1470 2266 fuisse
1482 2237 1637 2275 appellatas,
1658 2236 1886 2275 quemadmodum
1900 2234 1983 2261 etiam

408 2285 462 2306 tres
475 2288 508 2306 ex
519 2279 650 2306 veteribus
664 2279 714 2307 illis
727 2280 817 2316 postea
831 2280 930 2309 fuerint
946 2281 978 2307 ab
993 2280 1127 2317 Augusto,
1143 2277 1308 2315 Vespasiano,
1324 2280 1350 2306 ὃς
1364 2278 1483 2313 Trajano
1496 2276 1581 2310 sulm,
1601 2276 1707 2306 Flavia.
1728 2277 1755 2304 δε
1767 2272 1838 2307 Ulpia
1852 2273 1983 2299 vocitatae.

408 2317 496 2353 Atque
509 2317 542 2344 de
555 2315 679 2357 tubabit-r,
700 2318 769 2346 unde
781 2317 881 2348 comitia
893 2317 991 2348 tributa
1004 2327 1107 2348 nomen
1119 2317 1232 2350 habent,
1250 2316 1376 2346 haetenus
1388 2316 1515 2353 prolixius
1531 2323 1615 2353 pene,
1635 2323 1716 2353 quam
1727 2312 1786 2341 satis
1798 2318 1861 2338 erat.
1881 2311 1984 2338 Rever-

407 2360 496 2383 tamur
510 2354 543 2384 ad
555 2362 665 2382 comma.
1879 2386 1903 2414 C

1923 2396 1939 2414 A
1961 2396 1991 2414 ι’..
