2075 2734
478 81 1271 119 DzDrrsPanaen1⁴u1s.CAr.22.
1607 87 1662 125 {87

640 156 1090 183 VICEPOTA.

126 213 193 251 Qae
205 211 260 241 haec
273 213 330 241 Dea
341 210 434 243 fuerit,
453 210 592 238 incertum.
611 206 690 242 Apud
703 204 807 237 Livium
824 205 890 233 libro
906 206 1038 238 secundo,
1058 216 1121 236 cum
1135 207 1169 236 de
1175 207 1352 237 demolitione
1359 206 1457 235 aedium
1465 206 1657 236 ValeriiPubli.

88 250 152 280 colae
170 251 225 288 agit
235 272 242 282 ,
261 251 296 280 fic
311 250 407 287 legitur
418 250 446 277 in
460 247 584 283 vulgatis:
604 243 698 272 Delata
711 243 976 284 confestimlmateria
990 244 1059 272 infra
1070 245 1180 278 Veliam,
1201 248 1228 275 &
1241 247 1287 276 ubi
1299 256 1370 274 nunc
1383 245 1456 272 vicus
1469 244 1589 282 publicus
1603 246 1655 278 est,

86 290 183 318 domus
196 290 223 317 in
237 289 332 317 infimo
345 287 415 316 clivo
427 285 558 313 aedificata.
578 282 632 310 Ubi
644 292 694 320 pro
709 281 780 310 vicm
788 281 902 316 publtcus
911 304 917 314 ,
939 284 1032 311 Beatus
1047 283 1189 312 Rhenanus
1203 292 1329 317 annotat,
1351 284 1376 312 st
1393 284 1419 310 in
1433 292 1488 312 uno
1498 284 1580 310 veteri
1588 282 1655 311 libro

86 327 189 364 legisse,
208 326 250 354 ubi
262 336 324 354 nunc
337 325 395 353 Vica
401 332 460 358 poca
471 320 520 359 est,
539 321 610 358 quod
625 328 717 348 tamen
731 321 758 348 in
776 319 898 354 Vtriplacae
913 322 1073 348 mutandum
1088 322 1183 350 censet.
1203 323 1311 350 Carolus
1318 320 1516 360 Sigoniuslegit3
1538 319 1585 347 Ubi
1592 330 1656 347 nune

85 368 160 393 Vam-
174 363 283 399 publma
301 362 335 400 est
348 383 355 394 ‚
382 359 612 399 quemadmodum
634 360 661 387 &
679 359 748 396 apud
765 358 927 385 Plutarchum
941 359 968 386 in
983 358 1115 386 Publicola
1126 360 1206 388 vertit
1220 360 1357 397 Xylander
1370 371 1378 392 3
1397 358 1446 386 Ubi
1458 368 1522 385 nunc
1534 358 1655 392 templum

86 401 135 440 ‘st’
155 403 188 436 ό-
202 399 386 436 vicuspublicus
398 393 496 425 dicits&-
515 397 600 435 justus
615 397 715 434 Lipsius
728 396 774 425 lib.
783 407 807 424 2-
828 396 1029 434 Epistolicarum
1044 397 1217 433 quaestionum
1227 418 1234 429 ‚
1253 399 1360 435 epistola
1374 405 1416 426 11.
1428 397 1571 434 legendum
1586 396 1655 433 apud

85 439 192 467 Livium
203 440 352 470 arbitratur,
371 435 420 464 Ubi
431 444 495 462 nunc
509 435 621 469 Vicepota
631 433 664 465 el}
677 434 813 470 templum.-
834 436 860 463 &
874 434 909 462 fic
921 434 1084 462 Plutarchum
1099 435 1180 463 etiam
1195 437 1404 465 emendandum.
1426 436 1493 474 Qae
1506 441 1611 465 autern,
1627 435 1654 463 δί

87 479 169 514 qualis
183 487 212 505 ea
226 478 281 504 Dea
294 475 388 506 fuerit,
407 474 529 511 ignorare
542 473 568 500 se
581 473 655 501 dicit.
756 484 760 485 ⁷
1637 509 1639 512 Ι

126 515 252 544 Meminit
263 516 289 542 &
304 514 335 540 M
344 523 351 540 1
360 523 377 540 Ν
389 522 404 539 υ
414 522 446 539 cr
457 522 466 539 1
483 512 534 538 Dei
548 509 646 547 festus,
667 509 710 538 sed
725 509 806 548 qualis
819 511 838 538 is
853 510 948 542 fuerit,
967 519 1023 538 non
1031 509 1165 547 exprimit.
1186 512 1249 539 Haec
1258 512 1329 539 enim
1340 511 1397 539 sunt
1405 510 1481 546 ipfius
1490 509 1584 538 verba:
1598 514 1654 536 Μι-

84 552 158 580 nucia
176 560 252 588 porta
264 550 391 588 appellata
404 550 455 580 est,
475 548 509 576 eb
523 549 594 586 quod
610 550 733 584 proxima
747 549 808 576 effet
820 548 913 577 sacello
926 548 1034 577 Minuci.
1058 546 1153 574 Paulas
1168 549 1236 577 Festi
1250 550 1429 578 abbreviator:
1451 548 1563 575 Minium
1576 555 1653 585 porta

86 592 183 617 Romae
196 589 232 617 est
245 590 328 619 dieta,
348 589 380 615 ab
393 597 440 614 »tra
453 586 564 618 Minuci,
583 596 664 624 quem
680 588 769 614 Deum
785 595 811 623 p.
822 586 921 615 tabant.

122 629 182 656 Fuit
202 629 229 656 ὅτ.
249 630 299 655 Vo
309 636 324 653 L
335 635 376 653 ru
385 636 400 652 R
409 636 425 652 x<
434 634 472 652 us
495 626 566 652 Deus
581 645 588 655 ‚
615 624 687 659 cujus
706 623 789 662 festus
810 625 849 652 his
872 624 958 653 verbis
971 625 1105 654 meminit.
1132 622 1291 654 Volturnalia
1305 623 1440 652 Volturno
1454 626 1515 651 Deo
1529 624 1571 652 sua
1584 623 1653 651 sacra

85 664 228 695 faciebant,
250 665 323 701 cujus
337 663 503 691 sacerdotem
519 662 688 689 Voltus-nalem
703 663 841 691 vocabant.

124 703 234 731 Foribus
248 707 301 729 tres
314 704 386 729 Deos
399 699 574 738 praeficiebant
589 720 596 731 ,
617 700 761 732 Forculum,
780 701 923 732 Cardeam,
943 703 969 729 ὃ(
985 700 1177 729 Limentinum:
1197 703 1224 729 ὃς
1240 699 1357 728 forculus
1371 700 1477 735 quidem
1496 700 1594 727 foribus
1608 699 1653 726 da-

85 741 174 772 batur,
193 748 223 768 ut
236 740 272 768 ait
286 738 393 777 August.
406 739 422 766 l.
430 748 456 774 4.
471 738 504 765 de
518 739 635 766 Civitate
645 739 710 770 Dei,
730 747 787 774 cap.
796 741 821 767 8.
841 740 941 766 cardea
955 739 1070 771 cardini,
1090 738 1261 771 amentium,
1283 738 1380 765 limini.
1404 737 1529 764 Cardeam
1543 738 1652 774 quidam

84 778 208 807 libentius
221 781 334 805 Carnam
348 784 457 807 vocant,
477 785 535 812 quae
548 777 590 810 (ut
605 776 675 804 canit
689 775 796 803 Ovidms
809 777 836 803 in
852 779 876 804 6.
891 777 1041 812 Fastorum)
1057 777 1088 805 ab
1102 779 1172 815 Jano
1187 776 1348 814 compreffiz,
1368 777 1499 811 acceperit
1514 777 1652 803 cardinum

83 817 242 853 potestatem
250 836 258 848 ‚
277 816 348 853 prius
359 819 444 843 Grane
456 820 617 850 nuncupata.
638 814 734 842 deiude
746 823 794 852 per
805 814 963 843 antistichon
971 837 978 848 ‚
997 819 1092 844 Cama.

748 884 772 911 C
793 893 808 910 Α
829 894 852 911 1⁷.
890 885 983 912 XXII.

685 937 737 969 De
762 935 840 968 Diis
860 938 1040 982 peregrinis.

129 1018 146 1036 u
155 1016 191 1036 PE
201 1018 258 1037 Res
268 1018 300 1040 T,
321 1015 349 1037 ut
369 1008 455 1037 adhuc
474 1009 508 1037 de
527 1007 577 1037 Dio
596 1007 681 1040 Fidio,
702 1006 775 1046 fide,
795 1006 905 1045 osiride,
927 1010 954 1036 δε
967 1007 1087 1043 Serapide
1100 1009 1236 1043 dicamus,
1256 1018 1323 1047 quos
1333 1006 1472 1046 peregrinor
1487 1009 1551 1035 Deos
1563 1004 1652 1043 appel-

140 1047 239 1078 lamus,
258 1045 332 1083 quod
345 1047 377 1074 ab
391 1047 445 1074 aliis
459 1047 582 1085 gentibus
595 1047 623 1074 in
637 1047 742 1074 Urbem
756 1046 858 1081 recepti
873 1048 900 1075 δί
914 1045 978 1074 culti
993 1045 1060 1075 sunt.
1087 1048 1251 1086 Qanquam
1265 1056 1361 1076 eorum
1375 1048 1463 1084 plures
1478 1044 1600 1076 fuerunt,
1620 1044 1654 1072 de

82 1085 176 1122 quibus
189 1091 279 1113 tamen
292 1083 368 1117 ante,
387 1087 525 1114 occafione
537 1084 571 1112 fic
585 1084 688 1117 oblata,
709 1084 822 1121 egimus.

454 1143 756 1170 SANCTUS,
795 1139 839 1166 vel
874 1143 1020 1166 DEUS
1058 1144 1275 1170 FIDIUS.

126 1194 143 1219 S
152 1202 168 1219 A
177 1202 191 1219 Β
201 1201 209 1218 r
218 1202 235 1219 N
244 1201 260 1218 o
269 1201 311 1218 nu
320 1201 339 1218 M
353 1190 396 1217 hic
408 1192 481 1217 Deus
494 1190 561 1221 fuit,
580 1191 594 1217 ὲ
610 1191 730 1217 Reatinis
744 1190 889 1225 plurimum
905 1191 1005 1222 cultus,
1024 1190 1069 1218 ubi
1082 1193 1163 1219 etiam
1176 1193 1261 1219 editus
1275 1190 1327 1218 esse
1339 1197 1459 1227 putatur:
1479 1191 1513 1219 de
1526 1200 1581 1228 quo
1593 1190 1653 1218 Dio-

85 1228 163 1267 nysius
177 1224 376 1263 Halicm-nlnffi’us
388 1226 433 1253 lib.
449 1236 472 1253 2.
486 1226 541 1253 haec
554 1225 642 1255 scribit
657 1237 662 1253 :
682 1228 714 1254 In
727 1235 792 1263 agro
807 1227 923 1254 Reatino
932 1247 939 1258 ,
959 1236 1013 1263 quo
1025 1236 1149 1264 ternpore
1163 1228 1322 1265 Aborigines
1335 1238 1399 1256 eum
1413 1228 1554 1261 tenebant,
1575 1229 1654 1264 virgo

86 1266 206 1303 ouxdam
219 1264 342 1301 indigena
355 1263 427 1291 claro
441 1273 537 1302 genere
552 1271 697 1302 prognata,
717 1264 813 1292 choros
827 1264 940 1292 ducebat
953 1264 979 1291 in
994 1266 1097 1302 templo
1106 1266 1222 1302 Enyalii,
1238 1275 1320 1303 quem
1327 1265 1414 1294 Sabini
1423 1286 1431 1297 ‚
1444 1266 1544 1295 sicut&
1553 1267 1655 1293 Roma-

88 1305 133 1336 ni,
146 1302 288 1341 Qcirmum
302 1303 455 1330 nominant:
471 1312 564 1329 verum
580 1301 690 1338 repente
704 1303 796 1329 divino
810 1301 900 1329 filrorc
916 1311 1052 1339 correpta,
1068 1303 1193 1334 choream
1202 1304 1331 1335 deseruit,
1346 1304 1408 1331 &in
1416 1303 1558 1332 sacrarium
1565 1303 1591 1331 se
1598 1312 1656 1330 cur-

87 1341 115 1369 su
128 1340 268 1379 proripuit.
289 1339 391 1367 Deinde
405 1338 418 1365 ὲ
431 1339 482 1366 loci
490 1340 571 1376 genio
585 1339 748 1376 compressa,
762 1345 792 1366 ut
800 1340 881 1376 vulgo
889 1339 976 1366 visum
985 1340 1035 1371 est,
1049 1341 1132 1368 filium
1142 1342 1239 1373 edidit,
1255 1342 1367 1368 nomine
1373 1340 1502 1373 Medium,
1517 1342 1558 1369 vel
1566 1342 1655 1378 potius

87 1379 168 1408 Dium
183 1376 283 1405 Fidium
297 1377 467 1414 cognomine.
487 1378 511 1403 Is
520 1376 622 1404 virilem
637 1383 742 1405 aetatem
756 1377 897 1413 ingrefius.
918 1379 945 1405 δε
960 1377 1278 1414 formaihprahominem
1288 1378 1337 1405 fuit
1348 1400 1354 1409 ‚
1376 1380 1474 1408 &inre
1482 1379 1657 1408 militarilon-

85 1416 120 1453 ge
134 1415 380 1453 praecellentiffimus
394 1415 430 1441 est
444 1413 555 1442 habitus.
576 1417 700 1451 Cumque
712 1421 802 1450 captus
817 1415 880 1443 esset
894 1415 1038 1442 condendae
1053 1416 1134 1444 Urbis
1148 1418 1270 1454 cupidine
1279 1437 1287 1448 ‚
1307 1416 1418 1444 collecta
1426 1425 1524 1454 magna
1532 1427 1613 1445 manu
1621 1425 1654 1444 ex

85 1464 154 1491 agris
164 1453 297 1484 finitimis,
318 1452 391 1479 brevi
401 1456 479 1479 Cures
491 1452 602 1488 replevit
614 1451 819 1483 habitatoribus,
840 1460 962 1484 vocatas,
982 1460 1011 1480 ut
1026 1455 1133 1490 quidam
1149 1464 1244 1493 putant
1260 1454 1273 1481 ὲ
1281 1464 1370 1491 gemo,
1391 1464 1466 1490 cujus
1480 1455 1617 1483 dicebatur
1624 1454 1655 1481 fi-

82 1491 144 1520 lius:
165 1500 208 1519 aut
221 1490 252 1518 ab
264 1489 346 1519 hasta,
366 1489 432 1518 ficut
446 1490 549 1518 malunt
562 1489 622 1518 alii-¹
635 1495 716 1518 Cures
729 1492 802 1518 enim
818 1491 906 1518 Sabini
919 1488 1000 1527 hastas
1015 1493 1166 1520 nominant.
1187 1495 1227 1521 Ita
1239 1491 1370 1520 Terentius
1376 1496 1454 1518 Varro
1460 1492 1587 1530 scriptum
1596 1490 1655 1519 reli-

83 1530 150 1566 quit.
184 1525 263 1555 Paulo
276 1527 335 1565 post
348 1526 474 1566 Dionyfius
487 1527 568 1556 refert
581 1538 614 1556 ex
629 1530 657 1557 P.
671 1529 775 1557 Catone
790 1549 798 1560 ,
817 1528 898 1557 Dium
913 1527 990 1556 illum
1006 1528 1109 1557 fidium
1121 1550 1130 1562 ‚
1147 1530 1243 1558 Sabum
1256 1529 1308 1558 alio
1322 1530 1434 1557 nomine
1446 1530 1550 1558 dietum
1566 1529 1655 1561 fuiffe,

82 1576 165 1605 quem
179 1565 265 1593 Sabini
277 1566 415 1594 coluerint.

125 1604 204 1632 AEdes
215 1603 260 1631 Du*
273 1602 344 1631 fidis·
357 1604 384 1631 in
398 1603 472 1631 Urbe
485 1604 604 1633 dedicata
618 1606 654 1633 est
668 1603 682 1631 a
697 1605 740 1640 Sp.
755 1603 892 1632 Posthum.
907 1603 1036 1639 Consule,
1057 1615 1127 1635 anno
1142 1608 1177 1634 V.
1190 1615 1308 1634 ccxxcvr
1318 1616 1326 1632 ι
1337 1616 1358 1633 1.
1372 1606 1449 1634 nonis
1463 1607 1548 1644 Juniis
1558 1607 1585 1633 in
1592 1604 1655 1633 loco

87 1643 213 1673 Bellonae,
225 1640 318 1668 ‘locata
330 1641 362 1668 ab
376 1641 472 1669 ultimo
487 1644 594 1680 Regum
608 1643 770 1681 Tarquini0‚
788 1652 845 1670 non
860 1650 952 1670 tamen
960 1643 1045 1672 abillo
1052 1643 1210 1673 consecrata.
1230 1642 1359 1682 Dioqfius
1372 1643 1389 1671 l.
1397 1655 1422 1679 9.
1431 1645 1565 1680 quietiam
1573 1643 1655 1675 addit,

85 1690 119 1710 eo
134 1681 246 1708 demum
259 1688 330 1707 anno
343 1689 375 1707 ex
389 1681 415 1707 S.
430 1680 461 1707 C.
475 1680 560 1708 aedem
571 1681 641 1710 hanc
654 1682 668 1709 a
682 1680 839 1708 Posthumio
853 1680 968 1710 Consule
981 1683 1132 1713 dedicatam
1145 1681 1210 1715 effe,
1230 1680 1338 1719 probari
1345 1682 1401 1719 ejus
1408 1682 1469 1710 aedis
1475 1681 1654 1719 inscriptione.

772 1747 957 1775 ISIS.

123 1796 199 1822 Hanc
210 1791 336 1821 Diodorus
349 1794 444 1822 siculus
456 1795 502 1824 lib.
512 1807 533 1824 r.
554 1797 657 1824 Rerum
671 1797 840 1834 antiquarum
856 1797 939 1826 filiam
954 1800 1058 1827 Saturni
1072 1801 1099 1828 &
1117 1799 1200 1827 Rheae
1209 1798 1320 1826 Osiridis
1328 1796 1447 1825 sororem
1456 1804 1534 1833 atque
1541 1806 1653 1825 uxorem

86 1832 175 1864 fuiffe,
196 1834 222 1860 ὃς
235 1833 346 1860 eandem
361 1842 422 1860 cum
439 1837 529 1860 Cerere
543 1835 592 1862 effe
603 1834 702 1863 scribit.
722 1836 788 1873 Qae
802 1837 889 1871 prima
903 1837 1034 1865 invenerit
1046 1837 1167 1865 triticum
1176 1836 1341 1865 &hordeum
1350 1856 1357 1867 ‚
1377 1833 1530 1861 hominibus
1536 1835 1654 1871 priusin-

88 1871 201 1906 cognita.
221 1871 305 1907 Leges
319 1879 424 1908 quoque
435 1872 566 1904 statuerit,
581 1872 674 1910 quibus
686 1873 783 1908 justitia
796 1873 868 1911 aeque
883 1874 1008 1902 omnibus
1023 1873 1184 1906 servaretur,
1198 1876 1240 1906 vi,
1254 1882 1334 1910 atque
1348 1873 1443 1909 injuria
1458 1872 1558 1899 timore
1566 1881 1654 1909 poenae

89 1907 205 1935 sublatis:
219 1917 268 1944 qua
280 1909 313 1936 de
325 1909 398 1936 causta
410 1909 424 1937 a
437 1910 527 1946 priscis
541 1912 638 1938 Gtaecis
653 1910 693 1949 {fis
705 1910 818 1948 Legijem
831 1912 988 1950 appellatur,
1002 1918 1129 1949 tanquam
1145 1913 1232 1949 prima
1245 1912 1336 1949 legum
1344 1910 1484 1938 inventrix.
1507 1910 1586 1937 Paulo
1593 1911 1654 1947 post

90 1942 193 1976 scribit,
212 1944 277 1973 hanc
289 1947 376 1974 Deam
388 1947 401 1974 a
414 1948 547 1976 nonnullis
559 1947 659 1986 Isidem,
680 1947 711 1977 ab
720 1950 774 1977 aliis
783 1952 901 1978 Cererem
909 1971 917 1982 ,
930 1950 1146 1984 Thesmophomm,
1160 1954 1260 1977 Lunam
1273 1971 1280 1982 ,
1294 1953 1432 1981 sunonem,
1447 1945 1478 1974 ab
1486 1946 1539 1975 aliis
1546 1948 1597 1976 alio
1604 1958 1653 1977 no-

91 1981 166 2010 mine
178 1982 306 2023 appellari.
333 1983 445 2020 Subjicit
457 1986 538 2014 etiarn
553 1986 753 2022 inscriptionem
768 1988 900 2016 columnae
912 1988 980 2024 ejus,
999 1996 1056 2023 quae
1070 1988 1128 2016 talis
1143 1989 1179 2015 est
1191 1999 1197 2015 ι
1222 1992 1272 2024 Ego
1286 1984 1393 2022 fissum
1406 1987 1500 2023 AEgyptt
1511 1986 1610 2024 regina,
1631 1986 1654 2015 ἰι

92 2025 217 2060 Μενςιινιο
233 2021 339 2049 erudtta.
362 2026 422 2061 Qae
437 2034 479 2062 ego
492 2023 672 2062 leg1busst.zmi
684 2044 692 2054 ,
712 2025 792 2052 nullus
798 2025 888 2059 Jblret.
914 2030 964 2062 Ego
970 2024 1030 2058 firm
1037 2025 1122 2058 primu
1129 2026 1235 2062 frugum
1247 2023 1387 2052 rnrentrix.
1419 2024 1533 2061 Egoficm
1548 2022 1655 2060 osiridis

91 2057 167 2095 Regu
180 2065 270 2098 mater.
295 2062 344 2095 Ego
349 2063 408 2093 jum
421 2061 448 2088 in
460 2061 525 2100 astro
539 2061 617 2090 Cam?
629 2062 760 2100 reficlgens.
786 2062 856 2089 Mihi
869 2062 988 2099 Bubastm
1006 2062 1063 2088 urbs
1074 2063 1172 2090 condita
1184 2061 1227 2099 est.
1255 2063 1359 2093 Gaude,
1374 2062 1459 2098 gaude
1469 2063 1565 2099 AEgypte
1571 2083 1580 2095 ,
1601 2071 1655 2100 qua

91 2106 133 2123 me
145 2094 251 2132 nutrtstt.
280 2098 343 2124 Haec
357 2100 383 2126 ὃς,
397 2099 470 2135 plura
482 2100 530 2128 alia
544 2099 667 2128 Diodoms
682 2100 791 2132 Siculus,
812 2109 868 2137 quae
883 2103 951 2137 apud
964 2101 1051 2137 ipstim
1065 2101 1154 2137 potius
1167 2100 1246 2138 leges.
1268 2101 1335 2128 Non
1348 2100 1481 2136 pauciora,
1503 2099 1562 2129 imo
1579 2101 1654 2138 plura

89 2134 173 2162 etiam
189 2133 247 2173 sunt
258 2134 324 2170 apud
337 2135 499 2166 Plutarchum
513 2140 540 2167 in
554 2137 624 2166 bello
637 2139 670 2166 de
682 2137 742 2176 Iside
756 2141 783 2167 ὃ(
797 2136 902 2176 ostride.

132 2169 200 2209 {fidu
214 2172 272 2198 ades
288 2173 317 2211 &h
326 2173 436 2212 aediculae
445 2177 541 2205 Romae
553 2177 642 2205 n-‚ultae
654 2177 774 2208 fuerunt,
794 2185 823 2205 ut
831 2177 922 2205 videre
934 2177 1003 2207 estin
1012 2176 1187 2214 descriPtione
1198 2186 1260 2206 x1v.
1280 2175 1359 2205 Urbis
1365 2177 1507 2214 regionum
1515 2197 1523 2209 ,
1532 2186 1612 2215 quam
1621 2174 1654 2206 ab

93 2209 220 2245 0mq>hrm
233 2213 356 2237 l’anvtmo
367 2215 494 2247 mutuati,
513 2216 602 2252 primo
614 2213 683 2243 libro
694 2214 858 2244 inseruimus.

572 2281 776 2306 OSIRIS
816 2278 858 2311 ἐᾷ’
895 2282 1162 2307 SERAPIS.

131 2325 158 2352 Ο
168 2335 180 2353 s
190 2334 197 2352 1
207 2335 223 2353 R
232 2334 240 2353 1
250 2334 262 2352 s
277 2324 359 2353 etiam
372 2326 479 2355 Saturni
487 2334 565 2366 atque
577 2329 658 2358 Rheae
671 2328 740 2358 filius
754 2329 820 2363 fuit,
840 2328 906 2368 fida
922 2329 1044 2398 frateg&
1057 2331 1181 2364 maritus,
1199 2340 1247 2361 rex
1260 2331 1381 2369 AEgypti.
1400 2331 1480 2359 Hunc
1495 2331 1521 2360 δε
1534 2328 1657 2396 ostride?

1020 2377 1035 2398 a
1054 2378 1070 2397 2
1637 2377 1660 2396 1-
