2075 2734
372 110 426 138 866
811 106 1058 130 Pauci

367 157 442 180 ciunt.
450 154 509 177 item
517 157 632 179 nouum,
640 149 773 175 centuriatis
779 148 903 174 comitiis}
911 149 1005 174 mitiore
1013 149 1146 182 magistratu

368 190 432 219 leges
439 186 487 210 latae
494 184 538 209 fint
545 200 552 212 ‚
559 191 602 207 nec
609 191 637 207 ne
645 201 650 210 ‚
660 182 773 207 affirmare
781 190 829 206 non
837 181 950 214 ponimus
957 199 962 209 ,
972 183 1027 214 quia
1035 188 1145 206 neutrum

369 219 396 243 ab
404 217 506 250 antiquis
514 215 626 240 traditum
633 215 664 238 est
673 232 678 241 ‚
687 214 868 238 similitudinem
876 213 1000 246 sequemur
1008 232 1014 241 ‚
1027 214 1052 238 δι
1061 231 1067 241 ,
1078 214 1146 245 quod

371 252 396 275 in
403 249 507 274 creandis
515 247 683 280 magistratibus
690 247 740 270 fieri
747 247 845 270 solitum
853 246 892 273 est,
900 246 964 270 idem
972 250 997 270 in
1004 246 1106 270 ferendis
1114 246 1144 269 le-

388 281 594 307 ibusobservatum
608 278 652 303 esse
659 279 774 303 dicemus.
790 286 845 302 nam
854 296 860 304 ‚
877 278 893 302 fi
901 279 1002 303 creandis
1010 278 1144 310 magistrati—

371 291 414 339 ξας
421 314 547 338 centuriata
553 311 650 334 comitia
659 318 781 342 nunquam
790 327 797 337 ‚
815 310 856 334 nifi
871 309 883 334 a
896 312 984 340 majore
997 310 1130 342 magistratu
1138 326 1144 336 ,

372 347 448 370 habita
457 345 520 368 sunt:
530 343 614 376 itidem
624 342 725 366 ferendis
732 341 823 374 legibus
831 351 952 374 nunquam
961 361 966 370 ,
975 342 1017 366 nifi
1024 341 1037 365 ὲ
1044 342 1132 371 maiore
1139 358 1146 368 ,

370 377 415 402 effe
424 375 497 400 habita
506 393 512 402 ‚
529 376 711 399 consentaneum
723 374 762 398 est.
777 374 835 398 illud
844 381 920 399 autem
929 375 960 398 est
968 392 975 402 ‚
990 374 1035 399 ess’e
1042 375 1114 405 igitur
1122 375 1145 397 δι

371 411 416 433 hoc
425 410 538 432 dicemus.
550 414 627 438 neque
635 408 715 435 enim,
727 414 768 431 cur
776 407 859 431 nonlit
867 424 874 435 ,
887 414 924 431 aut
932 407 990 431 ratio
1003 406 1095 434 suadet,
1109 412 1146 430 aut

370 441 479 473 eretnpla
486 438 653 464 demonstrant.

625 504 649 530 C
671 513 687 531 A
709 513 723 531 Ρ
745 511 763 530 υ
784 512 801 530 τ
842 503 912 530 XL.

575 566 615 591 De
634 570 741 597 tempore
759 561 820 599 legis
831 561 946 598 serenda.

374 628 463 689 DE
475 628 556 659 legum
571 633 693 658 tempore,
712 634 763 658 quse
770 626 905 650 notavimus
914 643 920 653 ,
937 625 983 649 hac
991 624 1056 648 sunt:
1071 631 1148 656 neque

459 659 572 683 omnibus
585 659 667 682 diebus
679 658 852 689 licuifl'eiegem
860 658 923 684 ferri,
941 664 1019 688 neque
1026 656 1111 689 quibus
1120 657 1147 679 li-

371 697 433 714 ceret
441 708 447 718 ,
456 699 495 722 per
501 698 586 715 omnes
592 691 668 714 horas.
681 690 832 714 licebatfastis
844 696 935 713 rantum
946 689 1043 714 diebus:
1057 687 1147 712 nefastis

372 730 423 746 non
431 723 522 747 licebat.
536 730 579 747 nec
585 730 640 746 vero
646 722 707 746 fastis
714 722 827 746 omnibus
834 739 840 748 ‚
853 721 891 745 sed
898 721 1057 745 comitialibus
1065 720 1144 744 dunta-

371 761 417 778 xat.
429 755 591 779 comitialibus
598 761 675 778 autem
682 755 712 778 ita
719 754 804 779 licebat
811 771 818 782 ,
830 754 846 777 li
854 761 926 778 nemo
933 754 962 777 de
969 753 1032 777 coelo
1040 753 1144 776 servaret.

373 793 425 818 quae
432 787 519 811 duabus
525 785 626 819 legibus,
633 787 699 814 AElia,
708 787 732 810 &
740 786 809 814 Fufia,
816 784 975 809 sancitaeraut.
987 785 1011 808 id
1020 785 1085 808 anuis
1092 791 1145 816 pro-

375 826 404 850 pe
410 826 506 843 centum
513 825 566 843 ante
572 819 697 843 Ciceronis
709 825 797 842 aetatem
806 834 813 845 ‚
826 824 851 841 ut
858 816 944 848 scripsit
952 816 1000 849 ipse
1006 817 1113 840 oratione
1120 816 1145 839 in

370 850 482 875 Pisonem
491 868 496 877 ‚
504 851 638 875 institutum
645 868 651 878 ‚
660 851 687 873 ad
693 857 795 874 extrema
803 849 849 873 sere
857 848 940 873 manfit
947 848 1079 881 reipublica:
1086 854 1144 871 tem-

371 889 435 937 pora.
453 882 535 906 Pisone
542 888 619 906 nutem
627 884 652 907 δι
660 882 762 906 Gabinio
769 880 833 906 Coss‘.
842 884 863 905 P.
872 881 972 905 Clodius
983 880 1089 904 tribunus
1097 880 1143 911 ple-

389 914 408 937 is
415 915 539 938 Ciceronis
552 922 575 937 ac
583 913 697 937 bonarum
706 914 925 945 partiuminimicus
933 930 940 940 ‚
957 918 1086 936 utarmaret
1099 914 1143 935 im-

371 946 490 970 moderata
497 946 590 970 licentia
597 946 747 970 tribuniciam
756 945 901 977 porestatem,
908 946 1000 967 dierum
1009 943 1144 969 discrimen,

370 977 395 1001 ὃ(
403 978 559 1007 auspiciorum
567 978 738 1008 impedimenta
744 977 841 1001 sustulit.
855 983 932 1007 neque
939 976 1005 999 enirn
1012 981 1112 1000 tantum,
1120 980 1146 997 ut

371 1010 484 1033 omuibus
492 1009 627 1040 planefassis
633 1009 687 1032 ferri
694 1009 731 1032 lex
740 1007 820 1039 posset,
828 1015 909 1031 verum
916 1007 986 1030 etiam
995 1023 1001 1032 ,
1009 1014 1038 1029 ne
1046 1007 1098 1037 quis
1105 1013 1146 1036 per

371 1048 413 1065 eos
421 1041 470 1064 dies
478 1058 484 1068 ‚
491 1041 639 1072 quibuscum
646 1041 736 1072 populo
743 1041 823 1064 liceret
829 1039 878 1070 agi,
886 1039 915 1062 de
922 1038 985 1062 coelo
993 1037 1098 1063 servaret,
1109 1044 1148 1060 ro-

370 1073 494 1103 gationem
501 1073 563 1096 tulit.
571 1072 644 1102 idque
650 1071 727 1103 postea
734 1070 847 1096 servatum
855 1069 908 1097 ess'e,
915 1070 1024 1094 videntur
1030 1069 1070 1093 illa
1077 1069 1147 1100 figni-

371 1104 437 1128 ficare
446 1122 451 1131 ,
459 1112 510 1137 quae
517 1104 598 1135 scripta
606 1103 688 1128 suntin
696 1104 802 1128 oratione
809 1102 838 1127 de
844 1102 1028 1134 provinciiscap.
1040 1109 1076 1127 ις,
1089 1105 1146 1124 «im

366 1136 506 1165 statuendum
517 1136 572 1159 τιούκ
579 1136 614 1165 est,
621 1138 688 1167 Iegem
696 1137 792 1159 tAEliam
799 1136 963 1166 manere‚legem
971 1134 1055 1164 Fufiam
1063 1141 1102 1155 non
1109 1132 1146 1161 ff

372 1167 495 1198 abrogatam
505 1185 511 1195 ‚
518 1177 557 1191 mm
563 1167 724 1197 omnibussastts
732 1168 857 1199 legemferri
864 1168 926 1190 litere
933 1182 940 1193 ,
947 1174 996 1189 cum
1004 1166 1130 1195 [exseratur
1138 1181 1144 1191 ‚

372 1201 396 1223 de
403 1202 451 1222 soelo
460 1201 543 1227 servm
550 1217 556 1227 ,
570 1199 707 1227 abutemini,
721 1199 901 1222 intercedilicere.
918 1201 980 1229 Ergo
989 1214 995 1224 ‚
1009 1203 1060 1220 ante
1067 1196 1145 1227 legem

373 1232 487 1256 Clodiam
495 1248 501 1257 ‚
511 1239 560 1255 non
568 1230 680 1255 omnibus
689 1248 695 1258 ‚
710 1230 749 1255 sed
756 1230 815 1254 fastis
823 1246 830 1257 ‚
843 1237 891 1253 nou
899 1229 1013 1253 omnibus
1019 1228 1093 1255 fastis,
1106 1226 1145 1251 sed

372 1263 533 1287 comitialibus
541 1281 546 1291 ‚
561 1271 603 1287 nec
610 1262 771 1287 comitialibus
779 1279 784 1288 ‚
798 1262 876 1293 siquis
883 1261 912 1285 de
918 1262 981 1285 coelo
989 1260 1098 1286 servaret,
1112 1260 1146 1287 jus

371 1294 472 1319 fexendae
484 1295 543 1326 legis
556 1301 614 1319 erat:
630 1294 764 1326 postlegem
772 1294 886 1317 Clodiam
894 1310 900 1321 ,
917 1301 966 1318 non
974 1293 1087 1316 omnibus
1094 1292 1145 1323 qui-

370 1327 427 1351 dem
437 1326 520 1351 diebus
530 1344 535 1354 ,
545 1326 584 1351 sed
592 1326 791 1351 omnibustamen
797 1325 858 1349 fastis
865 1343 871 1353 ,
885 1325 951 1357 quod
959 1332 1011 1348 ante
1018 1331 1067 1348 non
1075 1324 1147 1347 licue-

370 1366 413 1385 rat,
420 1359 509 1383 etiamfi
517 1359 545 1382 de
552 1359 616 1383 coelo
623 1358 755 1386 servaretur,
762 1358 861 1382 serrilex
868 1358 954 1389 potuit.
967 1357 1060 1388 Opinor
1067 1356 1146 1382 etiam,

372 1391 416 1422 qui
423 1391 473 1415 dies
479 1391 583 1422 religiosi
591 1390 743 1418 vocabantur⁷
756 1396 861 1423 quorum
874 1389 898 1413 in
906 1396 1006 1414 numero
1019 1390 1061 1412 arri
1068 1394 1133 1411 erant
1140 1403 1146 1413 ‚

373 1424 404 1447 iis
412 1430 461 1447 uon
470 1422 568 1455 potuisse
574 1424 653 1455 legem
661 1423 728 1447 ferri:
742 1423 772 1446 de
778 1421 864 1454 quibus
871 1421 918 1445 hac
925 1421 1028 1452 legimus
1035 1421 1061 1444 in
1068 1419 1146 1444 Festo:

373 1457 428 1478 Diei
435 1456 535 1487 religiosi,
543 1455 630 1485 quibus,
638 1456 739 1487 nifiquoa'
744 1455 817 1483 mceffi
823 1454 851 1483 est
859 1470 865 1480 ,
872 1454 932 1482 nefas
940 1452 1054 1475 haberetur
1060 1453 1133 1482 sacer-e
1141 1458 1147 1472 2

373 1488 507 1517 qualessunt
513 1488 552 1515 sex
560 1485 586 1509 (5-
593 1488 691 1517 triginta,
698 1488 743 1509 atri
749 1486 931 1516 quiappellnnrur
939 1502 945 1512 ,
954 1483 980 1507 ὰ
987 1484 1100 1514 „Auienſsn
1113 1489 1146 1505 at-

371 1526 415 1549 que
422 1519 448 1544 ii,
454 1517 534 1549 quibus
541 1519 707 1547 mundmparet.
725 1517 855 1541 Alliensem
862 1522 940 1538 autem
947 1515 1022 1542 diem,
1030 1522 1101 1545 quam
1108 1516 1147 1537 Fe·

372 1549 418 1573 stus
426 1557 476 1572 non
483 1549 599 1576 nominat,
607 1551 653 1572 XV.
663 1549 711 1572 Kal.
720 1550 780 1572 Sext.
787 1546 854 1571 fuiss'e
862 1564 868 1574 ‚
878 1547 956 1570 Livius
964 1545 1101 1569 docerlibro
1111 1548 1147 1568 Vl.

374 1581 488 1612 idemque
496 1579 628 1611 subjungit,
646 1578 787 1611 religiosum
794 1579 860 1603 diem
872 1577 939 1602 fuisse
952 1577 1063 1610 postridie
1076 1577 1146 1600 etiam

373 1613 428 1637 ldus
443 1612 539 1643 Qiinst.
553 1613 591 1636 cui
605 1612 695 1635 Gellius
708 1611 771 1634 libro
785 1613 811 1634 V.
824 1617 872 1641 cap.
888 1618 925 1636 17.
940 1608 1074 1634 Macrobius
1086 1608 1149 1632 libro

371 1647 392 1669 1.
408 1646 496 1668 Saturn.
509 1642 674 1667 assentiuntur:
692 1650 720 1666 ex
730 1642 815 1674 quibus
828 1642 851 1665 &
864 1641 890 1665 id
901 1641 1052 1672 cognoscitur
1059 1657 1065 1668 ,
1083 1640 1148 1671 quod

373 1679 446 1700 Varro
453 1683 551 1707 quoque
559 1674 622 1698 libro
630 1677 655 1698 V.
663 1675 687 1697 ὃ(
694 1675 770 1698 Festus
777 1674 865 1698 docent
873 1690 879 1700 ‚
887 1673 1015 1704 Liviusque
1022 1672 1134 1704 fignificat
1141 1688 1148 1699 ,

373 1706 423 1731 dics
431 1707 543 1739 postridie
550 1714 635 1731 omnes
643 1706 763 1734 Kalendas,
770 1705 919 1732 Nonas,1dus
926 1711 986 1728 atros
993 1703 1036 1728 esse
1044 1703 1136 1728 habitos
1144 1720 1150 1731 ,

373 1745 484 1771 utueque
492 1740 604 1770 praeliares
611 1755 617 1765 ,
631 1745 708 1770 neque
716 1739 780 1770 puri,
795 1743 872 1769 neque
878 1737 1010 1760 comitiales
1016 1735 1096 1760 essent.
1111 1737 1151 1759 ita-

374 1778 421 1803 que
434 1772 501 1803 quod
508 1770 535 1794 ad
542 1771 652 1795 Kalendas
660 1771 755 1797 attinet,
769 1769 922 1801 legiturillud
931 1768 1022 1793 Afranii
1035 1767 1094 1799 apud
1101 1770 1152 1791 No-

375 1804 445 1828 nium
458 1802 499 1827 lib.
507 1805 568 1827 ILn.
576 1811 618 1829 40.
635 1802 767 1834 Septembris
779 1803 825 1824 heri
836 1801 952 1831 IQIendt,
965 1802 1026 1823 hodie
1038 1807 1085 1822 aler
1096 1800 1150 1822 dies.

375 1835 441 1867 quod
449 1834 465 1858 fi
472 1835 523 1858 dies
529 1835 571 1858 atri
578 1833 709 1857 comitiales
716 1841 765 1857 non
774 1832 835 1859 sunt,
842 1839 899 1862 ergo
906 1831 989 1855 diebus
996 1831 1049 1854 atris
1055 1830 1111 1853 ferri
1118 1830 1148 1852 le-

375 1874 431 1898 gem
438 1875 486 1890 uon
494 1866 567 1890 licuit*
587 1867 640 1888 Dies
647 1872 724 1888 aurem
733 1881 739 1891 ,
747 1864 824 1895 quibus
832 1862 1021 1894 mundmpatebat
1028 1879 1033 1889 ‚
1041 1862 1087 1886 alio
1095 1862 1150 1885 loco

376 1898 452 1923 Festus
459 1899 579 1925 nominat,
587 1898 610 1920 δι
619 1898 649 1920 ait
658 1895 724 1920 fuiss‘e
732 1913 738 1923 ‚
751 1895 862 1927 postridie
870 1895 1001 1918 vulcanalia
1010 1896 1062 1921 ‚111.
1070 1896 1151 1917 Nonas

376 1929 466 1954 Ostob.
473 1933 510 1954 Vl.
523 1929 577 1953 ldus
584 1927 702 1952 Novemb.
710 1930 734 1953 δε
741 1926 855 1960 postridie
861 1926 993 1950 volcanalia
1006 1925 1051 1949 fuit
1061 1928 1100 1949 lX.
1109 1928 1149 1949 Ka-

374 1962 453 1986 lendas
460 1961 610 1992 Septembris,
618 1967 739 1992 utapparet
746 1961 772 1983 in
779 1958 918 1983 Kalendario
926 1961 1047 1982 Romano,
1063 1958 1106 1980 l-lis
1113 1956 1150 1980 ad-

374 1994 460 2018 duntur
467 1994 517 2018 dies
524 2010 530 2020 ,
538 1991 795 2024 quibuspenuspatebat:
803 1992 832 2015 de
839 1998 888 2022 quo
896 1989 926 2014 fic
932 1989 1020 2014 Festus:
1035 1991 1105 2012 Penus
1112 1997 1151 2012 vu-

374 2032 436 2049 catur
443 2028 499 2049 locus
505 2026 627 2048 intimiorin
636 2025 674 2046 aede
685 2024 751 2053 Vesta,
761 2022 867 2054 tegetibus
875 2024 964 2053 septus,
978 2021 1023 2052 (fic
1030 2021 1096 2044 enim
1102 2019 1149 2044 for-

376 2056 428 2081 tasse
436 2056 581 2088 legendum)
597 2057 705 2087 quicmis
717 2054 790 2078 diebus
796 2057 849 2078 circa
859 2055 950 2084 Vestalia
957 2054 1061 2084 aperitur.
1075 2053 1093 2075 ii
1105 2054 1150 2076 dies

373 2089 465 2118 religios?
472 2088 584 2112 habemur.
603 2088 688 2111 Vitatos
695 2087 766 2110 etiam
778 2085 928 2118 fiplerisque‚
941 2091 966 2108 ut
973 2085 1063 2108 ominis
1071 2084 1149 2108 adver—

373 2119 398 2145 fi,
407 2122 445 2143 lv.
453 2120 565 2143 Kalendas
572 2119 732 2145 Nonas,1dus:
745 2120 845 2145 Gellius,
857 2119 881 2141 ὃ(
891 2116 1023 2141 Macrobius
1029 2115 1150 2139 tradidere.

373 2157 520 2183 quamquam
534 2151 603 2174 unius
616 2151 690 2174 Gellii
704 2150 765 2174 mihi
778 2150 877 2182 quidem
891 2149 974 2174 sufficit
988 2148 1120 2172 authoritas.
1138 2147 1150 2171 Ξι

374 2189 424 2214 quo
433 2181 591 2208 Macrobium,
600 2183 655 2206 &in
664 2183 776 2209 hoc-lom,
785 2184 808 2205 ἃ
816 2182 871 2205 alibi
878 2181 979 2205 totidem
988 2180 1062 2204 verbis
1069 2180 1151 2204 eadem

374 2215 426 2239 {um
429 2213 492 2246 psiffe
499 2213 594 2236 constat.
612 2214 700 2238 Diebus
708 2220 785 2238 autem
792 2214 833 2238 reli
836 2214 906 2245 giosis
913 2214 1043 2237 exercitum
1050 2211 1150 2236 conscri-

373 2246 438 2274 bere,
448 2245 554 2277 legiones
560 2245 666 2273 educere,
673 2254 755 2270 manus
762 2253 818 2270 cum
824 2246 889 2270 hoste
895 2245 1016 2270 conserere
1024 2261 1030 2272 ,
1038 2243 1152 2276 sponsalia

374 2278 437 2302 inire
444 2293 451 2305 ‚
467 2284 562 2309 peregre
574 2276 689 2308 proficisci
698 2294 704 2305 ,
721 2278 824 2310 denique
838 2277 934 2309 publicae
943 2295 950 2305 ,
963 2277 1001 2302 vel
1013 2277 1104 2308 privatae
1117 2276 1151 2300 rei

374 2309 508 2341 quidquam
519 2308 615 2335 moliri,
628 2310 762 2333 nonlicuit:
775 2309 841 2341 quod
855 2311 891 2335 his
903 2309 986 2334 diebus
999 2307 1104 2333 adversus
1116 2316 1151 2332 re-

375 2348 428 2366 rum
435 2342 512 2366 exitus
518 2340 654 2365 consecutus
661 2340 725 2366 esset.
743 2344 778 2364 De
785 2341 867 2366 diebus
875 2343 929 2366 liaec.
946 2344 1014 2366 Horae
1021 2348 1076 2365 vero
1085 2358 1091 2368 ,
1099 2341 1152 2372 qui-

376 2372 419 2397 bus
426 2374 462 2406 agi
469 2380 524 2399 curn
531 2373 621 2406 populo
627 2371 701 2405 poss'et
709 2390 716 2402 ,
728 2379 814 2398 omues
825 2381 889 2400 erant
896 2376 955 2400 intra
962 2380 1043 2399 ortum
1050 2371 1119 2402 solis,
1128 2374 1154 2397 ὃ(

1129 95 1395 132 ΜΑΝιᾞτ

1436 111 1446 130 1
1485 108 1495 129 1

1171 148 1279 174 occasum
1287 166 1293 177 ‚
1309 149 1407 181 reliquis
1414 155 1463 172 non
1471 145 1562 171 licebat.
1576 152 1629 172 ante
1636 148 1739 180 primam
1749 151 1816 177 enim
1823 152 1904 180 horam
1911 157 1949 183 ni.

1173 182 1208 205 hil
1214 183 1250 213 agi
1258 181 1348 206 licuisse
1354 187 1411 204 cum
1418 179 1518 212 populo,
1526 186 1581 203 cum
1588 181 1619 204 ait
1627 182 1674 205 Dio
1681 182 1706 206 in
1714 190 1821 208 extremo
1829 186 1870 210 lib.
1883 188 1910 211 λθ

1177 222 1185 238 r
1192 222 1229 237 20.
1238 217 1266 237 D.
1273 221 1322 237 non
1330 213 1438 244 explano,
1446 218 1498 235 ante
1505 212 1606 243 primam
1613 211 1696 237 boram
1703 217 1807 241 Romani
1814 218 1861 242 diei
1870 236 1876 247 ‚
1883 198 1949 250 cujgs'

1173 246 1270 269 initium
1277 243 1290 269 a
1297 246 1376 269 media
1384 244 1452 268 nocte
1460 242 1598 271 sumebatur,
1607 243 1654 273 sed,
1663 247 1796 272 antelucem
1805 266 1812 276 ,
1819 256 1871 274 ame
1881 259 1947 277 aui-0-

1173 285 1230 301 ram.
1242 278 1308 309 quod
1322 276 1369 308 ipse
1381 283 1479 308 quoque
1492 277 1540 300 Dio
1553 275 1581 300 fic
1593 277 1770 308 interpretatur,
1787 280 1824 304 his
1831 282 1918 307 verbis:
1936 284 1946 308 6

1175 308 1264 336 saladini,-
1281 308 1290 331 ὀ
1304 309 1400 339 Sapit&
1413 308 1485 340 κςύφα
1501 307 1544 336 ,(5ιῇ
1553 308 1600 332 irruat)
1612 308 1660 331 'thu‘
1676 308 1704 332 ’έω
1719 314 1839 343 §eun-ny&
1851 314 1889 338 ’τὸν
1902 316 1946 347 φῆ.

1175 341 1212 370 φόν
1225 349 1285 363 τισιν
1298 342 1379 364 Mona:
1398 344 1478 372 καὶτες
1493 340 1521 362 ἐκ
1533 339 1580 371 ἷξον
1592 341 1619 364 ἐκ,
1632 339 1675 363 (τῶν
1687 342 1755 370 visam
1765 360 1771 370 ,
1786 344 1842 373 τείν
1854 348 1943 378 „3573”-

1173 373 1231 402 123ng
1242 372 1322 404 γενὲιέζς
1333 389 1339 399 ‚
1357 372 1377 395 ὲν
1397 381 1429 402 ’τῳ
1443 372 1508 401 δήμῳ
1521 371 1545 395 τὶ
1558 373 1766 404 χςκματισθίώαι.
1789 376 1875 407 Sergius
1889 380 1946 413 §al-

1176 404 1202 426 ba
1214 404 1317 435 suffragia
1328 403 1456 434 quibusdam
1463 403 1610 432 subarator-zm
1619 421 1625 431 ,
1641 406 1680 436 '¹‘st
1690 411 1735 436 tege
1747 414 1901 436 tantumn-at,
1920 420 1946 434 ne

1177 437 1368 468 qcudcumpopulo
1375 441 1425 457 ante
1434 435 1529 465 primam
1537 436 1610 457 horam
1623 443 1721 466 agererur
1729 453 1736 464 ‚
1757 439 1824 463 dedu.
1843 441 1915 471 Qud
1929 441 1945 467 fi

1177 474 1226 491 non
1234 474 1286 491 ante
1294 468 1403 498 primam,
1411 464 1521 497 sequitur,
1531 472 1557 489 ur
1563 473 1606 490 nec
1613 468 1663 498 post
1670 475 1807 496 extremam,
1817 471 1840 494 id
1846 473 1877 496 est
1883 480 1935 498 eam

1177 507 1227 531 qua:
1234 499 1300 523 diem
1308 499 1408 525 claudit,
1423 498 1459 528 agi
1465 504 1519 532 cum
1527 499 1615 528 populo
1621 499 1725 523 licuerit:
1739 500 1854 533 siquidem
1868 491 1948 536 neque

1175 530 1303 563 vespertina
1311 533 1331 555 S.
1339 533 1368 554 C.
1377 536 1419 553 rata
1427 529 1492 553 suisse
1500 545 1507 555 ‚
1521 536 1598 560 neque
1604 532 1695 560 pretori
1703 532 1753 557 urb.
1768 534 1802 563 jus
1809 535 1886 560 dicere
1893 537 1945 568 post

1175 561 1231 587 solis
1238 560 1439 587 occasumlicuisse
1448 578 1454 587 ‚
1468 560 1581 584 traditum
1593 561 1625 585 est
1637 561 1773 588 &Cicerone
1785 567 1810 590 in
1820 567 1947 600 Philippica

1173 597 1202 619 11.
1210 596 1233 618 ὃ(
1241 594 1253 618 a
1261 594 1394 618 Censorino
1402 593 1430 616 de
1437 593 1477 616 die
1484 593 1552 616 natali
1561 609 1567 620 ,
1580 593 1636 616 sicut
1643 595 1714 624 igitur
1721 603 1769 620 non
1776 599 1889 623 omnibus
1896 600 1946 624 die-

1174 626 1217 650 bus
1224 627 1281 650 ferre
1287 628 1366 659 legem
1374 625 1457 649 licebat
1465 642 1470 652 ,
1479 626 1509 648 ita
1516 631 1558 648 nec
1565 625 1677 649 omnibus
1684 626 1760 651 horis:
1773 629 1858 660 quibus
1865 639 1944 657 autem

1175 658 1247 687 horis,
1256 659 1284 683 iis
1291 660 1320 683 ita
1328 659 1420 685 licebat,
1427 657 1442 680 si
1450 663 1527 688 neque
1537 655 1636 688 fulgeret
1642 658 1742 689 Jupiter,
1749 667 1826 693 neque
1832 669 1932 688 tonaret.

1412 722 1437 750 C
1458 731 1474 749 A
1497 731 1511 748 ν
1530 730 1549 748 u
1569 731 1586 749 τ
1627 722 1715 751 XLI.

1299 783 1344 809 De
1355 779 1432 820 caufis
1443 801 1451 816 ‚
1477 779 1505 808 ob
1521 790 1586 821 quar
1601 780 1665 819 leges
1681 781 1738 809 lata
1751 781 1825 816 fimt-

1178 847 1249 908 N
1257 854 1302 871 unc
1308 847 1338 871 de
1343 847 1412 871 caufis
1419 855 1526 880 agamus:
1540 857 1590 882 quae
1598 850 1644 882 ipsa
1651 858 1749 882 quoque
1760 850 1831 877 nostri
1842 851 1950 883 promiffi

1227 910 1230 913 Ι
1247 901 1257 909 N
1271 887 1320 910 pars
1327 879 1368 903 esl-
1384 882 1525 912 Acorruptis
1538 883 1646 906 moribus
1659 883 1756 906 manafle
1768 883 1831 914 leges
1840 900 1846 911 ,
1858 884 1950 907 nemini

1175 909 1275 934 dubium
1283 911 1323 934 est.
1338 918 1391 934 nam
1399 928 1405 938 ,
1414 912 1454 935 ubi
1462 913 1610 938 continenter
1617 916 1641 937 δι
1650 913 1726 938 sobrie
1734 915 1819 937 vivitur
1827 931 1832 941 ‚
1846 915 1886 938 ubi
1892 915 1951 939 coli-

1176 943 1291 977 turpieias
1298 959 1304 968 ‚
1313 942 1352 966 ubi
1361 943 1449 972 justitia:
1456 944 1522 968 locus
1529 944 1560 968 est
1568 961 1574 972 ,
1589 944 1702 977 quorsum
1710 945 1743 969 ibi
1751 947 1787 968 lex
1795 946 1892 970 feratur?
1907 954 1950 970 nec

1177 972 1234 996 sanis
1241 974 1378 1005 corporibus
1386 975 1475 1005 quaefita
1483 977 1597 1000 medicina
1604 977 1635 1001 est
1644 986 1649 1000 ;
1659 985 1709 1003 nec,
1718 978 1848 1009 quileniier
1857 979 1880 1002 ὃς
1888 977 1952 1002 seda-

1177 1010 1202 1039 to
1209 1004 1273 1028 cursu
1281 1013 1360 1029 amnes
1367 1006 1465 1030 fluerent
1472 1023 1478 1033 ,
1487 1006 1526 1030 sed
1533 1008 1633 1032 incitatis
1641 1026 1646 1036 ,
1654 1016 1764 1040 extraque
1772 1010 1831 1041 ripas
1841 1010 1950 1034 diffluen-

1177 1035 1238 1059 tibus
1252 1044 1344 1073 aggeres
1356 1037 1451 1065 objecti.
1469 1045 1492 1060 ac
1500 1039 1644 1063 vetustissimi
1652 1041 1804 1069 mortalium,
1816 1042 1909 1073 prorsus
1921 1049 1949 1065 o-

1175 1074 1258 1103 mnem
1265 1076 1315 1104 yim
1324 1085 1330 1096 ,
1344 1075 1413 1100 atque
1420 1076 1521 1093 omnem
1533 1070 1618 1094 luxum
1630 1072 1765 1102 ignorantes
1773 1089 1780 1100 ‚
1798 1075 1950 1105 tranquillam

1175 1106 1256 1127 vitam,
1263 1099 1310 1131 ipsa
1317 1107 1394 1124 natura
1401 1101 1466 1128 duce,
1474 1101 1593 1128 vivebant.
1603 1103 1736 1134 posterupit
1743 1104 1834 1133 injuria,
1843 1106 1876 1132 &,
1883 1105 1952 1137 quod

1175 1130 1370 1168 quisquepotuit,
1377 1133 1401 1156 id
1408 1132 1508 1164 quisque
1515 1134 1583 1161 velle,
1592 1135 1695 1165 neglecta
1701 1135 1800 1161 ratione,
1807 1137 1887 1166 coepit.
1896 1143 1953 1161 tune

1177 1165 1301 1188 necessario
1308 1165 1371 1196 leges
1377 1164 1461 1191 latae,&
1469 1165 1550 1193 inicam
1557 1167 1657 1190 licentia:
1664 1166 1725 1198 quasi
1733 1166 1866 1198 frena‚quae,
1874 1168 1890 1192 si
1897 1170 1953 1199 quis

1177 1195 1238 1220 reete
1245 1203 1311 1227 agere
1318 1196 1354 1220 sua
1361 1196 1444 1227 sponte
1451 1198 1538 1223 nollet,
1556 1206 1611 1222 eum
1619 1206 1695 1230 poenae
1701 1205 1766 1222 metu
1774 1199 1799 1222 in
1807 1198 1888 1222 officio
1896 1207 1955 1224 con-

1177 1228 1286 1251 tinerent.
1299 1229 1390 1260 itaque,
1403 1228 1563 1253 conservandae
1570 1230 1730 1262 augendaeque
1737 1230 1903 1255 civitatiscausa
1911 1249 1917 1258 ‚
1928 1233 1953 1256 Sc

1177 1266 1202 1282 ut
1215 1259 1271 1284 effer
1283 1259 1342 1284 bene
1355 1260 1451 1284 vivendi
1464 1268 1547 1285 norma
1555 1278 1561 1288 ,
1577 1262 1657 1293 legem
1672 1262 1792 1286 inventam
1804 1278 1810 1288 ‚
1829 1263 1952 1288 manifeste

1176 1291 1334 1323 cognoscitur.
1348 1299 1425 1324 neque
1432 1293 1512 1316 minus
1521 1293 1548 1316 ad
1556 1293 1618 1317 hunc
1624 1293 1697 1317 finem
1705 1293 1846 1325 spestarunt,
1863 1302 1914 1326 qux
1922 1296 1952 1320 de

1178 1324 1302 1354 religione,
1310 1331 1382 1356 quam
1390 1332 1440 1355 quce
1447 1324 1476 1348 de
1484 1324 1548 1348 bello
1555 1326 1617 1356 leges
1624 1326 1671 1349 lata:
1679 1324 1738 1350 sunt.
1748 1325 1840 1357 quaesita
1846 1327 1918 1357 pietas
1928 1328 1954 1352 in

1179 1355 1236 1379 deos
1249 1356 1342 1379 videtur
1350 1373 1356 1383 ‚
1371 1356 1461 1388 quaesita
1469 1358 1560 1388 populo
1569 1359 1625 1381 volu
1644 1364 1674 1381 tas
1683 1374 1688 1384 ,
1709 1364 1732 1382 ut
1745 1358 1769 1381 in
1778 1357 1853 1381 ludis:
1870 1360 1953 1383 omnia

1179 1394 1258 1411 tamen
1265 1388 1292 1411 ad
1299 1388 1417 1420 publicam
1425 1389 1551 1413 utilitatem
1557 1366 1724 1413 referebantur.
1740 1390 1804 1417 cujus
1811 1396 1887 1414 autem
1894 1391 1955 1422 legis

1179 1419 1260 1443 vitiosa
1269 1427 1292 1443 ac
1301 1421 1374 1451 turpis
1380 1420 1449 1451 origo
1457 1421 1483 1444 [it
1491 1437 1497 1448 ‚
1512 1421 1581 1444 calex
1588 1421 1734 1445 nominanda
1748 1429 1795 1445 non
1803 1421 1843 1445 est.
1860 1424 1955 1446 namle-

1179 1452 1216 1487 gis
1228 1451 1289 1474 causti
1302 1452 1385 1480 justitia
1393 1469 1399 1479 ‚
1417 1453 1441 1475 &
1448 1452 1486 1476 leit
1498 1451 1544 1483 ipsa
1557 1453 1611 1481 justa
1622 1461 1646 1477 ac
1658 1453 1732 1476 saneta
1746 1452 1815 1476 debet
1827 1452 1880 1477 eise·
1896 1454 1953 1478 inde

1179 1490 1245 1507 enim
1254 1482 1375 1513 publicum
1384 1484 1662 1508 exoriturcommodum.
1673 1485 1794 1515 publicum
1801 1485 1865 1511 dico,
1872 1485 1895 1508 E<
1903 1493 1953 1517 quo

1179 1515 1286 1538 munitur
1293 1515 1422 1545 imperium
1431 1514 1537 1538 adversus
1544 1515 1654 1539 hostilem
1661 1517 1709 1539 vim
1720 1532 1726 1543 ,
1737 1517 1759 1538 &
1768 1523 1817 1546 quo
1825 1517 1908 1546 privati
1922 1519 1955 1540 ci-

1180 1553 1230 1572 ves,
1248 1545 1284 1568 sua
1292 1545 1392 1577 quisque
1399 1545 1474 1572 bona,
1488 1545 1555 1569 suum
1568 1547 1668 1578 quisque
1678 1548 1725 1575 jus,
1738 1546 1842 1570 adversus
1854 1549 1955 1579 privato-

1180 1585 1233 1601 rum
1241 1577 1334 1606 injurias
1343 1584 1446 1602 tuentur.
1459 1578 1524 1609 quod
1533 1577 1547 1601 si
1556 1578 1633 1602 hocin
1642 1579 1711 1602 omni
1720 1579 1779 1602 bene
1786 1579 1889 1603 instituta
1897 1581 1955 1605 civi-

1181 1616 1226 1633 tate
1234 1625 1239 1635 ‚
1247 1609 1325 1632 multo
1334 1610 1407 1640 magis
1415 1609 1545 1641 agnoscitur
1552 1610 1577 1633 in
1585 1611 1701 1641 republica
1708 1612 1828 1634 Romana:
1838 1618 1888 1641 qua:
1896 1612 1955 1637 dum

1181 1641 1281 1671 optimis
1293 1641 1385 1671 legibus
1397 1647 1461 1672 paret
1468 1657 1474 1667 ‚
1488 1642 1559 1664 malas
1566 1648 1643 1665 autem
1650 1642 1686 1666 vel
1694 1641 1788 1672 abrogat
1795 1641 1906 1673 suffragiis
1913 1651 1956 1675 po-

1181 1673 1241 1703 puli,
1248 1672 1284 1695 vel
1292 1673 1355 1695 tollit
1363 1675 1383 1696 S.
1392 1674 1422 1696 C.
1430 1671 1514 1696 orbem
1521 1679 1633 1697 terrarum
1640 1681 1704 1705 paene
1711 1673 1844 1697 universum
1853 1674 1957 1706 imperio

1181 1704 1370 1735 comprehendit.
1383 1711 1482 1735 quaeque
1493 1704 1597 1728 civitates
1609 1712 1646 1729 aut
1654 1706 1724 1729 malas
1736 1705 1800 1737 leges
1812 1705 1950 1735 habuerunt,

1181 1736 1294 1760 :turbonis
1302 1736 1420 1760 nonreste
1433 1736 1484 1760 sunt
1492 1734 1549 1760 usae:
1562 1737 1610 1761 aliae
1621 1738 1642 1761 vi
1651 1745 1759 1764 externa,
1772 1738 1820 1760 aliae
1828 1736 1955 1762 domestica

1180 1769 1297 1792 leditione
1307 1768 1471 1792 conciderunt.
1491 1768 1557 1799 quod
1571 1770 1595 1792 ὅ(
1607 1769 1667 1801 apud
1681 1776 1768 1793 veteres
1780 1767 1837 1800 sape
1850 1770 1954 1795 accidisse

1180 1801 1282 1832 legimus
1288 1816 1296 1828 ,
1307 1800 1332 1824 ὅ(
1339 1799 1414 1824 nostra
1421 1807 1470 1823 non
1477 1798 1549 1824 semel
1558 1801 1693 1832 tempestate
1700 1801 1814 1825 vidimus.

1404 1863 1428 1890 C
1449 1872 1465 1890 A
1486 1872 1500 1890 Ρ
1521 1871 1539 1889 υ
1561 1873 1578 1891 τ
1619 1865 1645 1891 X
1658 1864 1732 1893 LII.

1355 1924 1396 1950 De
1410 1919 1531 1959 potestate
1552 1921 1634 1960 legum
1654 1921 1778 1951 latarum.

1224 1986 1312 2019 uperest
1325 1985 1354 2010 de
1362 1985 1473 2018 potestate
1483 1987 1550 2018 legis.
1564 1993 1601 2015 ea,
1620 1989 1745 2019 quaeritur,
1757 1987 1862 2019 primum
1876 1995 1956 2014 utrum

1237 2020 1339 2043 maxima
1348 2035 1354 2046 ,
1362 2019 1448 2042 deinde
1455 2036 1461 2046 ‚
1469 2018 1485 2042 si
1493 2020 1595 2042 maxima
1603 2035 1609 2046 ,
1623 2025 1702 2043 utrum
1709 2026 1825 2051 perpetua.
1839 2022 1905 2051 quod
1911 2029 1956 2052 pro

1182 2051 1257 2076 nostra
1264 2051 1433 2075 consuetudine
1439 2050 1539 2074 breviter
1546 2050 1704 2074 ostendemus.
1717 2054 1769 2075 Erat
1775 2052 1800 2075 in
1807 2052 1858 2083 lege
1865 2050 1956 2077 summa

1183 2084 1218 2107 vis
1227 2100 1233 2110 ‚
1250 2091 1300 2108 non
1313 2081 1405 2110 solum,
1421 2083 1474 2114 quia
1481 2089 1511 2105 eo
1520 2082 1585 2113 quod
1599 2083 1705 2114 eratlege
1718 2082 1845 2110 sancitum,
1859 2085 1958 2115 quirites

1183 2123 1266 2139 ornnes
1273 2114 1423 2141 tenebantur,
1440 2114 1506 2145 quod
1514 2114 1586 2138 tribus
1593 2114 1696 2145 legibus,
1710 2123 1754 2139 uns
1761 2114 1884 2139 consulari
1893 2117 1958 2140 Vale-

1182 2148 1214 2171 ria
1222 2147 1316 2171 Horatia
1325 2164 1332 2173 ,
1340 2146 1428 2170 duabus
1435 2146 1569 2170 Distatoriis
1577 2163 1583 2173 ‚
1591 2147 1689 2170 Publilia
1696 2164 1702 2174 ‚
1710 2149 1734 2172 δε
1744 2146 1864 2171 Hortensia
1871 2164 1878 2174 ,
1885 2147 1958 2172 sanci-

1184 2185 1236 2202 tum
1244 2178 1308 2210 supra
1317 2178 1421 2202 diximus
1429 2179 1519 2209 (paucas
1526 2184 1603 2202 tamen
1611 2179 1713 2211 excipiO,
1721 2179 1807 2210 quibus
1815 2186 1864 2202 non
1871 2186 1957 2204 omnes

1183 2212 1250 2243 plane
1262 2212 1324 2234 cives
1335 2209 1547 2241 obstringebantur:
1562 2218 1611 2242 quo
1624 2211 1653 2234 de
1660 2218 1744 2242 genere
1756 2210 1822 2234 fuiss‘e
1834 2211 1911 2242 legem
1925 2212 1956 2236 de

1182 2242 1327 2274 repetundis,
1338 2243 1383 2272 jam
1390 2242 1546 2266 ostendimus:
1557 2243 1601 2266 lata
1608 2243 1671 2266 enim
1679 2242 1710 2267 est
1716 2243 1767 2275 post
1773 2243 1824 2266 illas
1830 2248 1883 2270 tres,
1890 2245 1956 2267 Con-

1185 2274 1282 2300 sularem
1290 2282 1368 2302 unam,
1376 2274 1514 2298 Distatorias
1521 2274 1576 2298 duas
1584 2292 1590 2302 ,
1598 2274 1611 2298 {i
1617 2274 1686 2298 nobis
1694 2275 1803 2306 proxime
1810 2275 1956 2299 nominatas:

1185 2308 1209 2331 &
1218 2325 1225 2336 ,
1237 2307 1397 2339 quodcunque
1402 2305 1546 2338 postremum
1553 2307 1653 2338 populus
1666 2306 1726 2335 jussit
1733 2323 1740 2334 ‚
1754 2306 1779 2330 id
1791 2307 1826 2335 ius
1832 2312 1954 2338 ratumque

1185 2339 1229 2364 effe
1236 2342 1284 2364 ΧΠ.
1293 2338 1363 2363 tabul¹
1376 2339 1428 2370 lege
1435 2337 1546 2362 sancitum
1554 2338 1602 2369 est)
1615 2339 1772 2363 verumetiam
1782 2356 1788 2365 ‚
1795 2339 1849 2370 quia
1856 2344 1904 2361 non
1912 2355 1918 2365 ,
1928 2345 1954 2362 ut

1185 2372 1288 2404 putoris
1300 2370 1405 2397 edietum
1413 2387 1420 2400 ,
1435 2370 1494 2396 item
1501 2371 1539 2396 lex
1546 2377 1624 2396 annuo
1636 2370 1710 2402 spatio
1721 2369 1899 2396 terminabatur,
1907 2368 1955 2405 *sed

1889 2408 1955 2433 vige-
