<?xml version="1.0" encoding="UTF-8"?>
<!DOCTYPE html PUBLIC "-//W3C//DTD XHTML 1.0 Transitional//EN"
    "http://www.w3.org/TR/xhtml1/DTD/xhtml1-transitional.dtd">
<html xmlns="http://www.w3.org/1999/xhtml" xml:lang="en" lang="en">
 <head>
  <title>
</title>
<meta http-equiv="Content-Type" content="text/html;charset=utf-8" />
  <meta name='ocr-system' content='tesseract 3.04.00' />
  <meta name='ocr-capabilities' content='ocr_page ocr_carea ocr_par ocr_line ocrx_word'/>
</head>
<body>
  <div class='ocr_page' id='page_1' title='image "./johannisrosinian00rosi/johannisrosinian00rosi_0588.png"; bbox 0 0 2075 2734; ppageno 0'>
   <div class='ocr_carea' id='block_1_1' title="bbox 407 92 1721 138">
    <p class='ocr_par' dir='ltr' id='par_1_1' title="bbox 407 92 1721 138">
     <span class='ocr_line' id='line_1_1' title="bbox 407 92 1721 138; baseline -0.001 -16"><span class='ocrx_word' id='word_1_1' title='bbox 407 107 462 138; x_wconf 73' lang='lat'>554</span> <span class='ocrx_word' id='word_1_2' title='bbox 684 92 1721 128; x_wconf 61' lang='lat' dir='ltr'>AuriQuirArurikoMAuanumLimvlll.</span> 
     </span>
    </p>
   </div>
   <div class='ocr_carea' id='block_1_2' title="bbox 408 140 2004 1174">
    <p class='ocr_par' dir='ltr' id='par_1_2' title="bbox 408 140 1996 223">
     <span class='ocr_line' id='line_1_2' title="bbox 409 140 1996 182; baseline 0.002 -9"><span class='ocrx_word' id='word_1_3' title='bbox 409 154 500 175; x_wconf 78' lang='lat' dir='ltr'>tamen</span> <span class='ocrx_word' id='word_1_4' title='bbox 513 143 554 173; x_wconf 90' lang='lat' dir='ltr'>vel</span> <span class='ocrx_word' id='word_1_5' title='bbox 567 144 698 181; x_wconf 85' lang='lat' dir='ltr'>praecipua</span> <span class='ocrx_word' id='word_1_6' title='bbox 710 142 776 174; x_wconf 85' lang='lat' dir='ltr'>fuit,</span> <span class='ocrx_word' id='word_1_7' title='bbox 796 142 869 180; x_wconf 90' lang='lat' dir='ltr'>quod</span> <span class='ocrx_word' id='word_1_8' title='bbox 881 140 896 170; x_wconf 73' lang='grc' dir='ltr'>ὲ</span> <span class='ocrx_word' id='word_1_9' title='bbox 911 142 987 170; x_wconf 81' lang='lat' dir='ltr'>malis</span> <span class='ocrx_word' id='word_1_10' title='bbox 1002 145 1028 172; x_wconf 70' lang='grc' dir='ltr'>ὃ(</span> <span class='ocrx_word' id='word_1_11' title='bbox 1043 142 1175 179; x_wconf 84' lang='lat' dir='ltr'>corruptis</span> <span class='ocrx_word' id='word_1_12' title='bbox 1189 141 1309 170; x_wconf 86' lang='lat' dir='ltr'>moribus</span> <span class='ocrx_word' id='word_1_13' title='bbox 1321 140 1372 170; x_wconf 85' lang='lat' dir='ltr'>illae</span> <span class='ocrx_word' id='word_1_14' title='bbox 1386 143 1530 171; x_wconf 78' lang='lat' dir='ltr'><strong>manarint.</strong></span> <span class='ocrx_word' id='word_1_15' title='bbox 1549 141 1654 179; x_wconf 87' lang='lat' dir='ltr'>Absque</span> <span class='ocrx_word' id='word_1_16' title='bbox 1668 143 1708 171; x_wconf 87' lang='lat' dir='ltr'>his</span> <span class='ocrx_word' id='word_1_17' title='bbox 1716 145 1789 174; x_wconf 89' lang='lat' dir='ltr'>enim</span> <span class='ocrx_word' id='word_1_18' title='bbox 1798 155 1846 174; x_wconf 83' lang='lat' dir='ltr'>non</span> <span class='ocrx_word' id='word_1_19' title='bbox 1853 154 1912 182; x_wconf 78' lang='lat' dir='ltr'>opus</span> <span class='ocrx_word' id='word_1_20' title='bbox 1919 147 1996 178; x_wconf 71' lang='lat' dir='ltr'>fuiffe</span> 
     </span>
     <span class='ocr_line' id='line_1_3' title="bbox 408 179 1766 223; baseline 0 -13"><span class='ocrx_word' id='word_1_21' title='bbox 408 183 511 223; x_wconf 74' lang='lat' dir='ltr'>legibus.</span> <span class='ocrx_word' id='word_1_22' title='bbox 531 183 624 219; x_wconf 89' lang='lat' dir='ltr'>Itaque</span> <span class='ocrx_word' id='word_1_23' title='bbox 637 189 666 210; x_wconf 93' lang='lat' dir='ltr'>ut</span> <span class='ocrx_word' id='word_1_24' title='bbox 681 180 744 209; x_wconf 84' lang='lat' dir='ltr'>esset</span> <span class='ocrx_word' id='word_1_25' title='bbox 755 179 824 209; x_wconf 89' lang='lat' dir='ltr'>bene</span> <span class='ocrx_word' id='word_1_26' title='bbox 836 181 946 209; x_wconf 88' lang='lat' dir='ltr'>vivendi</span> <span class='ocrx_word' id='word_1_27' title='bbox 957 191 1070 214; x_wconf 87' lang='lat' dir='ltr'>norma,</span> <span class='ocrx_word' id='word_1_28' title='bbox 1089 181 1178 217; x_wconf 86' lang='lat' dir='ltr'>legem</span> <span class='ocrx_word' id='word_1_29' title='bbox 1192 182 1332 210; x_wconf 86' lang='lat' dir='ltr'>inventam</span> <span class='ocrx_word' id='word_1_30' title='bbox 1346 180 1412 212; x_wconf 83' lang='lat' dir='ltr'>effe,</span> <span class='ocrx_word' id='word_1_31' title='bbox 1432 180 1571 209; x_wconf 77' lang='lat' dir='ltr'>manifeste</span> <span class='ocrx_word' id='word_1_32' title='bbox 1587 181 1766 219; x_wconf 81' lang='lat' dir='ltr'>cognoscitur.</span> 
     </span>
    </p>

    <p class='ocr_par' dir='ltr' id='par_1_3' title="bbox 411 217 2000 717">
     <span class='ocr_line' id='line_1_4' title="bbox 449 217 1994 263; baseline 0.002 -15"><span class='ocrx_word' id='word_1_33' title='bbox 449 226 546 259; x_wconf 85' lang='lat' dir='ltr'><em>Legum</em></span> <span class='ocrx_word' id='word_1_34' title='bbox 558 218 663 257; x_wconf 75' lang='lat' dir='ltr'>potestas</span> <span class='ocrx_word' id='word_1_35' title='bbox 682 219 737 247; x_wconf 84' lang='lat' dir='ltr'>haec</span> <span class='ocrx_word' id='word_1_36' title='bbox 753 218 820 251; x_wconf 85' lang='lat' dir='ltr'>fuit,</span> <span class='ocrx_word' id='word_1_37' title='bbox 839 228 869 248; x_wconf 94' lang='lat' dir='ltr'>ut</span> <span class='ocrx_word' id='word_1_38' title='bbox 884 229 932 252; x_wconf 91' lang='lat' dir='ltr'>eo,</span> <span class='ocrx_word' id='word_1_39' title='bbox 953 221 1025 257; x_wconf 90' lang='lat' dir='ltr'>quod</span> <span class='ocrx_word' id='word_1_40' title='bbox 1047 228 1102 248; x_wconf 90' lang='lat' dir='ltr'>erat</span> <span class='ocrx_word' id='word_1_41' title='bbox 1116 219 1217 257; x_wconf 80' lang='lat' dir='ltr'>legibus</span> <span class='ocrx_word' id='word_1_42' title='bbox 1230 219 1360 249; x_wconf 76' lang='lat' dir='ltr'>sancitum</span> <span class='ocrx_word' id='word_1_43' title='bbox 1372 241 1379 252; x_wconf 90' lang='lat'><strong><em>‚</em></strong></span> <span class='ocrx_word' id='word_1_44' title='bbox 1399 229 1495 248; x_wconf 82' lang='lat' dir='ltr'>omnes</span> <span class='ocrx_word' id='word_1_45' title='bbox 1506 217 1615 259; x_wconf 73' lang='lat' dir='ltr'><em>quirites</em></span> <span class='ocrx_word' id='word_1_46' title='bbox 1629 228 1783 249; x_wconf 83' lang='lat' dir='ltr'>tenerentur</span> <span class='ocrx_word' id='word_1_47' title='bbox 1797 242 1804 254; x_wconf 86' lang='lat'><strong>‚</strong></span> <span class='ocrx_word' id='word_1_48' title='bbox 1824 231 1906 260; x_wconf 85' lang='lat' dir='ltr'>utque</span> <span class='ocrx_word' id='word_1_49' title='bbox 1920 225 1994 263; x_wconf 83' lang='lat' dir='ltr'>vige.</span> 
     </span>
     <span class='ocr_line' id='line_1_5' title="bbox 411 256 1995 297; baseline 0 -7"><span class='ocrx_word' id='word_1_50' title='bbox 411 267 471 289; x_wconf 88' lang='lat' dir='ltr'>rent</span> <span class='ocrx_word' id='word_1_51' title='bbox 485 258 566 297; x_wconf 88' lang='lat' dir='ltr'>usque</span> <span class='ocrx_word' id='word_1_52' title='bbox 579 259 644 286; x_wconf 89' lang='lat' dir='ltr'>dum</span> <span class='ocrx_word' id='word_1_53' title='bbox 658 257 708 287; x_wconf 86' lang='lat' dir='ltr'>alia</span> <span class='ocrx_word' id='word_1_54' title='bbox 721 256 780 294; x_wconf 83' lang='lat' dir='ltr'>lege</span> <span class='ocrx_word' id='word_1_55' title='bbox 794 258 986 296; x_wconf 86' lang='lat' dir='ltr'>abrogarentur</span> <span class='ocrx_word' id='word_1_56' title='bbox 998 280 1005 290; x_wconf 91' lang='lat'>,</span> <span class='ocrx_word' id='word_1_57' title='bbox 1030 269 1081 287; x_wconf 89' lang='lat' dir='ltr'>nec</span> <span class='ocrx_word' id='word_1_58' title='bbox 1094 267 1177 295; x_wconf 89' lang='lat' dir='ltr'>parvo</span> <span class='ocrx_word' id='word_1_59' title='bbox 1190 257 1274 295; x_wconf 81' lang='lat' dir='ltr'>spatio</span> <span class='ocrx_word' id='word_1_60' title='bbox 1287 259 1496 286; x_wconf 85' lang='lat' dir='ltr'>terminarentur</span> <span class='ocrx_word' id='word_1_61' title='bbox 1507 279 1513 290; x_wconf 85' lang='lat'><em>‚</em></span> <span class='ocrx_word' id='word_1_62' title='bbox 1539 265 1583 286; x_wconf 84' lang='lat' dir='ltr'>aut</span> <span class='ocrx_word' id='word_1_63' title='bbox 1600 267 1691 286; x_wconf 84' lang='lat' dir='ltr'>annuae</span> <span class='ocrx_word' id='word_1_64' title='bbox 1705 267 1810 288; x_wconf 82' lang='lat' dir='ltr'>tantum</span> <span class='ocrx_word' id='word_1_65' title='bbox 1825 262 1906 292; x_wconf 72' lang='lat' dir='ltr'>essent</span> <span class='ocrx_word' id='word_1_66' title='bbox 1919 284 1927 295; x_wconf 98' lang='lat'>,</span> <span class='ocrx_word' id='word_1_67' title='bbox 1955 265 1995 292; x_wconf 88' lang='lat' dir='ltr'>uti</span> 
     </span>
     <span class='ocr_line' id='line_1_6' title="bbox 411 294 1996 336; baseline 0.002 -10"><span class='ocrx_word' id='word_1_68' title='bbox 411 307 557 336; x_wconf 77' lang='lat' dir='ltr'>praetorum</span> <span class='ocrx_word' id='word_1_69' title='bbox 578 297 673 326; x_wconf 73' lang='lat' dir='ltr'>edie&#39;ta.</span> <span class='ocrx_word' id='word_1_70' title='bbox 703 294 830 333; x_wconf 72' lang='lat' dir='ltr'>Abrogari&#39;</span> <span class='ocrx_word' id='word_1_71' title='bbox 850 304 942 325; x_wconf 82' lang='lat' dir='ltr'>tamen</span> <span class='ocrx_word' id='word_1_72' title='bbox 955 306 1050 325; x_wconf 88' lang='lat' dir='ltr'>omnes</span> <span class='ocrx_word' id='word_1_73' title='bbox 1063 297 1158 325; x_wconf 78' lang='lat' dir='ltr'>licebat</span> <span class='ocrx_word' id='word_1_74' title='bbox 1169 304 1264 333; x_wconf 88' lang='lat' dir='ltr'>praeter</span> <span class='ocrx_word' id='word_1_75' title='bbox 1275 297 1399 330; x_wconf 67' lang='lat' dir='ltr'>fiicrataa.</span> <span class='ocrx_word' id='word_1_76' title='bbox 1432 298 1547 325; x_wconf 87' lang='lat' dir='ltr'>Cautum</span> <span class='ocrx_word' id='word_1_77' title='bbox 1570 305 1660 324; x_wconf 91' lang='lat' dir='ltr'>autem</span> <span class='ocrx_word' id='word_1_78' title='bbox 1682 294 1738 325; x_wconf 69' lang='lat' dir='ltr'>erit</span> <span class='ocrx_word' id='word_1_79' title='bbox 1750 307 1814 325; x_wconf 83' lang='lat' dir='ltr'>xii.</span> <span class='ocrx_word' id='word_1_80' title='bbox 1828 298 1919 328; x_wconf 66' lang='lat' dir='ltr'>tabulis</span> <span class='ocrx_word' id='word_1_81' title='bbox 1932 322 1938 332; x_wconf 94' lang='lat'>,</span> <span class='ocrx_word' id='word_1_82' title='bbox 1965 309 1996 329; x_wconf 86' lang='lat' dir='ltr'>ut</span> 
     </span>
     <span class='ocr_line' id='line_1_7' title="bbox 411 333 1999 376; baseline 0 -12"><span class='ocrx_word' id='word_1_83' title='bbox 411 337 484 376; x_wconf 89' lang='lat' dir='ltr'>quod</span> <span class='ocrx_word' id='word_1_84' title='bbox 499 336 664 372; x_wconf 81' lang='lat' dir='ltr'>postremum</span> <span class='ocrx_word' id='word_1_85' title='bbox 679 333 791 371; x_wconf 88' lang='lat' dir='ltr'>populus</span> <span class='ocrx_word' id='word_1_86' title='bbox 803 335 928 371; x_wconf 75' lang='lat' dir='ltr'>juffiffer,</span> <span class='ocrx_word' id='word_1_87' title='bbox 947 334 988 371; x_wconf 82' lang='lat' dir='ltr'>jus</span> <span class='ocrx_word' id='word_1_88' title='bbox 1004 344 1147 372; x_wconf 86' lang='lat' dir='ltr'>ratumque</span> <span class='ocrx_word' id='word_1_89' title='bbox 1160 335 1232 363; x_wconf 74' lang='lat' dir='ltr'>esset.</span> <span class='ocrx_word' id='word_1_90' title='bbox 1254 335 1329 372; x_wconf 85' lang='lat' dir='ltr'>Qin</span> <span class='ocrx_word' id='word_1_91' title='bbox 1344 336 1425 363; x_wconf 88' lang='lat' dir='ltr'>etiam</span> <span class='ocrx_word' id='word_1_92' title='bbox 1439 336 1452 362; x_wconf 74' lang='lat' dir='ltr'>a</span> <span class='ocrx_word' id='word_1_93' title='bbox 1460 337 1556 370; x_wconf 66' lang='lat' dir='ltr'>senatu</span> <span class='ocrx_word' id='word_1_94' title='bbox 1570 345 1763 373; x_wconf 86' lang='lat' dir='ltr'>nonnunquam</span> <span class='ocrx_word' id='word_1_95' title='bbox 1773 336 1858 374; x_wconf 72' lang='lat' dir='ltr'>legeS,</span> <span class='ocrx_word' id='word_1_96' title='bbox 1878 347 1934 374; x_wconf 80' lang='lat' dir='ltr'>quae</span> <span class='ocrx_word' id='word_1_97' title='bbox 1941 349 1999 367; x_wconf 75' lang='lat' dir='ltr'>non</span> 
     </span>
     <span class='ocr_line' id='line_1_8' title="bbox 412 372 1998 411; baseline -0.001 -8"><span class='ocrx_word' id='word_1_98' title='bbox 412 375 570 404; x_wconf 86' lang='lat' dir='ltr'>videbantur</span> <span class='ocrx_word' id='word_1_99' title='bbox 592 373 643 400; x_wconf 86' lang='lat' dir='ltr'>effe</span> <span class='ocrx_word' id='word_1_100' title='bbox 655 382 688 401; x_wconf 84' lang='lat' dir='ltr'>cx</span> <span class='ocrx_word' id='word_1_101' title='bbox 702 372 835 409; x_wconf 86' lang='lat' dir='ltr'>republica</span> <span class='ocrx_word' id='word_1_102' title='bbox 851 394 858 405; x_wconf 95' lang='lat'>,</span> <span class='ocrx_word' id='word_1_103' title='bbox 884 373 988 401; x_wconf 86' lang='lat' dir='ltr'>sublatae</span> <span class='ocrx_word' id='word_1_104' title='bbox 1001 373 1070 402; x_wconf 89' lang='lat' dir='ltr'>sunt.</span> <span class='ocrx_word' id='word_1_105' title='bbox 1111 374 1193 401; x_wconf 88' lang='lat' dir='ltr'>Erant</span> <span class='ocrx_word' id='word_1_106' title='bbox 1210 381 1301 402; x_wconf 88' lang='lat' dir='ltr'>autem</span> <span class='ocrx_word' id='word_1_107' title='bbox 1317 374 1431 410; x_wconf 86' lang='lat' dir='ltr'>quatuor</span> <span class='ocrx_word' id='word_1_108' title='bbox 1443 375 1557 401; x_wconf 89' lang='lat' dir='ltr'>omnino</span> <span class='ocrx_word' id='word_1_109' title='bbox 1569 382 1668 411; x_wconf 88' lang='lat' dir='ltr'>genera</span> <span class='ocrx_word' id='word_1_110' title='bbox 1681 394 1687 404; x_wconf 88' lang='lat'><em>‚</em></span> <span class='ocrx_word' id='word_1_111' title='bbox 1715 374 1808 411; x_wconf 82' lang='lat' dir='ltr'>quibus</span> <span class='ocrx_word' id='word_1_112' title='bbox 1822 384 1868 409; x_wconf 86' lang='lat' dir='ltr'>per</span> <span class='ocrx_word' id='word_1_113' title='bbox 1879 376 1998 409; x_wconf 81' lang='lat' dir='ltr'>senatum</span> 
     </span>
     <span class='ocr_line' id='line_1_9' title="bbox 414 410 1996 451; baseline 0.001 -10"><span class='ocrx_word' id='word_1_114' title='bbox 414 422 491 441; x_wconf 88' lang='lat' dir='ltr'>more</span> <span class='ocrx_word' id='word_1_115' title='bbox 508 411 645 448; x_wconf 83' lang='lat' dir='ltr'>majorum</span> <span class='ocrx_word' id='word_1_116' title='bbox 663 412 819 440; x_wconf 82' lang='lat' dir='ltr'>statueretur</span> <span class='ocrx_word' id='word_1_117' title='bbox 836 412 934 450; x_wconf 84' lang='lat' dir='ltr'>aliquid</span> <span class='ocrx_word' id='word_1_118' title='bbox 950 411 980 439; x_wconf 75' lang='lat' dir='ltr'>de</span> <span class='ocrx_word' id='word_1_119' title='bbox 998 411 1092 450; x_wconf 79' lang='lat' dir='ltr'>legibus</span> <span class='ocrx_word' id='word_1_120' title='bbox 1104 423 1112 438; x_wconf 92' lang='lat'>.·</span> <span class='ocrx_word' id='word_1_121' title='bbox 1137 421 1222 439; x_wconf 84' lang='lat' dir='ltr'>unum</span> <span class='ocrx_word' id='word_1_122' title='bbox 1237 410 1388 447; x_wconf 81' lang='lat' dir='ltr'>ejusmodi,</span> <span class='ocrx_word' id='word_1_123' title='bbox 1406 412 1508 448; x_wconf 86' lang='lat' dir='ltr'>placere</span> <span class='ocrx_word' id='word_1_124' title='bbox 1524 411 1613 449; x_wconf 89' lang='lat' dir='ltr'>legem</span> <span class='ocrx_word' id='word_1_125' title='bbox 1630 412 1770 450; x_wconf 87' lang='lat' dir='ltr'>abrogari,</span> <span class='ocrx_word' id='word_1_126' title='bbox 1790 420 1820 441; x_wconf 89' lang='lat' dir='ltr'>ut</span> <span class='ocrx_word' id='word_1_127' title='bbox 1832 414 1996 451; x_wconf 62' lang='lat' dir='ltr'>QCaci&#39;lio,</span> 
     </span>
     <span class='ocr_line' id='line_1_10' title="bbox 413 447 1998 491; baseline 0.003 -14"><span class='ocrx_word' id='word_1_128' title='bbox 413 455 452 477; x_wconf 86' lang='lat' dir='ltr'>M.</span> <span class='ocrx_word' id='word_1_129' title='bbox 466 447 553 486; x_wconf 85' lang='lat' dir='ltr'>Junio</span> <span class='ocrx_word' id='word_1_130' title='bbox 566 449 638 477; x_wconf 74' lang='lat' dir='ltr'>Cosfi</span> <span class='ocrx_word' id='word_1_131' title='bbox 652 458 709 486; x_wconf 82' lang='lat' dir='ltr'>quae</span> <span class='ocrx_word' id='word_1_132' title='bbox 723 448 794 486; x_wconf 88' lang='lat' dir='ltr'>leges</span> <span class='ocrx_word' id='word_1_133' title='bbox 808 460 867 478; x_wconf 91' lang='lat' dir='ltr'>rem</span> <span class='ocrx_word' id='word_1_134' title='bbox 882 450 1028 479; x_wconf 82' lang='lat' dir='ltr'>militarem</span> <span class='ocrx_word' id='word_1_135' title='bbox 1044 450 1221 487; x_wconf 80' lang='lat' dir='ltr'>impedirent.</span> <span class='ocrx_word' id='word_1_136' title='bbox 1242 457 1272 477; x_wconf 89' lang='lat' dir='ltr'>ut</span> <span class='ocrx_word' id='word_1_137' title='bbox 1285 450 1483 486; x_wconf 84' lang='lat' dir='ltr'>abrogarentur.</span> <span class='ocrx_word' id='word_1_138' title='bbox 1507 452 1596 488; x_wconf 88' lang='lat' dir='ltr'>Atque</span> <span class='ocrx_word' id='word_1_139' title='bbox 1607 450 1659 478; x_wconf 90' lang='lat' dir='ltr'>hoc</span> <span class='ocrx_word' id='word_1_140' title='bbox 1672 459 1771 488; x_wconf 85' lang='lat' dir='ltr'>genere</span> <span class='ocrx_word' id='word_1_141' title='bbox 1783 461 1838 480; x_wconf 87' lang='lat' dir='ltr'>non</span> <span class='ocrx_word' id='word_1_142' title='bbox 1854 453 1998 491; x_wconf 80' lang='lat' dir='ltr'>abrogabat</span> 
     </span>
     <span class='ocr_line' id='line_1_11' title="bbox 412 487 1998 527; baseline 0.003 -12"><span class='ocrx_word' id='word_1_143' title='bbox 412 487 503 526; x_wconf 85' lang='lat' dir='ltr'>legem</span> <span class='ocrx_word' id='word_1_144' title='bbox 516 488 624 523; x_wconf 79' lang='lat' dir='ltr'>senatus</span> <span class='ocrx_word' id='word_1_145' title='bbox 642 488 653 522; x_wconf 88' lang='lat'><em>(</em></span> <span class='ocrx_word' id='word_1_146' title='bbox 662 497 723 515; x_wconf 86' lang='lat' dir='ltr'>nam</span> <span class='ocrx_word' id='word_1_147' title='bbox 739 487 855 526; x_wconf 82' lang='lat' dir='ltr'>abrogare</span> <span class='ocrx_word' id='word_1_148' title='bbox 868 491 977 527; x_wconf 83' lang='lat' dir='ltr'>proprie</span> <span class='ocrx_word' id='word_1_149' title='bbox 989 489 1101 526; x_wconf 83' lang='lat' dir='ltr'>populus</span> <span class='ocrx_word' id='word_1_150' title='bbox 1115 488 1270 523; x_wconf 83' lang='lat' dir='ltr'>dicebatur)</span> <span class='ocrx_word' id='word_1_151' title='bbox 1287 487 1332 516; x_wconf 87' lang='lat' dir='ltr'>sed</span> <span class='ocrx_word' id='word_1_152' title='bbox 1346 495 1375 516; x_wconf 91' lang='lat' dir='ltr'>ut</span> <span class='ocrx_word' id='word_1_153' title='bbox 1387 488 1572 525; x_wconf 81' lang='lat' dir='ltr'>abrogaretur,</span> <span class='ocrx_word' id='word_1_154' title='bbox 1593 489 1727 517; x_wconf 81' lang='lat' dir='ltr'>statuebat.</span> <span class='ocrx_word' id='word_1_155' title='bbox 1770 492 1809 518; x_wconf 94' lang='lat' dir='ltr'>Ut</span> <span class='ocrx_word' id='word_1_156' title='bbox 1823 498 1914 519; x_wconf 90' lang='lat' dir='ltr'>tamen</span> <span class='ocrx_word' id='word_1_157' title='bbox 1930 491 1998 527; x_wconf 87' lang='lat' dir='ltr'>ejus-</span> 
     </span>
     <span class='ocr_line' id='line_1_12' title="bbox 414 525 1999 566; baseline 0.001 -12"><span class='ocrx_word' id='word_1_158' title='bbox 414 527 491 554; x_wconf 88' lang='lat' dir='ltr'>modi</span> <span class='ocrx_word' id='word_1_159' title='bbox 503 525 631 563; x_wconf 79' lang='lat' dir='ltr'>abrogaiio</span> <span class='ocrx_word' id='word_1_160' title='bbox 644 534 781 554; x_wconf 80' lang='lat' dir='ltr'>caveretur</span> <span class='ocrx_word' id='word_1_161' title='bbox 794 548 801 558; x_wconf 97' lang='lat'>‚</span> <span class='ocrx_word' id='word_1_162' title='bbox 828 528 855 554; x_wconf 85' lang='lat' dir='ltr'>in</span> <span class='ocrx_word' id='word_1_163' title='bbox 872 527 1007 554; x_wconf 60' lang='lat' dir='ltr'>ihnfifione</span> <span class='ocrx_word' id='word_1_164' title='bbox 1019 527 1109 564; x_wconf 85' lang='lat' dir='ltr'>legum</span> <span class='ocrx_word' id='word_1_165' title='bbox 1125 526 1235 554; x_wconf 86' lang='lat' dir='ltr'>adscribi</span> <span class='ocrx_word' id='word_1_166' title='bbox 1249 525 1349 554; x_wconf 81' lang='lat' dir='ltr'>solebat</span> <span class='ocrx_word' id='word_1_167' title='bbox 1364 546 1370 557; x_wconf 89' lang='lat'><strong>‚</strong></span> <span class='ocrx_word' id='word_1_168' title='bbox 1397 536 1428 552; x_wconf 80' lang='lat' dir='ltr'>ne</span> <span class='ocrx_word' id='word_1_169' title='bbox 1436 528 1608 561; x_wconf 72' lang='lat' dir='ltr'>perstituram</span> <span class='ocrx_word' id='word_1_170' title='bbox 1622 526 1735 564; x_wconf 74' lang='lat' dir='ltr'>abrogari</span> <span class='ocrx_word' id='word_1_171' title='bbox 1750 548 1758 559; x_wconf 93' lang='lat'>,</span> <span class='ocrx_word' id='word_1_172' title='bbox 1782 528 1927 566; x_wconf 73' lang='lat' dir='ltr'>derogarive</span> <span class='ocrx_word' id='word_1_173' title='bbox 1940 531 1999 556; x_wconf 83' lang='lat' dir='ltr'>lice-</span> 
     </span>
     <span class='ocr_line' id='line_1_13' title="bbox 417 564 1997 604; baseline 0.003 -14"><span class='ocrx_word' id='word_1_174' title='bbox 417 572 465 592; x_wconf 80' lang='lat' dir='ltr'>ret.</span> <span class='ocrx_word' id='word_1_175' title='bbox 506 564 651 592; x_wconf 76' lang='lat' dir='ltr'>Dicebatur</span> <span class='ocrx_word' id='word_1_176' title='bbox 669 572 759 592; x_wconf 86' lang='lat' dir='ltr'>autern</span> <span class='ocrx_word' id='word_1_177' title='bbox 771 565 877 599; x_wconf 60' lang='lat' dir='ltr'>finierit,</span> <span class='ocrx_word' id='word_1_178' title='bbox 897 565 938 593; x_wconf 90' lang='lat' dir='ltr'>lex</span> <span class='ocrx_word' id='word_1_179' title='bbox 960 565 1051 594; x_wconf 81' lang='lat' dir='ltr'>multis</span> <span class='ocrx_word' id='word_1_180' title='bbox 1065 565 1121 593; x_wconf 89' lang='lat' dir='ltr'>aliis</span> <span class='ocrx_word' id='word_1_181' title='bbox 1135 564 1256 592; x_wconf 80' lang='lat' dir='ltr'>conferta</span> <span class='ocrx_word' id='word_1_182' title='bbox 1268 564 1386 602; x_wconf 72' lang='lat' dir='ltr'>legibu5‚</span> <span class='ocrx_word' id='word_1_183' title='bbox 1406 565 1442 593; x_wconf 86' lang='lat' dir='ltr'>ita</span> <span class='ocrx_word' id='word_1_184' title='bbox 1456 572 1486 592; x_wconf 92' lang='lat' dir='ltr'>ut</span> <span class='ocrx_word' id='word_1_185' title='bbox 1497 564 1524 592; x_wconf 86' lang='lat' dir='ltr'>in</span> <span class='ocrx_word' id='word_1_186' title='bbox 1537 574 1566 592; x_wconf 91' lang='lat' dir='ltr'>ea</span> <span class='ocrx_word' id='word_1_187' title='bbox 1580 565 1649 593; x_wconf 85' lang='lat' dir='ltr'>fraus</span> <span class='ocrx_word' id='word_1_188' title='bbox 1661 565 1759 593; x_wconf 77' lang='lat' dir='ltr'>subesse</span> <span class='ocrx_word' id='word_1_189' title='bbox 1768 586 1774 597; x_wconf 86' lang='lat'>,</span> <span class='ocrx_word' id='word_1_190' title='bbox 1795 575 1852 604; x_wconf 73' lang='lat' dir='ltr'>quse</span> <span class='ocrx_word' id='word_1_191' title='bbox 1866 568 1997 604; x_wconf 86' lang='lat' dir='ltr'>populum</span> 
     </span>
     <span class='ocr_line' id='line_1_14' title="bbox 415 602 1999 641; baseline 0.003 -12"><span class='ocrx_word' id='word_1_192' title='bbox 415 602 518 630; x_wconf 82' lang='lat' dir='ltr'>falleret</span> <span class='ocrx_word' id='word_1_193' title='bbox 532 623 539 634; x_wconf 91' lang='lat'>‚</span> <span class='ocrx_word' id='word_1_194' title='bbox 561 602 637 630; x_wconf 81' lang='lat' dir='ltr'>facile</span> <span class='ocrx_word' id='word_1_195' title='bbox 656 602 742 638; x_wconf 86' lang='lat' dir='ltr'>posset</span> <span class='ocrx_word' id='word_1_196' title='bbox 757 613 761 628; x_wconf 90' lang='lat'>:</span> <span class='ocrx_word' id='word_1_197' title='bbox 782 610 809 631; x_wconf 89' lang='lat' dir='ltr'>at</span> <span class='ocrx_word' id='word_1_198' title='bbox 822 604 848 630; x_wconf 93' lang='lat' dir='ltr'>in</span> <span class='ocrx_word' id='word_1_199' title='bbox 863 602 975 639; x_wconf 77' lang='lat' dir='ltr'>simplici</span> <span class='ocrx_word' id='word_1_200' title='bbox 986 603 1044 641; x_wconf 90' lang='lat' dir='ltr'>lege</span> <span class='ocrx_word' id='word_1_201' title='bbox 1054 624 1061 635; x_wconf 89' lang='lat'>‚</span> <span class='ocrx_word' id='word_1_202' title='bbox 1082 603 1100 631; x_wconf 79' lang='lat' dir='ltr'>si</span> <span class='ocrx_word' id='word_1_203' title='bbox 1114 604 1147 630; x_wconf 88' lang='lat' dir='ltr'>de</span> <span class='ocrx_word' id='word_1_204' title='bbox 1161 602 1314 640; x_wconf 67' lang='lat' dir='ltr'>abrogando,</span> <span class='ocrx_word' id='word_1_205' title='bbox 1333 602 1503 640; x_wconf 79' lang='lat' dir='ltr'>derogandove</span> <span class='ocrx_word' id='word_1_206' title='bbox 1522 603 1634 639; x_wconf 87' lang='lat' dir='ltr'>populus</span> <span class='ocrx_word' id='word_1_207' title='bbox 1647 612 1799 640; x_wconf 86' lang='lat' dir='ltr'>rogaretur,</span> <span class='ocrx_word' id='word_1_208' title='bbox 1820 614 1875 632; x_wconf 90' lang='lat' dir='ltr'>non</span> <span class='ocrx_word' id='word_1_209' title='bbox 1888 606 1999 633; x_wconf 84' lang='lat' dir='ltr'>difficile</span> 
     </span>
     <span class='ocr_line' id='line_1_15' title="bbox 417 639 2000 679; baseline 0.003 -11"><span class='ocrx_word' id='word_1_210' title='bbox 417 649 486 671; x_wconf 89' lang='lat' dir='ltr'>erat,</span> <span class='ocrx_word' id='word_1_211' title='bbox 508 641 548 671; x_wconf 89' lang='lat' dir='ltr'>id,</span> <span class='ocrx_word' id='word_1_212' title='bbox 570 642 641 677; x_wconf 88' lang='lat' dir='ltr'>quod</span> <span class='ocrx_word' id='word_1_213' title='bbox 658 640 812 678; x_wconf 76' lang='lat' dir='ltr'>rogabatur,</span> <span class='ocrx_word' id='word_1_214' title='bbox 833 641 990 679; x_wconf 87' lang='lat' dir='ltr'>intelligere.</span> <span class='ocrx_word' id='word_1_215' title='bbox 1024 641 1143 669; x_wconf 79' lang='lat' dir='ltr'>Alterum</span> <span class='ocrx_word' id='word_1_216' title='bbox 1150 651 1232 678; x_wconf 59' lang='lat' dir='ltr'>genua</span> <span class='ocrx_word' id='word_1_217' title='bbox 1246 648 1302 668; x_wconf 88' lang='lat' dir='ltr'>erat</span> <span class='ocrx_word' id='word_1_218' title='bbox 1314 661 1321 672; x_wconf 91' lang='lat'>,</span> <span class='ocrx_word' id='word_1_219' title='bbox 1343 640 1361 667; x_wconf 87' lang='lat' dir='ltr'>fi</span> <span class='ocrx_word' id='word_1_220' title='bbox 1377 649 1433 677; x_wconf 84' lang='lat' dir='ltr'>quae</span> <span class='ocrx_word' id='word_1_221' title='bbox 1448 640 1489 667; x_wconf 82' lang='lat' dir='ltr'>lex</span> <span class='ocrx_word' id='word_1_222' title='bbox 1502 639 1554 668; x_wconf 81' lang='lat' dir='ltr'>lata</span> <span class='ocrx_word' id='word_1_223' title='bbox 1568 641 1619 668; x_wconf 78' lang='lat' dir='ltr'>effe</span> <span class='ocrx_word' id='word_1_224' title='bbox 1633 641 1781 673; x_wconf 86' lang='lat' dir='ltr'>diceretur,</span> <span class='ocrx_word' id='word_1_225' title='bbox 1800 651 1855 670; x_wconf 83' lang='lat' dir='ltr'>non</span> <span class='ocrx_word' id='word_1_226' title='bbox 1870 653 1900 671; x_wconf 82' lang='lat' dir='ltr'>ea</span> <span class='ocrx_word' id='word_1_227' title='bbox 1915 644 2000 672; x_wconf 82' lang='lat' dir='ltr'>videri</span> 
     </span>
     <span class='ocr_line' id='line_1_16' title="bbox 414 677 1810 717; baseline 0.001 -11"><span class='ocrx_word' id='word_1_228' title='bbox 414 679 545 716; x_wconf 85' lang='lat' dir='ltr'>populum</span> <span class='ocrx_word' id='word_1_229' title='bbox 559 679 644 706; x_wconf 84' lang='lat' dir='ltr'>teneri</span> <span class='ocrx_word' id='word_1_230' title='bbox 657 679 826 714; x_wconf 84' lang='lat' dir='ltr'>judicaretur.</span> <span class='ocrx_word' id='word_1_231' title='bbox 847 682 908 708; x_wconf 87' lang='lat' dir='ltr'>Hoc</span> <span class='ocrx_word' id='word_1_232' title='bbox 923 680 1001 708; x_wconf 84' lang='lat' dir='ltr'>fiebat</span> <span class='ocrx_word' id='word_1_233' title='bbox 1010 701 1016 711; x_wconf 92' lang='lat'>‚</span> <span class='ocrx_word' id='word_1_234' title='bbox 1038 679 1055 707; x_wconf 82' lang='lat' dir='ltr'>fi</span> <span class='ocrx_word' id='word_1_235' title='bbox 1069 689 1177 717; x_wconf 70' lang='lat' dir='ltr'>augures</span> <span class='ocrx_word' id='word_1_236' title='bbox 1190 687 1284 707; x_wconf 87' lang='lat' dir='ltr'>contra</span> <span class='ocrx_word' id='word_1_237' title='bbox 1297 677 1408 715; x_wconf 77' lang='lat' dir='ltr'>auspicia</span> <span class='ocrx_word' id='word_1_238' title='bbox 1421 677 1486 707; x_wconf 85' lang='lat' dir='ltr'>latas</span> <span class='ocrx_word' id='word_1_239' title='bbox 1497 687 1539 705; x_wconf 89' lang='lat' dir='ltr'>eas</span> <span class='ocrx_word' id='word_1_240' title='bbox 1554 678 1618 709; x_wconf 83' lang='lat' dir='ltr'>effe,</span> <span class='ocrx_word' id='word_1_241' title='bbox 1640 679 1810 707; x_wconf 85' lang='lat' dir='ltr'>monuiffent.</span> 
     </span>
    </p>

    <p class='ocr_par' dir='ltr' id='par_1_4' title="bbox 415 716 2003 944">
     <span class='ocr_line' id='line_1_17' title="bbox 454 716 2001 756; baseline -0.001 -12"><span class='ocrx_word' id='word_1_242' title='bbox 454 716 571 745; x_wconf 83' lang='lat' dir='ltr'>Tertium</span> <span class='ocrx_word' id='word_1_243' title='bbox 591 724 646 744; x_wconf 86' lang='lat' dir='ltr'>erat</span> <span class='ocrx_word' id='word_1_244' title='bbox 666 717 700 744; x_wconf 91' lang='lat' dir='ltr'>de</span> <span class='ocrx_word' id='word_1_245' title='bbox 713 716 803 755; x_wconf 89' lang='lat' dir='ltr'>legum</span> <span class='ocrx_word' id='word_1_246' title='bbox 819 716 1017 756; x_wconf 58' lang='lat' dir='ltr'>derogationibus</span> <span class='ocrx_word' id='word_1_247' title='bbox 1031 738 1038 747; x_wconf 97' lang='lat'>,</span> <span class='ocrx_word' id='word_1_248' title='bbox 1065 728 1119 756; x_wconf 89' lang='lat' dir='ltr'>quo</span> <span class='ocrx_word' id='word_1_249' title='bbox 1133 719 1166 746; x_wconf 91' lang='lat' dir='ltr'>de</span> <span class='ocrx_word' id='word_1_250' title='bbox 1180 726 1278 755; x_wconf 87' lang='lat' dir='ltr'>genere</span> <span class='ocrx_word' id='word_1_251' title='bbox 1293 716 1577 753; x_wconf 73' lang='lat' dir='ltr'>saepeftnatusconficlta</span> <span class='ocrx_word' id='word_1_252' title='bbox 1592 716 1660 744; x_wconf 69' lang='lat' dir='ltr'>faeta</span> <span class='ocrx_word' id='word_1_253' title='bbox 1676 716 1747 747; x_wconf 77' lang='lat' dir='ltr'>sunt.</span> <span class='ocrx_word' id='word_1_254' title='bbox 1785 720 1914 754; x_wconf 80' lang='lat' dir='ltr'>Qartum</span> <span class='ocrx_word' id='word_1_255' title='bbox 1929 718 1947 747; x_wconf 76' lang='lat' dir='ltr'>si</span> <span class='ocrx_word' id='word_1_256' title='bbox 1961 719 2001 747; x_wconf 76' lang='lat' dir='ltr'>se-</span> 
     </span>
     <span class='ocr_line' id='line_1_18' title="bbox 416 755 2000 792; baseline -0.001 -9"><span class='ocrx_word' id='word_1_257' title='bbox 416 763 492 784; x_wconf 86' lang='lat' dir='ltr'>natus</span> <span class='ocrx_word' id='word_1_258' title='bbox 504 755 606 782; x_wconf 90' lang='lat' dir='ltr'>hostem</span> <span class='ocrx_word' id='word_1_259' title='bbox 621 755 738 792; x_wconf 77' lang='lat' dir='ltr'>aliquem</span> <span class='ocrx_word' id='word_1_260' title='bbox 751 755 897 792; x_wconf 79' lang='lat' dir='ltr'>judicaffer.</span> <span class='ocrx_word' id='word_1_261' title='bbox 918 758 992 784; x_wconf 86' lang='lat' dir='ltr'>Tum</span> <span class='ocrx_word' id='word_1_262' title='bbox 1007 757 1081 784; x_wconf 90' lang='lat' dir='ltr'>enim</span> <span class='ocrx_word' id='word_1_263' title='bbox 1096 755 1174 784; x_wconf 71' lang='lat' dir='ltr'>timul</span> <span class='ocrx_word' id='word_1_264' title='bbox 1187 756 1269 784; x_wconf 83' lang='lat' dir='ltr'>etiam</span> <span class='ocrx_word' id='word_1_265' title='bbox 1279 777 1287 787; x_wconf 89' lang='lat'><em>‚</em></span> <span class='ocrx_word' id='word_1_266' title='bbox 1306 763 1336 784; x_wconf 90' lang='lat' dir='ltr'>ut</span> <span class='ocrx_word' id='word_1_267' title='bbox 1351 756 1407 791; x_wconf 86' lang='lat' dir='ltr'>ejus</span> <span class='ocrx_word' id='word_1_268' title='bbox 1422 755 1506 792; x_wconf 86' lang='lat' dir='ltr'>leges,</span> <span class='ocrx_word' id='word_1_269' title='bbox 1527 764 1585 792; x_wconf 81' lang='lat' dir='ltr'>quae</span> <span class='ocrx_word' id='word_1_270' title='bbox 1598 755 1707 792; x_wconf 87' lang='lat' dir='ltr'>quidem</span> <span class='ocrx_word' id='word_1_271' title='bbox 1723 755 1844 783; x_wconf 75' lang='lat' dir='ltr'>adverius</span> <span class='ocrx_word' id='word_1_272' title='bbox 1854 757 2000 792; x_wconf 76' lang='lat' dir='ltr'>rempubli-</span> 
     </span>
     <span class='ocr_line' id='line_1_19' title="bbox 416 792 2003 830; baseline 0.001 -8"><span class='ocrx_word' id='word_1_273' title='bbox 416 803 477 822; x_wconf 84' lang='lat' dir='ltr'>cam</span> <span class='ocrx_word' id='word_1_274' title='bbox 491 794 587 826; x_wconf 78' lang='lat' dir='ltr'>essent,</span> <span class='ocrx_word' id='word_1_275' title='bbox 609 793 781 825; x_wconf 82' lang='lat' dir='ltr'>tollerentur,</span> <span class='ocrx_word' id='word_1_276' title='bbox 800 794 939 830; x_wconf 79' lang='lat' dir='ltr'>judicasse.</span> <span class='ocrx_word' id='word_1_277' title='bbox 962 804 1017 822; x_wconf 94' lang='lat' dir='ltr'>non</span> <span class='ocrx_word' id='word_1_278' title='bbox 1030 795 1066 822; x_wconf 88' lang='lat' dir='ltr'>est</span> <span class='ocrx_word' id='word_1_279' title='bbox 1082 795 1094 822; x_wconf 69' lang='lat' dir='ltr'>a</span> <span class='ocrx_word' id='word_1_280' title='bbox 1107 804 1172 823; x_wconf 89' lang='lat' dir='ltr'>vero</span> <span class='ocrx_word' id='word_1_281' title='bbox 1186 794 1313 822; x_wconf 85' lang='lat' dir='ltr'>alienum.</span> <span class='ocrx_word' id='word_1_282' title='bbox 1332 795 1381 822; x_wconf 75' lang='lat' dir='ltr'>His</span> <span class='ocrx_word' id='word_1_283' title='bbox 1389 793 1654 830; x_wconf 82' lang='lat' dir='ltr'>addipotest&amp;hoc,</span> <span class='ocrx_word' id='word_1_284' title='bbox 1675 803 1738 821; x_wconf 91' lang='lat' dir='ltr'>cum</span> <span class='ocrx_word' id='word_1_285' title='bbox 1746 792 1829 821; x_wconf 86' lang='lat' dir='ltr'>verbo</span> <span class='ocrx_word' id='word_1_286' title='bbox 1836 794 1946 830; x_wconf 90' lang='lat' dir='ltr'>quidem</span> <span class='ocrx_word' id='word_1_287' title='bbox 1954 805 2003 823; x_wconf 82' lang='lat' dir='ltr'>ne-</span> 
     </span>
     <span class='ocr_line' id='line_1_20' title="bbox 416 830 2003 870; baseline 0.001 -12"><span class='ocrx_word' id='word_1_288' title='bbox 416 840 470 868; x_wconf 88' lang='lat' dir='ltr'>que</span> <span class='ocrx_word' id='word_1_289' title='bbox 484 832 595 865; x_wconf 69' lang='lat' dir='ltr'>assnaiu</span> <span class='ocrx_word' id='word_1_290' title='bbox 608 852 615 863; x_wconf 92' lang='lat'>‚</span> <span class='ocrx_word' id='word_1_291' title='bbox 642 840 728 868; x_wconf 87' lang='lat' dir='ltr'>neque</span> <span class='ocrx_word' id='word_1_292' title='bbox 741 831 754 859; x_wconf 66' lang='lat' dir='ltr'>a</span> <span class='ocrx_word' id='word_1_293' title='bbox 765 832 848 866; x_wconf 78' lang='lat' dir='ltr'>populo</span> <span class='ocrx_word' id='word_1_294' title='bbox 862 853 868 863; x_wconf 89' lang='lat'>‚</span> <span class='ocrx_word' id='word_1_295' title='bbox 897 833 978 860; x_wconf 83' lang='lat' dir='ltr'>tacito</span> <span class='ocrx_word' id='word_1_296' title='bbox 991 840 1082 860; x_wconf 87' lang='lat' dir='ltr'>autem</span> <span class='ocrx_word' id='word_1_297' title='bbox 1095 833 1222 860; x_wconf 88' lang='lat' dir='ltr'>omnium</span> <span class='ocrx_word' id='word_1_298' title='bbox 1237 831 1363 860; x_wconf 83' lang='lat' dir='ltr'>consensu</span> <span class='ocrx_word' id='word_1_299' title='bbox 1378 852 1386 864; x_wconf 89' lang='lat'>‚</span> <span class='ocrx_word' id='word_1_300' title='bbox 1412 834 1438 860; x_wconf 71' lang='grc' dir='ltr'>δί</span> <span class='ocrx_word' id='word_1_301' title='bbox 1454 841 1501 868; x_wconf 87' lang='lat' dir='ltr'>per</span> <span class='ocrx_word' id='word_1_302' title='bbox 1516 831 1719 860; x_wconf 86' lang='lat' dir='ltr'>desuetudinem</span> <span class='ocrx_word' id='word_1_303' title='bbox 1731 831 1793 870; x_wconf 68' lang='lat' dir='ltr'>leges</span> <span class='ocrx_word' id='word_1_304' title='bbox 1805 830 2003 869; x_wconf 72' lang='lat' dir='ltr'>abrogarentur,</span> 
     </span>
     <span class='ocr_line' id='line_1_21' title="bbox 415 868 2002 910; baseline 0.002 -13"><span class='ocrx_word' id='word_1_305' title='bbox 415 869 441 897; x_wconf 89' lang='lat' dir='ltr'>id</span> <span class='ocrx_word' id='word_1_306' title='bbox 456 870 528 906; x_wconf 84' lang='lat' dir='ltr'>quod</span> <span class='ocrx_word' id='word_1_307' title='bbox 543 871 569 898; x_wconf 65' lang='grc' dir='ltr'>ὃς</span> <span class='ocrx_word' id='word_1_308' title='bbox 582 868 702 902; x_wconf 75' lang='lat' dir='ltr'>Julianus</span> <span class='ocrx_word' id='word_1_309' title='bbox 709 868 895 904; x_wconf 73' lang='lat' dir='ltr'>juristonfidtus</span> <span class='ocrx_word' id='word_1_310' title='bbox 908 872 1021 899; x_wconf 83' lang='lat' dir='ltr'>notavit.</span> <span class='ocrx_word' id='word_1_311' title='bbox 1048 872 1081 899; x_wconf 87' lang='lat' dir='ltr'>Et</span> <span class='ocrx_word' id='word_1_312' title='bbox 1095 871 1150 899; x_wconf 78' lang='lat' dir='ltr'>haec</span> <span class='ocrx_word' id='word_1_313' title='bbox 1163 871 1196 898; x_wconf 91' lang='lat' dir='ltr'>de</span> <span class='ocrx_word' id='word_1_314' title='bbox 1210 871 1338 908; x_wconf 85' lang='lat' dir='ltr'>potestate</span> <span class='ocrx_word' id='word_1_315' title='bbox 1353 870 1435 898; x_wconf 85' lang='lat' dir='ltr'>etiarn</span> <span class='ocrx_word' id='word_1_316' title='bbox 1453 872 1480 899; x_wconf 67' lang='grc' dir='ltr'>ὃς</span> <span class='ocrx_word' id='word_1_317' title='bbox 1495 870 1522 898; x_wconf 88' lang='lat' dir='ltr'>vi</span> <span class='ocrx_word' id='word_1_318' title='bbox 1536 870 1626 908; x_wconf 87' lang='lat' dir='ltr'>legum</span> <span class='ocrx_word' id='word_1_319' title='bbox 1642 879 1725 908; x_wconf 84' lang='lat' dir='ltr'>pauca</span> <span class='ocrx_word' id='word_1_320' title='bbox 1740 870 1866 907; x_wconf 90' lang='lat' dir='ltr'>quidem,</span> <span class='ocrx_word' id='word_1_321' title='bbox 1885 869 1930 899; x_wconf 87' lang='lat' dir='ltr'>sed</span> <span class='ocrx_word' id='word_1_322' title='bbox 1944 881 2002 910; x_wconf 74' lang='lat' dir='ltr'>quse</span> 
     </span>
     <span class='ocr_line' id='line_1_22' title="bbox 415 906 1361 944; baseline 0.001 -10"><span class='ocrx_word' id='word_1_323' title='bbox 415 906 534 944; x_wconf 84' lang='lat' dir='ltr'>pluribus</span> <span class='ocrx_word' id='word_1_324' title='bbox 548 907 713 943; x_wconf 82' lang='lat' dir='ltr'>explicantur</span> <span class='ocrx_word' id='word_1_325' title='bbox 729 909 754 935; x_wconf 70' lang='grc' dir='ltr'>ὃ(</span> <span class='ocrx_word' id='word_1_326' title='bbox 769 908 963 935; x_wconf 73' lang='lat' dir='ltr'>confirmantur</span> <span class='ocrx_word' id='word_1_327' title='bbox 977 909 991 935; x_wconf 74' lang='lat' dir='ltr'>a</span> <span class='ocrx_word' id='word_1_328' title='bbox 1007 909 1085 935; x_wconf 83' lang='lat' dir='ltr'>Paulo</span> <span class='ocrx_word' id='word_1_329' title='bbox 1099 914 1232 940; x_wconf 65' lang='lat' dir='ltr'>Mamerto,</span> <span class='ocrx_word' id='word_1_330' title='bbox 1253 911 1280 937; x_wconf 72' lang='lat' dir='ltr'>Sc</span> <span class='ocrx_word' id='word_1_331' title='bbox 1293 908 1361 936; x_wconf 81' lang='lat' dir='ltr'>aliis.</span> 
     </span>
    </p>

    <p class='ocr_par' dir='ltr' id='par_1_5' title="bbox 415 944 2004 1174">
     <span class='ocr_line' id='line_1_23' title="bbox 456 944 2003 983; baseline 0.001 -12"><span class='ocrx_word' id='word_1_332' title='bbox 456 946 596 973; x_wconf 87' lang='lat' dir='ltr'>Postremo</span> <span class='ocrx_word' id='word_1_333' title='bbox 615 946 708 982; x_wconf 80' lang='lat' dir='ltr'>aliquae</span> <span class='ocrx_word' id='word_1_334' title='bbox 726 945 852 982; x_wconf 84' lang='lat' dir='ltr'>loquendi</span> <span class='ocrx_word' id='word_1_335' title='bbox 872 944 994 973; x_wconf 84' lang='lat' dir='ltr'>formulae</span> <span class='ocrx_word' id='word_1_336' title='bbox 1007 966 1014 976; x_wconf 90' lang='lat'><strong><em>‚</em></strong></span> <span class='ocrx_word' id='word_1_337' title='bbox 1041 955 1098 982; x_wconf 82' lang='lat' dir='ltr'>quae</span> <span class='ocrx_word' id='word_1_338' title='bbox 1116 947 1147 972; x_wconf 81' lang='lat' dir='ltr'>de</span> <span class='ocrx_word' id='word_1_339' title='bbox 1166 946 1260 983; x_wconf 78' lang='lat' dir='ltr'>legibus</span> <span class='ocrx_word' id='word_1_340' title='bbox 1279 945 1406 983; x_wconf 86' lang='lat' dir='ltr'>usurpatae</span> <span class='ocrx_word' id='word_1_341' title='bbox 1425 945 1554 977; x_wconf 88' lang='lat' dir='ltr'>fuerunt,</span> <span class='ocrx_word' id='word_1_342' title='bbox 1578 946 1702 973; x_wconf 81' lang='lat' dir='ltr'>notandae</span> <span class='ocrx_word' id='word_1_343' title='bbox 1720 944 1780 973; x_wconf 88' lang='lat' dir='ltr'>sunt</span> <span class='ocrx_word' id='word_1_344' title='bbox 1799 954 1857 982; x_wconf 87' lang='lat' dir='ltr'>quae</span> <span class='ocrx_word' id='word_1_345' title='bbox 1869 947 1901 974; x_wconf 90' lang='lat' dir='ltr'>ab</span> <span class='ocrx_word' id='word_1_346' title='bbox 1916 946 2003 983; x_wconf 76' lang='lat' dir='ltr'>Ulpia-</span> 
     </span>
     <span class='ocr_line' id='line_1_24' title="bbox 416 982 2004 1023; baseline 0.001 -13"><span class='ocrx_word' id='word_1_347' title='bbox 416 991 447 1010; x_wconf 82' lang='lat' dir='ltr'>no</span> <span class='ocrx_word' id='word_1_348' title='bbox 466 983 509 1011; x_wconf 85' lang='lat' dir='ltr'>tit.</span> <span class='ocrx_word' id='word_1_349' title='bbox 529 993 550 1011; x_wconf 90' lang='lat'>1.</span> <span class='ocrx_word' id='word_1_350' title='bbox 571 984 774 1012; x_wconf 75' lang='lat' dir='ltr'>Institutionum</span> <span class='ocrx_word' id='word_1_351' title='bbox 793 982 834 1010; x_wconf 88' lang='lat' dir='ltr'>his</span> <span class='ocrx_word' id='word_1_352' title='bbox 853 983 939 1011; x_wconf 86' lang='lat' dir='ltr'>verbis</span> <span class='ocrx_word' id='word_1_353' title='bbox 960 983 1125 1019; x_wconf 81' lang='lat' dir='ltr'>explicantur</span> <span class='ocrx_word' id='word_1_354' title='bbox 1141 994 1150 1011; x_wconf 72' lang='grc' dir='ltr'><strong>ι</strong></span> <span class='ocrx_word' id='word_1_355' title='bbox 1174 988 1245 1013; x_wconf 83' lang='lat' dir='ltr'>Lex,</span> <span class='ocrx_word' id='word_1_356' title='bbox 1263 984 1365 1021; x_wconf 87' lang='lat' dir='ltr'>inquit,</span> <span class='ocrx_word' id='word_1_357' title='bbox 1390 991 1435 1012; x_wconf 88' lang='lat' dir='ltr'>aut</span> <span class='ocrx_word' id='word_1_358' title='bbox 1452 992 1569 1021; x_wconf 77' lang='lat' dir='ltr'>rogatur,</span> <span class='ocrx_word' id='word_1_359' title='bbox 1589 983 1616 1011; x_wconf 90' lang='lat' dir='ltr'>id</span> <span class='ocrx_word' id='word_1_360' title='bbox 1637 984 1688 1015; x_wconf 88' lang='lat' dir='ltr'>est,</span> <span class='ocrx_word' id='word_1_361' title='bbox 1710 982 1814 1011; x_wconf 79' lang='lat' dir='ltr'>fertur:</span> <span class='ocrx_word' id='word_1_362' title='bbox 1835 992 1879 1012; x_wconf 92' lang='lat' dir='ltr'>aut</span> <span class='ocrx_word' id='word_1_363' title='bbox 1896 985 2004 1023; x_wconf 81' lang='lat' dir='ltr'>abroga-</span> 
     </span>
     <span class='ocr_line' id='line_1_25' title="bbox 415 1020 2004 1061; baseline 0 -13"><span class='ocrx_word' id='word_1_364' title='bbox 415 1029 474 1051; x_wconf 80' lang='lat' dir='ltr'>tur,</span> <span class='ocrx_word' id='word_1_365' title='bbox 496 1021 524 1049; x_wconf 86' lang='lat' dir='ltr'>id</span> <span class='ocrx_word' id='word_1_366' title='bbox 543 1022 594 1053; x_wconf 87' lang='lat' dir='ltr'>est,</span> <span class='ocrx_word' id='word_1_367' title='bbox 614 1023 689 1058; x_wconf 83' lang='lat' dir='ltr'>prior</span> <span class='ocrx_word' id='word_1_368' title='bbox 707 1021 749 1049; x_wconf 86' lang='lat' dir='ltr'>lex</span> <span class='ocrx_word' id='word_1_369' title='bbox 770 1020 884 1048; x_wconf 84' lang='lat' dir='ltr'>tollitur:</span> <span class='ocrx_word' id='word_1_370' title='bbox 904 1028 948 1049; x_wconf 87' lang='lat' dir='ltr'>aut</span> <span class='ocrx_word' id='word_1_371' title='bbox 967 1022 1116 1059; x_wconf 79' lang='lat' dir='ltr'>derogatur,</span> <span class='ocrx_word' id='word_1_372' title='bbox 1135 1021 1163 1050; x_wconf 88' lang='lat' dir='ltr'>id</span> <span class='ocrx_word' id='word_1_373' title='bbox 1183 1022 1234 1055; x_wconf 91' lang='lat' dir='ltr'>est,</span> <span class='ocrx_word' id='word_1_374' title='bbox 1254 1030 1314 1058; x_wconf 86' lang='lat' dir='ltr'>pars</span> <span class='ocrx_word' id='word_1_375' title='bbox 1333 1022 1427 1058; x_wconf 84' lang='lat' dir='ltr'>primae</span> <span class='ocrx_word' id='word_1_376' title='bbox 1445 1022 1561 1050; x_wconf 87' lang='lat' dir='ltr'>tollitur:</span> <span class='ocrx_word' id='word_1_377' title='bbox 1581 1028 1626 1049; x_wconf 89' lang='lat' dir='ltr'>aut</span> <span class='ocrx_word' id='word_1_378' title='bbox 1638 1021 1803 1059; x_wconf 82' lang='lat' dir='ltr'>subrogatur,</span> <span class='ocrx_word' id='word_1_379' title='bbox 1822 1022 1850 1050; x_wconf 92' lang='lat' dir='ltr'>id</span> <span class='ocrx_word' id='word_1_380' title='bbox 1864 1023 1918 1056; x_wconf 86' lang='lat' dir='ltr'>est,</span> <span class='ocrx_word' id='word_1_381' title='bbox 1937 1025 2004 1061; x_wconf 81' lang='lat' dir='ltr'>adji-</span> 
     </span>
     <span class='ocr_line' id='line_1_26' title="bbox 417 1058 2003 1097; baseline 0.003 -10"><span class='ocrx_word' id='word_1_382' title='bbox 417 1060 486 1088; x_wconf 84' lang='lat' dir='ltr'>citur</span> <span class='ocrx_word' id='word_1_383' title='bbox 499 1060 596 1097; x_wconf 89' lang='lat' dir='ltr'>aliquid</span> <span class='ocrx_word' id='word_1_384' title='bbox 608 1061 702 1096; x_wconf 86' lang='lat' dir='ltr'>primae</span> <span class='ocrx_word' id='word_1_385' title='bbox 715 1059 784 1096; x_wconf 88' lang='lat' dir='ltr'>legi:</span> <span class='ocrx_word' id='word_1_386' title='bbox 805 1067 850 1086; x_wconf 85' lang='lat' dir='ltr'>aut</span> <span class='ocrx_word' id='word_1_387' title='bbox 863 1058 1013 1096; x_wconf 81' lang='lat' dir='ltr'>abrogatur,</span> <span class='ocrx_word' id='word_1_388' title='bbox 1036 1061 1063 1088; x_wconf 92' lang='lat' dir='ltr'>id</span> <span class='ocrx_word' id='word_1_389' title='bbox 1077 1061 1129 1093; x_wconf 86' lang='lat' dir='ltr'>est,</span> <span class='ocrx_word' id='word_1_390' title='bbox 1149 1068 1270 1089; x_wconf 88' lang='lat' dir='ltr'>mutatur</span> <span class='ocrx_word' id='word_1_391' title='bbox 1284 1059 1383 1097; x_wconf 89' lang='lat' dir='ltr'>aliquid</span> <span class='ocrx_word' id='word_1_392' title='bbox 1398 1068 1430 1086; x_wconf 91' lang='lat' dir='ltr'>ex</span> <span class='ocrx_word' id='word_1_393' title='bbox 1444 1061 1531 1096; x_wconf 88' lang='lat' dir='ltr'>prima</span> <span class='ocrx_word' id='word_1_394' title='bbox 1545 1059 1613 1097; x_wconf 85' lang='lat' dir='ltr'>lege.</span> <span class='ocrx_word' id='word_1_395' title='bbox 1644 1059 1778 1088; x_wconf 64' lang='lat' dir='ltr'>Hastenus</span> <span class='ocrx_word' id='word_1_396' title='bbox 1791 1060 1840 1088; x_wconf 87' lang='lat' dir='ltr'>ille.</span> <span class='ocrx_word' id='word_1_397' title='bbox 1869 1063 1919 1090; x_wconf 89' lang='lat' dir='ltr'>Sed</span> <span class='ocrx_word' id='word_1_398' title='bbox 1932 1068 2003 1091; x_wconf 89' lang='lat' dir='ltr'>tem-</span> 
     </span>
     <span class='ocr_line' id='line_1_27' title="bbox 417 1097 2003 1137; baseline 0.001 -11"><span class='ocrx_word' id='word_1_399' title='bbox 417 1106 466 1134; x_wconf 88' lang='lat' dir='ltr'>pus</span> <span class='ocrx_word' id='word_1_400' title='bbox 486 1098 537 1129; x_wconf 88' lang='lat' dir='ltr'>est,</span> <span class='ocrx_word' id='word_1_401' title='bbox 558 1106 587 1126; x_wconf 91' lang='lat' dir='ltr'>ut</span> <span class='ocrx_word' id='word_1_402' title='bbox 609 1098 692 1134; x_wconf 86' lang='lat' dir='ltr'>ipsam</span> <span class='ocrx_word' id='word_1_403' title='bbox 713 1098 804 1134; x_wconf 87' lang='lat' dir='ltr'>legum</span> <span class='ocrx_word' id='word_1_404' title='bbox 819 1098 1007 1125; x_wconf 84' lang='lat' dir='ltr'>recitationem</span> <span class='ocrx_word' id='word_1_405' title='bbox 1023 1100 1225 1136; x_wconf 85' lang='lat' dir='ltr'>aggrediamur,</span> <span class='ocrx_word' id='word_1_406' title='bbox 1244 1099 1317 1137; x_wconf 91' lang='lat' dir='ltr'>quod</span> <span class='ocrx_word' id='word_1_407' title='bbox 1330 1097 1459 1127; x_wconf 88' lang='lat' dir='ltr'>faciemus</span> <span class='ocrx_word' id='word_1_408' title='bbox 1469 1118 1477 1131; x_wconf 93' lang='lat'>,</span> <span class='ocrx_word' id='word_1_409' title='bbox 1497 1097 1516 1126; x_wconf 85' lang='lat' dir='ltr'>fi</span> <span class='ocrx_word' id='word_1_410' title='bbox 1529 1099 1601 1137; x_wconf 82' lang='lat' dir='ltr'>prius</span> <span class='ocrx_word' id='word_1_411' title='bbox 1612 1097 1643 1126; x_wconf 77' lang='lat' dir='ltr'>de</span> <span class='ocrx_word' id='word_1_412' title='bbox 1657 1098 1750 1135; x_wconf 77' lang='lat' dir='ltr'>origine</span> <span class='ocrx_word' id='word_1_413' title='bbox 1764 1101 1790 1128; x_wconf 69' lang='grc' dir='ltr'>ὃ(</span> <span class='ocrx_word' id='word_1_414' title='bbox 1805 1100 1924 1136; x_wconf 85' lang='lat' dir='ltr'>proccffu</span> <span class='ocrx_word' id='word_1_415' title='bbox 1932 1101 2003 1136; x_wconf 48' lang='lat' dir='ltr'>juri&amp;</span> 
     </span>
     <span class='ocr_line' id='line_1_28' title="bbox 417 1135 1146 1174; baseline 0.001 -9"><span class='ocrx_word' id='word_1_416' title='bbox 417 1137 539 1165; x_wconf 79' lang='lat' dir='ltr'>Romani</span> <span class='ocrx_word' id='word_1_417' title='bbox 552 1137 699 1165; x_wconf 86' lang='lat' dir='ltr'>dixerimus</span> <span class='ocrx_word' id='word_1_418' title='bbox 708 1157 716 1169; x_wconf 96' lang='lat'>,</span> <span class='ocrx_word' id='word_1_419' title='bbox 735 1136 762 1164; x_wconf 88' lang='lat' dir='ltr'>id</span> <span class='ocrx_word' id='word_1_420' title='bbox 780 1135 852 1173; x_wconf 91' lang='lat' dir='ltr'>quod</span> <span class='ocrx_word' id='word_1_421' title='bbox 864 1137 953 1174; x_wconf 83' lang='lat' dir='ltr'>paucis</span> <span class='ocrx_word' id='word_1_422' title='bbox 965 1138 1146 1174; x_wconf 85' lang='lat' dir='ltr'>expediemus.</span> 
     </span>
    </p>
   </div>
   <div class='ocr_carea' id='block_1_3' title="bbox 886 1211 1532 1329">
    <p class='ocr_par' dir='ltr' id='par_1_6' title="bbox 886 1211 1532 1329">
     <span class='ocr_line' id='line_1_29' title="bbox 1113 1211 1314 1241; baseline -0.005 0"><span class='ocrx_word' id='word_1_423' title='bbox 1113 1213 1137 1240; x_wconf 93' lang='lat' dir='ltr'>C</span> <span class='ocrx_word' id='word_1_424' title='bbox 1157 1223 1175 1241; x_wconf 80' lang='lat' dir='ltr'>A</span> <span class='ocrx_word' id='word_1_425' title='bbox 1195 1222 1219 1241; x_wconf 75' lang='grc' dir='ltr'>Ρ.</span> <span class='ocrx_word' id='word_1_426' title='bbox 1259 1211 1314 1240; x_wconf 88' lang='lat' dir='ltr'>IV.</span> 
     </span>
     <span class='ocr_line' id='line_1_30' title="bbox 886 1278 1532 1329; baseline 0 -15"><span class='ocrx_word' id='word_1_427' title='bbox 886 1279 939 1314; x_wconf 84' lang='lat' dir='ltr'>De</span> <span class='ocrx_word' id='word_1_428' title='bbox 956 1279 1074 1328; x_wconf 68' lang='lat' dir='ltr'>origine</span> <span class='ocrx_word' id='word_1_429' title='bbox 1088 1285 1135 1315; x_wconf 69' lang='lat'>(7⁴</span> <span class='ocrx_word' id='word_1_430' title='bbox 1145 1279 1273 1329; x_wconf 71' lang='lat' dir='ltr'>proceffie</span> <span class='ocrx_word' id='word_1_431' title='bbox 1283 1280 1369 1326; x_wconf 83' lang='lat' dir='ltr'>juris</span> <span class='ocrx_word' id='word_1_432' title='bbox 1389 1278 1532 1314; x_wconf 70' lang='lat' dir='ltr'>Romani.</span> 
     </span>
    </p>
   </div>
   <div class='ocr_carea' id='block_1_4' title="bbox 420 1355 2072 1418">
    <p class='ocr_par' dir='ltr' id='par_1_7' title="bbox 420 1355 2072 1418">
     <span class='ocr_line' id='line_1_31' title="bbox 420 1355 2072 1418; baseline 0.002 -35"><span class='ocrx_word' id='word_1_433' title='bbox 420 1356 594 1418; x_wconf 79' lang='lat' dir='ltr'>originem</span> <span class='ocrx_word' id='word_1_434' title='bbox 614 1361 641 1388; x_wconf 66' lang='grc' dir='ltr'>ὃς</span> <span class='ocrx_word' id='word_1_435' title='bbox 660 1358 811 1396; x_wconf 74' lang='lat' dir='ltr'>processum</span> <span class='ocrx_word' id='word_1_436' title='bbox 829 1358 899 1394; x_wconf 70' lang='lat' dir='ltr'>juris</span> <span class='ocrx_word' id='word_1_437' title='bbox 917 1360 1026 1388; x_wconf 78' lang='lat' dir='ltr'>Romani</span> <span class='ocrx_word' id='word_1_438' title='bbox 1044 1359 1207 1397; x_wconf 77' lang='lat' dir='ltr'>expositurus</span> <span class='ocrx_word' id='word_1_439' title='bbox 1233 1355 1382 1392; x_wconf 76' lang='lat' dir='ltr'>Pomponius</span> <span class='ocrx_word' id='word_1_440' title='bbox 1401 1356 1598 1394; x_wconf 84' lang='lat' dir='ltr'>jurisconsultus</span> <span class='ocrx_word' id='word_1_441' title='bbox 1613 1377 1620 1389; x_wconf 79' lang='lat'>,</span> <span class='ocrx_word' id='word_1_442' title='bbox 1646 1357 1740 1394; x_wconf 85' lang='lat' dir='ltr'>incipit</span> <span class='ocrx_word' id='word_1_443' title='bbox 1759 1356 1773 1385; x_wconf 75' lang='grc' dir='ltr'>ἐι</span> <span class='ocrx_word' id='word_1_444' title='bbox 1790 1356 1884 1396; x_wconf 76' lang='lat' dir='ltr'>legibus</span> <span class='ocrx_word' id='word_1_445' title='bbox 1902 1358 2005 1396; x_wconf 65' lang='lat' dir='ltr'>Regiis,</span> <span class='ocrx_word' id='word_1_446' title='bbox 2052 1366 2054 1379; x_wconf 63' lang='lat'>³</span> <span class='ocrx_word' id='word_1_447' title='bbox 2069 1365 2072 1370; x_wconf 57' lang='lat'><em>¹</em></span> 
     </span>
    </p>
   </div>
   <div class='ocr_carea' id='block_1_5' title="bbox 418 1394 2007 1586">
    <p class='ocr_par' dir='ltr' id='par_1_8' title="bbox 418 1394 2007 1586">
     <span class='ocr_line' id='line_1_32' title="bbox 508 1394 2007 1435; baseline 0.001 -11"><span class='ocrx_word' id='word_1_448' title='bbox 508 1397 602 1433; x_wconf 85' lang='lat' dir='ltr'>quibus</span> <span class='ocrx_word' id='word_1_449' title='bbox 614 1397 719 1426; x_wconf 87' lang='lat' dir='ltr'>sublatis</span> <span class='ocrx_word' id='word_1_450' title='bbox 734 1418 743 1430; x_wconf 91' lang='lat'>,</span> <span class='ocrx_word' id='word_1_451' title='bbox 766 1400 803 1426; x_wconf 89' lang='lat' dir='ltr'>ait</span> <span class='ocrx_word' id='word_1_452' title='bbox 817 1398 958 1426; x_wconf 80' lang='lat' dir='ltr'>succeffisse</span> <span class='ocrx_word' id='word_1_453' title='bbox 972 1398 1103 1425; x_wconf 78' lang='lat' dir='ltr'>duodecim</span> <span class='ocrx_word' id='word_1_454' title='bbox 1116 1397 1212 1425; x_wconf 75' lang='lat' dir='ltr'>tabulas</span> <span class='ocrx_word' id='word_1_455' title='bbox 1224 1417 1233 1428; x_wconf 91' lang='lat'>,</span> <span class='ocrx_word' id='word_1_456' title='bbox 1261 1406 1293 1423; x_wconf 88' lang='lat' dir='ltr'>ex</span> <span class='ocrx_word' id='word_1_457' title='bbox 1307 1396 1401 1433; x_wconf 84' lang='lat' dir='ltr'>quibus</span> <span class='ocrx_word' id='word_1_458' title='bbox 1407 1398 1454 1430; x_wconf 59' lang='lat' dir='ltr'>juo</span> <span class='ocrx_word' id='word_1_459' title='bbox 1467 1394 1541 1435; x_wconf 74' lang='lat' dir='ltr'>civile</span> <span class='ocrx_word' id='word_1_460' title='bbox 1554 1395 1661 1424; x_wconf 84' lang='lat' dir='ltr'>fluxerit</span> <span class='ocrx_word' id='word_1_461' title='bbox 1674 1416 1682 1427; x_wconf 86' lang='lat'>‚</span> <span class='ocrx_word' id='word_1_462' title='bbox 1703 1395 1851 1424; x_wconf 75' lang='lat' dir='ltr'>fiibsecutas</span> <span class='ocrx_word' id='word_1_463' title='bbox 1867 1398 1957 1433; x_wconf 86' lang='lat' dir='ltr'>postea</span> <span class='ocrx_word' id='word_1_464' title='bbox 1969 1399 2007 1426; x_wconf 89' lang='lat' dir='ltr'>le-</span> 
     </span>
     <span class='ocr_line' id='line_1_33' title="bbox 418 1433 2006 1471; baseline 0 -10"><span class='ocrx_word' id='word_1_465' title='bbox 418 1443 465 1471; x_wconf 83' lang='lat' dir='ltr'>ges</span> <span class='ocrx_word' id='word_1_466' title='bbox 479 1434 540 1462; x_wconf 83' lang='lat' dir='ltr'>alias</span> <span class='ocrx_word' id='word_1_467' title='bbox 553 1455 560 1466; x_wconf 96' lang='lat'>,</span> <span class='ocrx_word' id='word_1_468' title='bbox 581 1435 704 1470; x_wconf 76' lang='lat' dir='ltr'>plebiscita</span> <span class='ocrx_word' id='word_1_469' title='bbox 716 1455 725 1466; x_wconf 92' lang='lat'><em>‚</em></span> <span class='ocrx_word' id='word_1_470' title='bbox 745 1436 958 1470; x_wconf 65' lang='lat' dir='ltr'>senatusconsulta</span> <span class='ocrx_word' id='word_1_471' title='bbox 973 1457 980 1468; x_wconf 89' lang='lat'>‚</span> <span class='ocrx_word' id='word_1_472' title='bbox 1000 1444 1134 1470; x_wconf 64' lang='lat' dir='ltr'>pratorum</span> <span class='ocrx_word' id='word_1_473' title='bbox 1148 1435 1235 1463; x_wconf 65' lang='lat' dir='ltr'>ediffln</span> <span class='ocrx_word' id='word_1_474' title='bbox 1245 1455 1254 1468; x_wconf 88' lang='lat'><em>‚</em></span> <span class='ocrx_word' id='word_1_475' title='bbox 1282 1435 1309 1462; x_wconf 85' lang='lat'>&amp;</span> <span class='ocrx_word' id='word_1_476' title='bbox 1322 1433 1469 1467; x_wconf 74' lang='lat' dir='ltr'>Principum</span> <span class='ocrx_word' id='word_1_477' title='bbox 1476 1433 1571 1467; x_wconf 75' lang='lat' dir='ltr'>placita</span> <span class='ocrx_word' id='word_1_478' title='bbox 1581 1453 1588 1464; x_wconf 89' lang='lat'><em>,</em></span> <span class='ocrx_word' id='word_1_479' title='bbox 1608 1434 1641 1461; x_wconf 89' lang='lat' dir='ltr'>de</span> <span class='ocrx_word' id='word_1_480' title='bbox 1658 1433 1752 1469; x_wconf 84' lang='lat' dir='ltr'>quibus</span> <span class='ocrx_word' id='word_1_481' title='bbox 1766 1434 1892 1462; x_wconf 88' lang='lat' dir='ltr'>omnibus</span> <span class='ocrx_word' id='word_1_482' title='bbox 1910 1437 2006 1463; x_wconf 84' lang='lat' dir='ltr'>ordine</span> 
     </span>
     <span class='ocr_line' id='line_1_34' title="bbox 418 1470 2006 1509; baseline 0.002 -11"><span class='ocrx_word' id='word_1_483' title='bbox 418 1471 506 1508; x_wconf 85' lang='lat' dir='ltr'>ipsum</span> <span class='ocrx_word' id='word_1_484' title='bbox 520 1472 691 1501; x_wconf 82' lang='lat' dir='ltr'>disserentem</span> <span class='ocrx_word' id='word_1_485' title='bbox 704 1475 854 1501; x_wconf 86' lang='lat' dir='ltr'>audiemus.</span> <span class='ocrx_word' id='word_1_486' title='bbox 879 1474 921 1501; x_wconf 83' lang='lat' dir='ltr'>Sic</span> <span class='ocrx_word' id='word_1_487' title='bbox 936 1484 1000 1502; x_wconf 89' lang='lat' dir='ltr'>vero</span> <span class='ocrx_word' id='word_1_488' title='bbox 1014 1475 1034 1501; x_wconf 85' lang='lat' dir='ltr'>is</span> <span class='ocrx_word' id='word_1_489' title='bbox 1047 1473 1150 1502; x_wconf 85' lang='lat' dir='ltr'>scribit:</span> <span class='ocrx_word' id='word_1_490' title='bbox 1172 1473 1255 1501; x_wconf 88' lang='lat' dir='ltr'>Initio</span> <span class='ocrx_word' id='word_1_491' title='bbox 1268 1472 1382 1499; x_wconf 86' lang='lat' dir='ltr'>civitatis</span> <span class='ocrx_word' id='word_1_492' title='bbox 1395 1471 1489 1498; x_wconf 80' lang='lat' dir='ltr'>nostrae</span> <span class='ocrx_word' id='word_1_493' title='bbox 1502 1470 1615 1507; x_wconf 85' lang='lat' dir='ltr'>populus</span> <span class='ocrx_word' id='word_1_494' title='bbox 1630 1471 1682 1498; x_wconf 82' lang='lat' dir='ltr'>{ine</span> <span class='ocrx_word' id='word_1_495' title='bbox 1697 1470 1756 1506; x_wconf 84' lang='lat' dir='ltr'>lege</span> <span class='ocrx_word' id='word_1_496' title='bbox 1770 1480 1842 1499; x_wconf 86' lang='lat' dir='ltr'>certa</span> <span class='ocrx_word' id='word_1_497' title='bbox 1852 1492 1859 1503; x_wconf 95' lang='lat'>‚</span> <span class='ocrx_word' id='word_1_498' title='bbox 1879 1472 1933 1500; x_wconf 80' lang='lat' dir='ltr'>fine</span> <span class='ocrx_word' id='word_1_499' title='bbox 1944 1474 2006 1509; x_wconf 81' lang='lat' dir='ltr'>jure</span> 
     </span>
     <span class='ocr_line' id='line_1_35' title="bbox 420 1508 2007 1549; baseline -0.001 -14"><span class='ocrx_word' id='word_1_500' title='bbox 420 1516 495 1537; x_wconf 70' lang='lat' dir='ltr'>certo</span> <span class='ocrx_word' id='word_1_501' title='bbox 509 1510 630 1545; x_wconf 88' lang='lat' dir='ltr'>primum</span> <span class='ocrx_word' id='word_1_502' title='bbox 644 1520 722 1547; x_wconf 84' lang='lat' dir='ltr'>agere</span> <span class='ocrx_word' id='word_1_503' title='bbox 734 1512 862 1539; x_wconf 83' lang='lat' dir='ltr'>instituit:</span> <span class='ocrx_word' id='word_1_504' title='bbox 883 1513 1027 1549; x_wconf 78' lang='lat' dir='ltr'>omniaque</span> <span class='ocrx_word' id='word_1_505' title='bbox 1042 1521 1122 1539; x_wconf 85' lang='lat' dir='ltr'>manu</span> <span class='ocrx_word' id='word_1_506' title='bbox 1136 1510 1210 1547; x_wconf 62' lang='lat' dir='ltr'>Regis</span> <span class='ocrx_word' id='word_1_507' title='bbox 1223 1508 1447 1547; x_wconf 83' lang='lat' dir='ltr'>gubernabantur:</span> <span class='ocrx_word' id='word_1_508' title='bbox 1470 1509 1560 1535; x_wconf 77' lang='lat' dir='ltr'>Postea</span> <span class='ocrx_word' id='word_1_509' title='bbox 1573 1508 1648 1535; x_wconf 70' lang='lat' dir='ltr'>austa</span> <span class='ocrx_word' id='word_1_510' title='bbox 1661 1508 1693 1535; x_wconf 88' lang='lat' dir='ltr'>ad</span> <span class='ocrx_word' id='word_1_511' title='bbox 1706 1508 1822 1545; x_wconf 84' lang='lat' dir='ltr'>aliquem</span> <span class='ocrx_word' id='word_1_512' title='bbox 1838 1510 1953 1537; x_wconf 84' lang='lat' dir='ltr'>modum</span> <span class='ocrx_word' id='word_1_513' title='bbox 1970 1512 2007 1538; x_wconf 73' lang='lat' dir='ltr'>cj-</span> 
     </span>
     <span class='ocr_line' id='line_1_36' title="bbox 422 1546 2006 1586; baseline -0.001 -13"><span class='ocrx_word' id='word_1_514' title='bbox 422 1547 505 1574; x_wconf 83' lang='lat' dir='ltr'>vitate</span> <span class='ocrx_word' id='word_1_515' title='bbox 517 1567 524 1578; x_wconf 91' lang='lat'>,</span> <span class='ocrx_word' id='word_1_516' title='bbox 550 1547 637 1583; x_wconf 88' lang='lat' dir='ltr'>ipsum</span> <span class='ocrx_word' id='word_1_517' title='bbox 653 1549 789 1575; x_wconf 80' lang='lat' dir='ltr'>Romulum</span> <span class='ocrx_word' id='word_1_518' title='bbox 802 1549 914 1576; x_wconf 73' lang='lat' dir='ltr'>traditur</span> <span class='ocrx_word' id='word_1_519' title='bbox 924 1550 1055 1586; x_wconf 86' lang='lat' dir='ltr'>populum</span> <span class='ocrx_word' id='word_1_520' title='bbox 1070 1551 1097 1576; x_wconf 87' lang='lat' dir='ltr'>in</span> <span class='ocrx_word' id='word_1_521' title='bbox 1111 1549 1221 1586; x_wconf 85' lang='lat' dir='ltr'>triginta</span> <span class='ocrx_word' id='word_1_522' title='bbox 1234 1554 1321 1584; x_wconf 87' lang='lat' dir='ltr'>partes</span> <span class='ocrx_word' id='word_1_523' title='bbox 1334 1546 1446 1573; x_wconf 77' lang='lat' dir='ltr'>divifiss‘e</span> <span class='ocrx_word' id='word_1_524' title='bbox 1457 1556 1462 1572; x_wconf 87' lang='lat'><strong>:</strong></span> <span class='ocrx_word' id='word_1_525' title='bbox 1492 1554 1556 1582; x_wconf 85' lang='lat' dir='ltr'>quas</span> <span class='ocrx_word' id='word_1_526' title='bbox 1568 1552 1656 1582; x_wconf 84' lang='lat' dir='ltr'>partes</span> <span class='ocrx_word' id='word_1_527' title='bbox 1668 1555 1747 1572; x_wconf 76' lang='lat' dir='ltr'>curias</span> <span class='ocrx_word' id='word_1_528' title='bbox 1759 1547 1901 1582; x_wconf 81' lang='lat' dir='ltr'>appellavit</span> <span class='ocrx_word' id='word_1_529' title='bbox 1914 1568 1921 1578; x_wconf 98' lang='lat'>‚</span> <span class='ocrx_word' id='word_1_530' title='bbox 1942 1558 2006 1584; x_wconf 82' lang='lat' dir='ltr'>pro-</span> 
     </span>
    </p>
   </div>
   <div class='ocr_carea' id='block_1_6' title="bbox 2064 1401 2075 1504">
    <p class='ocr_par' dir='ltr' id='par_1_9' title="bbox 2064 1401 2075 1504">
     <span class='ocr_line' id='line_1_37' title="bbox 2064 1401 2075 1504; textangle 90"><span class='ocrx_word' id='word_1_531' title='bbox 2064 1401 2075 1504; x_wconf 40' lang='lat' dir='ltr'>sq*</span> 
     </span>
    </p>
   </div>
   <div class='ocr_carea' id='block_1_7' title="bbox 420 1583 2054 1624">
    <p class='ocr_par' dir='ltr' id='par_1_10' title="bbox 420 1583 2054 1624">
     <span class='ocr_line' id='line_1_38' title="bbox 420 1583 2054 1624; baseline 0.002 -13"><span class='ocrx_word' id='word_1_532' title='bbox 420 1593 512 1624; x_wconf 82' lang='lat' dir='ltr'>pterea</span> <span class='ocrx_word' id='word_1_533' title='bbox 526 1585 597 1622; x_wconf 89' lang='lat' dir='ltr'>quod</span> <span class='ocrx_word' id='word_1_534' title='bbox 612 1593 675 1614; x_wconf 90' lang='lat' dir='ltr'>tunc</span> <span class='ocrx_word' id='word_1_535' title='bbox 687 1586 837 1624; x_wconf 82' lang='lat' dir='ltr'>reipublicae</span> <span class='ocrx_word' id='word_1_536' title='bbox 849 1596 922 1614; x_wconf 89' lang='lat' dir='ltr'>curas</span> <span class='ocrx_word' id='word_1_537' title='bbox 938 1596 985 1623; x_wconf 89' lang='lat' dir='ltr'>per</span> <span class='ocrx_word' id='word_1_538' title='bbox 997 1588 1137 1616; x_wconf 67' lang='lat' dir='ltr'>iententias</span> <span class='ocrx_word' id='word_1_539' title='bbox 1150 1587 1268 1622; x_wconf 86' lang='lat' dir='ltr'>partium</span> <span class='ocrx_word' id='word_1_540' title='bbox 1281 1593 1372 1612; x_wconf 87' lang='lat' dir='ltr'>earum</span> <span class='ocrx_word' id='word_1_541' title='bbox 1386 1584 1550 1619; x_wconf 79' lang='lat' dir='ltr'>expediebat.</span> <span class='ocrx_word' id='word_1_542' title='bbox 1586 1584 1620 1610; x_wconf 85' lang='lat' dir='ltr'>Et</span> <span class='ocrx_word' id='word_1_543' title='bbox 1634 1585 1670 1610; x_wconf 85' lang='lat' dir='ltr'>ita</span> <span class='ocrx_word' id='word_1_544' title='bbox 1684 1583 1753 1620; x_wconf 84' lang='lat' dir='ltr'>leges</span> <span class='ocrx_word' id='word_1_545' title='bbox 1768 1584 1893 1620; x_wconf 78' lang='lat' dir='ltr'>quaidam</span> <span class='ocrx_word' id='word_1_546' title='bbox 1909 1588 1935 1613; x_wconf 85' lang='lat'>&amp;</span> <span class='ocrx_word' id='word_1_547' title='bbox 1950 1586 2006 1622; x_wconf 86' lang='lat' dir='ltr'>ipse</span> <span class='ocrx_word' id='word_1_548' title='bbox 2052 1587 2054 1600; x_wconf 81' lang='lat'>³</span> 
     </span>
    </p>
   </div>
   <div class='ocr_carea' id='block_1_8' title="bbox 420 1619 2006 1704">
    <p class='ocr_par' dir='ltr' id='par_1_11' title="bbox 420 1619 2006 1704">
     <span class='ocr_line' id='line_1_39' title="bbox 420 1619 2006 1662; baseline -0.001 -13"><span class='ocrx_word' id='word_1_549' title='bbox 420 1630 530 1650; x_wconf 68' lang='lat' dir='ltr'>curiatae</span> <span class='ocrx_word' id='word_1_550' title='bbox 543 1623 575 1651; x_wconf 89' lang='lat' dir='ltr'>ad</span> <span class='ocrx_word' id='word_1_551' title='bbox 590 1624 719 1661; x_wconf 89' lang='lat' dir='ltr'>populum</span> <span class='ocrx_word' id='word_1_552' title='bbox 734 1624 796 1653; x_wconf 88' lang='lat' dir='ltr'>tulit</span> <span class='ocrx_word' id='word_1_553' title='bbox 810 1636 815 1652; x_wconf 90' lang='lat'>:</span> <span class='ocrx_word' id='word_1_554' title='bbox 834 1624 952 1653; x_wconf 90' lang='lat' dir='ltr'>tulerunt</span> <span class='ocrx_word' id='word_1_555' title='bbox 965 1627 992 1653; x_wconf 72' lang='grc' dir='ltr'>ὅ(</span> <span class='ocrx_word' id='word_1_556' title='bbox 1003 1624 1142 1662; x_wconf 86' lang='lat' dir='ltr'>sequentes</span> <span class='ocrx_word' id='word_1_557' title='bbox 1155 1627 1246 1660; x_wconf 82' lang='lat' dir='ltr'>Reges,</span> <span class='ocrx_word' id='word_1_558' title='bbox 1266 1632 1324 1660; x_wconf 88' lang='lat' dir='ltr'>quae</span> <span class='ocrx_word' id='word_1_559' title='bbox 1336 1630 1436 1662; x_wconf 28' lang='lat' dir='ltr'>omnes*</span> <span class='ocrx_word' id='word_1_560' title='bbox 1445 1619 1599 1657; x_wconf 81' lang='lat' dir='ltr'>conscriptae</span> <span class='ocrx_word' id='word_1_561' title='bbox 1614 1628 1706 1648; x_wconf 77' lang='lat' dir='ltr'>extant</span> <span class='ocrx_word' id='word_1_562' title='bbox 1719 1622 1746 1648; x_wconf 89' lang='lat' dir='ltr'>in</span> <span class='ocrx_word' id='word_1_563' title='bbox 1759 1621 1829 1649; x_wconf 88' lang='lat' dir='ltr'>libro</span> <span class='ocrx_word' id='word_1_564' title='bbox 1843 1621 1918 1650; x_wconf 81' lang='lat' dir='ltr'>Sexti</span> <span class='ocrx_word' id='word_1_565' title='bbox 1931 1624 2006 1659; x_wconf 76' lang='lat' dir='ltr'>Papi-</span> 
     </span>
     <span class='ocr_line' id='line_1_40' title="bbox 421 1657 2006 1704; baseline 0.001 -16"><span class='ocrx_word' id='word_1_566' title='bbox 421 1661 469 1693; x_wconf 80' lang='lat' dir='ltr'>rii,</span> <span class='ocrx_word' id='word_1_567' title='bbox 490 1662 535 1698; x_wconf 87' lang='lat' dir='ltr'>qui</span> <span class='ocrx_word' id='word_1_568' title='bbox 549 1661 600 1689; x_wconf 89' lang='lat' dir='ltr'>fuit</span> <span class='ocrx_word' id='word_1_569' title='bbox 614 1663 662 1690; x_wconf 83' lang='lat' dir='ltr'>illis</span> <span class='ocrx_word' id='word_1_570' title='bbox 676 1663 856 1704; x_wconf 81' lang='lat' dir='ltr'>temporibus,</span> <span class='ocrx_word' id='word_1_571' title='bbox 878 1662 971 1700; x_wconf 90' lang='lat' dir='ltr'>quibus</span> <span class='ocrx_word' id='word_1_572' title='bbox 982 1662 1105 1697; x_wconf 81' lang='lat' dir='ltr'>Superbus</span> <span class='ocrx_word' id='word_1_573' title='bbox 1117 1660 1256 1690; x_wconf 75' lang='lat' dir='ltr'>Demarati</span> <span class='ocrx_word' id='word_1_574' title='bbox 1270 1659 1402 1688; x_wconf 89' lang='lat' dir='ltr'>Corinthii</span> <span class='ocrx_word' id='word_1_575' title='bbox 1407 1658 1484 1697; x_wconf 75' lang='lat' dir='ltr'>filius</span> <span class='ocrx_word' id='word_1_576' title='bbox 1497 1668 1529 1686; x_wconf 88' lang='lat' dir='ltr'>ex</span> <span class='ocrx_word' id='word_1_577' title='bbox 1543 1657 1728 1696; x_wconf 87' lang='lat' dir='ltr'>principalibus</span> <span class='ocrx_word' id='word_1_578' title='bbox 1744 1660 1814 1688; x_wconf 88' lang='lat' dir='ltr'>viris.</span> <span class='ocrx_word' id='word_1_579' title='bbox 1840 1661 1865 1687; x_wconf 89' lang='lat' dir='ltr'>Is</span> <span class='ocrx_word' id='word_1_580' title='bbox 1880 1660 1947 1689; x_wconf 87' lang='lat' dir='ltr'>liber</span> <span class='ocrx_word' id='word_1_581' title='bbox 1960 1671 2006 1699; x_wconf 86' lang='lat' dir='ltr'>ap-</span> 
     </span>
    </p>
   </div>
   <div class='ocr_carea' id='block_1_9' title="bbox 422 1696 2053 1741">
    <p class='ocr_par' dir='ltr' id='par_1_12' title="bbox 422 1696 2053 1741">
     <span class='ocr_line' id='line_1_41' title="bbox 422 1696 2053 1741; baseline 0.001 -14"><span class='ocrx_word' id='word_1_582' title='bbox 422 1698 535 1735; x_wconf 85' lang='lat' dir='ltr'>pellatur</span> <span class='ocrx_word' id='word_1_583' title='bbox 546 1701 592 1733; x_wconf 84' lang='lat' dir='ltr'>jus</span> <span class='ocrx_word' id='word_1_584' title='bbox 605 1699 681 1728; x_wconf 74' lang='lat' dir='ltr'>civile</span> <span class='ocrx_word' id='word_1_585' title='bbox 695 1700 876 1736; x_wconf 78' lang='lat' dir='ltr'>Papirianum.-</span> <span class='ocrx_word' id='word_1_586' title='bbox 895 1710 950 1729; x_wconf 91' lang='lat' dir='ltr'>non</span> <span class='ocrx_word' id='word_1_587' title='bbox 964 1701 1024 1738; x_wconf 88' lang='lat' dir='ltr'>quia</span> <span class='ocrx_word' id='word_1_588' title='bbox 1039 1700 1154 1741; x_wconf 55' lang='lat' dir='ltr'>Papirius</span> <span class='ocrx_word' id='word_1_589' title='bbox 1167 1700 1201 1727; x_wconf 91' lang='lat' dir='ltr'>de</span> <span class='ocrx_word' id='word_1_590' title='bbox 1213 1699 1260 1726; x_wconf 91' lang='lat' dir='ltr'>suo</span> <span class='ocrx_word' id='word_1_591' title='bbox 1274 1699 1417 1735; x_wconf 85' lang='lat' dir='ltr'>quicquam</span> <span class='ocrx_word' id='word_1_592' title='bbox 1431 1697 1466 1724; x_wconf 89' lang='lat' dir='ltr'>ibi</span> <span class='ocrx_word' id='word_1_593' title='bbox 1479 1697 1592 1733; x_wconf 83' lang='lat' dir='ltr'>adjecit:</span> <span class='ocrx_word' id='word_1_594' title='bbox 1612 1696 1656 1724; x_wconf 91' lang='lat' dir='ltr'>sed</span> <span class='ocrx_word' id='word_1_595' title='bbox 1673 1697 1745 1734; x_wconf 89' lang='lat' dir='ltr'>quod</span> <span class='ocrx_word' id='word_1_596' title='bbox 1758 1697 1828 1736; x_wconf 87' lang='lat' dir='ltr'>leges</span> <span class='ocrx_word' id='word_1_597' title='bbox 1842 1698 1897 1727; x_wconf 89' lang='lat' dir='ltr'>fine</span> <span class='ocrx_word' id='word_1_598' title='bbox 1910 1701 2006 1728; x_wconf 85' lang='lat' dir='ltr'>ordine</span> <span class='ocrx_word' id='word_1_599' title='bbox 2050 1711 2053 1718; x_wconf 64' lang='lat'>¹</span> 
     </span>
    </p>
   </div>
   <div class='ocr_carea' id='block_1_10' title="bbox 424 1735 2052 1776">
    <p class='ocr_par' dir='ltr' id='par_1_13' title="bbox 424 1735 2052 1776">
     <span class='ocr_line' id='line_1_42' title="bbox 424 1735 2052 1776; baseline 0.001 -11"><span class='ocrx_word' id='word_1_600' title='bbox 424 1739 486 1765; x_wconf 74' lang='lat' dir='ltr'>latas</span> <span class='ocrx_word' id='word_1_601' title='bbox 499 1738 526 1765; x_wconf 90' lang='lat' dir='ltr'>in</span> <span class='ocrx_word' id='word_1_602' title='bbox 540 1747 624 1767; x_wconf 90' lang='lat' dir='ltr'>unum</span> <span class='ocrx_word' id='word_1_603' title='bbox 639 1739 800 1776; x_wconf 79' lang='lat' dir='ltr'>composuit.</span> <span class='ocrx_word' id='word_1_604' title='bbox 822 1741 862 1767; x_wconf 93' lang='lat' dir='ltr'>De</span> <span class='ocrx_word' id='word_1_605' title='bbox 875 1738 927 1766; x_wconf 90' lang='lat' dir='ltr'>hoc</span> <span class='ocrx_word' id='word_1_606' title='bbox 932 1741 993 1774; x_wconf 82' lang='lat' dir='ltr'>jure</span> <span class='ocrx_word' id='word_1_607' title='bbox 1008 1738 1143 1773; x_wconf 74' lang='lat' dir='ltr'>Papiriano</span> <span class='ocrx_word' id='word_1_608' title='bbox 1154 1737 1252 1765; x_wconf 80' lang='lat' dir='ltr'>librum</span> <span class='ocrx_word' id='word_1_609' title='bbox 1270 1736 1370 1772; x_wconf 77' lang='lat' dir='ltr'>scripfit</span> <span class='ocrx_word' id='word_1_610' title='bbox 1383 1735 1541 1772; x_wconf 76' lang='lat' dir='ltr'>singularem</span> <span class='ocrx_word' id='word_1_611' title='bbox 1556 1735 1668 1762; x_wconf 80' lang='lat' dir='ltr'>Granius</span> <span class='ocrx_word' id='word_1_612' title='bbox 1680 1735 1780 1763; x_wconf 82' lang='lat' dir='ltr'>Flaccus</span> <span class='ocrx_word' id='word_1_613' title='bbox 1792 1735 1958 1772; x_wconf 76' lang='lat' dir='ltr'>Licinianus,</span> <span class='ocrx_word' id='word_1_614' title='bbox 1975 1740 2004 1767; x_wconf 89' lang='lat' dir='ltr'>in</span> <span class='ocrx_word' id='word_1_615' title='bbox 2050 1754 2052 1758; x_wconf 87' lang='lat'><em>.</em></span> 
     </span>
    </p>
   </div>
   <div class='ocr_carea' id='block_1_11' title="bbox 424 1772 2005 1892">
    <p class='ocr_par' dir='ltr' id='par_1_14' title="bbox 424 1772 2005 1892">
     <span class='ocr_line' id='line_1_43' title="bbox 425 1772 1765 1814; baseline 0.001 -12"><span class='ocrx_word' id='word_1_616' title='bbox 425 1786 478 1814; x_wconf 75' lang='lat' dir='ltr'>quo</span> <span class='ocrx_word' id='word_1_617' title='bbox 494 1777 621 1808; x_wconf 87' lang='lat' dir='ltr'>Romuli,</span> <span class='ocrx_word' id='word_1_618' title='bbox 642 1779 742 1805; x_wconf 74' lang='lat' dir='ltr'>Numae</span> <span class='ocrx_word' id='word_1_619' title='bbox 757 1777 896 1813; x_wconf 82' lang='lat' dir='ltr'>Pompilii,</span> <span class='ocrx_word' id='word_1_620' title='bbox 916 1778 1085 1814; x_wconf 85' lang='lat' dir='ltr'>aliorumque</span> <span class='ocrx_word' id='word_1_621' title='bbox 1100 1779 1210 1813; x_wconf 84' lang='lat' dir='ltr'>Regum</span> <span class='ocrx_word' id='word_1_622' title='bbox 1223 1775 1295 1812; x_wconf 87' lang='lat' dir='ltr'>leges</span> <span class='ocrx_word' id='word_1_623' title='bbox 1309 1772 1439 1810; x_wconf 80' lang='lat' dir='ltr'>exposuit.</span> <span class='ocrx_word' id='word_1_624' title='bbox 1480 1809 1483 1812; x_wconf 37' lang='grc' dir='ltr'>Ι</span> <span class='ocrx_word' id='word_1_625' title='bbox 1678 1809 1682 1814; x_wconf 66' lang='lat'>,</span> <span class='ocrx_word' id='word_1_626' title='bbox 1738 1809 1742 1813; x_wconf 27' lang='lat'>⁸</span> <span class='ocrx_word' id='word_1_627' title='bbox 1762 1809 1765 1813; x_wconf 41' lang='grc' dir='ltr'>Ι</span> 
     </span>
     <span class='ocr_line' id='line_1_44' title="bbox 462 1808 2005 1851; baseline 0.003 -11"><span class='ocrx_word' id='word_1_628' title='bbox 462 1818 509 1846; x_wconf 76' lang='lat' dir='ltr'>jus</span> <span class='ocrx_word' id='word_1_629' title='bbox 529 1817 696 1849; x_wconf 61' lang='lat' dir='ltr'>Papirianum</span> <span class='ocrx_word' id='word_1_630' title='bbox 714 1815 853 1844; x_wconf 68' lang='lat' dir='ltr'>subsecutae</span> <span class='ocrx_word' id='word_1_631' title='bbox 866 1815 924 1843; x_wconf 85' lang='lat' dir='ltr'>sunt</span> <span class='ocrx_word' id='word_1_632' title='bbox 938 1816 1067 1843; x_wconf 76' lang='lat' dir='ltr'>duodecim</span> <span class='ocrx_word' id='word_1_633' title='bbox 1079 1813 1175 1842; x_wconf 68' lang='lat' dir='ltr'>tabula.</span> <span class='ocrx_word' id='word_1_634' title='bbox 1215 1813 1319 1841; x_wconf 70' lang='lat' dir='ltr'>Exactis</span> <span class='ocrx_word' id='word_1_635' title='bbox 1333 1812 1405 1840; x_wconf 86' lang='lat' dir='ltr'>enim</span> <span class='ocrx_word' id='word_1_636' title='bbox 1420 1809 1527 1848; x_wconf 75' lang='lat' dir='ltr'>Regibus</span> <span class='ocrx_word' id='word_1_637' title='bbox 1539 1831 1548 1845; x_wconf 89' lang='lat'>‚</span> <span class='ocrx_word' id='word_1_638' title='bbox 1573 1810 1633 1848; x_wconf 84' lang='lat' dir='ltr'>lege</span> <span class='ocrx_word' id='word_1_639' title='bbox 1645 1808 1781 1838; x_wconf 80' lang='lat' dir='ltr'>tribunitia</span> <span class='ocrx_word' id='word_1_640' title='bbox 1795 1812 1822 1840; x_wconf 88' lang='lat' dir='ltr'>in</span> <span class='ocrx_word' id='word_1_641' title='bbox 1836 1811 1883 1841; x_wconf 89' lang='lat' dir='ltr'>usu</span> <span class='ocrx_word' id='word_1_642' title='bbox 1895 1812 1948 1841; x_wconf 89' lang='lat' dir='ltr'>esse</span> <span class='ocrx_word' id='word_1_643' title='bbox 1961 1815 2005 1851; x_wconf 87' lang='lat' dir='ltr'>jus</span> 
     </span>
     <span class='ocr_line' id='line_1_45' title="bbox 424 1849 2005 1892; baseline 0.002 -14"><span class='ocrx_word' id='word_1_644' title='bbox 424 1852 591 1886; x_wconf 70' lang='lat' dir='ltr'>Papirianum</span> <span class='ocrx_word' id='word_1_645' title='bbox 609 1854 685 1882; x_wconf 80' lang='lat' dir='ltr'>defiir</span> <span class='ocrx_word' id='word_1_646' title='bbox 696 1874 703 1885; x_wconf 91' lang='lat'>,</span> <span class='ocrx_word' id='word_1_647' title='bbox 729 1856 755 1883; x_wconf 74' lang='grc' dir='ltr'>ὃ(</span> <span class='ocrx_word' id='word_1_648' title='bbox 776 1863 871 1882; x_wconf 87' lang='lat' dir='ltr'>omnes</span> <span class='ocrx_word' id='word_1_649' title='bbox 892 1855 983 1891; x_wconf 83' lang='lat' dir='ltr'>Regiae</span> <span class='ocrx_word' id='word_1_650' title='bbox 1004 1853 1075 1891; x_wconf 89' lang='lat' dir='ltr'>leges</span> <span class='ocrx_word' id='word_1_651' title='bbox 1093 1852 1267 1880; x_wconf 85' lang='lat' dir='ltr'>exoleverunt</span> <span class='ocrx_word' id='word_1_652' title='bbox 1278 1872 1286 1883; x_wconf 91' lang='lat'><em>‚</em></span> <span class='ocrx_word' id='word_1_653' title='bbox 1310 1852 1469 1892; x_wconf 34' lang='lat' dir='ltr'>iterumque·</span> <span class='ocrx_word' id='word_1_654' title='bbox 1482 1851 1565 1886; x_wconf 85' lang='lat' dir='ltr'>coepit</span> <span class='ocrx_word' id='word_1_655' title='bbox 1576 1849 1678 1883; x_wconf 74' lang='lat' dir='ltr'>populus</span> <span class='ocrx_word' id='word_1_656' title='bbox 1690 1851 1817 1877; x_wconf 81' lang='lat' dir='ltr'>Romanus</span> <span class='ocrx_word' id='word_1_657' title='bbox 1829 1851 1933 1879; x_wconf 85' lang='lat' dir='ltr'>incerto</span> <span class='ocrx_word' id='word_1_658' title='bbox 1947 1862 2005 1881; x_wconf 85' lang='lat' dir='ltr'>ma-</span> 
     </span>
    </p>
   </div>
   <div class='ocr_carea' id='block_1_12' title="bbox 425 1887 2052 1929">
    <p class='ocr_par' dir='ltr' id='par_1_15' title="bbox 425 1887 2052 1929">
     <span class='ocr_line' id='line_1_46' title="bbox 425 1887 2052 1929; baseline 0.001 -11"><span class='ocrx_word' id='word_1_659' title='bbox 425 1891 466 1927; x_wconf 83' lang='lat' dir='ltr'>gis</span> <span class='ocrx_word' id='word_1_660' title='bbox 478 1891 537 1926; x_wconf 82' lang='lat' dir='ltr'>jure</span> <span class='ocrx_word' id='word_1_661' title='bbox 551 1911 558 1923; x_wconf 89' lang='lat'>‚</span> <span class='ocrx_word' id='word_1_662' title='bbox 586 1894 612 1920; x_wconf 85' lang='lat'>&amp;</span> <span class='ocrx_word' id='word_1_663' title='bbox 628 1891 817 1920; x_wconf 82' lang='lat' dir='ltr'>consuetudine</span> <span class='ocrx_word' id='word_1_664' title='bbox 832 1891 918 1929; x_wconf 81' lang='lat' dir='ltr'>aliqua</span> <span class='ocrx_word' id='word_1_665' title='bbox 931 1901 978 1928; x_wconf 89' lang='lat' dir='ltr'>per</span> <span class='ocrx_word' id='word_1_666' title='bbox 992 1891 1072 1920; x_wconf 88' lang='lat' dir='ltr'>latam</span> <span class='ocrx_word' id='word_1_667' title='bbox 1087 1891 1177 1928; x_wconf 89' lang='lat' dir='ltr'>legem</span> <span class='ocrx_word' id='word_1_668' title='bbox 1190 1901 1197 1917; x_wconf 78' lang='lat'>2</span> <span class='ocrx_word' id='word_1_669' title='bbox 1223 1891 1304 1927; x_wconf 88' lang='lat' dir='ltr'>idque</span> <span class='ocrx_word' id='word_1_670' title='bbox 1314 1895 1401 1929; x_wconf 84' lang='lat' dir='ltr'>&#39;prope</span> <span class='ocrx_word' id='word_1_671' title='bbox 1415 1887 1512 1924; x_wconf 77' lang='lat' dir='ltr'>viginti</span> <span class='ocrx_word' id='word_1_672' title='bbox 1527 1889 1600 1915; x_wconf 86' lang='lat' dir='ltr'>annis</span> <span class='ocrx_word' id='word_1_673' title='bbox 1613 1888 1696 1924; x_wconf 74' lang='lat' dir='ltr'>pass&#39;us</span> <span class='ocrx_word' id='word_1_674' title='bbox 1709 1887 1754 1915; x_wconf 88' lang='lat' dir='ltr'>est.</span> <span class='ocrx_word' id='word_1_675' title='bbox 1793 1889 1885 1916; x_wconf 85' lang='lat' dir='ltr'>Postea</span> <span class='ocrx_word' id='word_1_676' title='bbox 1897 1899 1931 1918; x_wconf 92' lang='lat' dir='ltr'>ne</span> <span class='ocrx_word' id='word_1_677' title='bbox 1946 1892 2005 1920; x_wconf 87' lang='lat' dir='ltr'>diu·</span> <span class='ocrx_word' id='word_1_678' title='bbox 2050 1897 2052 1914; x_wconf 58' lang='grc' dir='ltr'><strong><em>ἲ</em></strong></span> 
     </span>
    </p>
   </div>
   <div class='ocr_carea' id='block_1_13' title="bbox 425 1925 2007 2425">
    <p class='ocr_par' dir='ltr' id='par_1_16' title="bbox 425 1925 2007 2236">
     <span class='ocr_line' id='line_1_47' title="bbox 425 1925 2005 1966; baseline -0.001 -10"><span class='ocrx_word' id='word_1_679' title='bbox 425 1929 476 1956; x_wconf 62' lang='lat' dir='ltr'>tius</span> <span class='ocrx_word' id='word_1_680' title='bbox 495 1928 547 1957; x_wconf 87' lang='lat' dir='ltr'>hoc</span> <span class='ocrx_word' id='word_1_681' title='bbox 569 1930 643 1959; x_wconf 77' lang='lat' dir='ltr'>fieret</span> <span class='ocrx_word' id='word_1_682' title='bbox 657 1951 664 1962; x_wconf 91' lang='lat'>,</span> <span class='ocrx_word' id='word_1_683' title='bbox 691 1930 789 1966; x_wconf 85' lang='lat' dir='ltr'>placuit</span> <span class='ocrx_word' id='word_1_684' title='bbox 802 1929 907 1966; x_wconf 88' lang='lat' dir='ltr'>publica</span> <span class='ocrx_word' id='word_1_685' title='bbox 919 1929 1079 1959; x_wconf 84' lang='lat' dir='ltr'>authoritate</span> <span class='ocrx_word' id='word_1_686' title='bbox 1090 1930 1173 1957; x_wconf 83' lang='lat' dir='ltr'>decem</span> <span class='ocrx_word' id='word_1_687' title='bbox 1187 1928 1311 1956; x_wconf 82' lang='lat' dir='ltr'>constitui</span> <span class='ocrx_word' id='word_1_688' title='bbox 1327 1936 1392 1953; x_wconf 75' lang='lat' dir='ltr'>viras</span> <span class='ocrx_word' id='word_1_689' title='bbox 1405 1946 1412 1955; x_wconf 84' lang='lat'>‚</span> <span class='ocrx_word' id='word_1_690' title='bbox 1438 1934 1486 1962; x_wconf 88' lang='lat' dir='ltr'>per</span> <span class='ocrx_word' id='word_1_691' title='bbox 1499 1934 1565 1962; x_wconf 83' lang='lat' dir='ltr'>quos</span> <span class='ocrx_word' id='word_1_692' title='bbox 1579 1933 1732 1962; x_wconf 86' lang='lat' dir='ltr'>peterentur</span> <span class='ocrx_word' id='word_1_693' title='bbox 1744 1925 1816 1963; x_wconf 85' lang='lat' dir='ltr'>leges</span> <span class='ocrx_word' id='word_1_694' title='bbox 1829 1926 1842 1954; x_wconf 75' lang='grc' dir='ltr'>ὲ</span> <span class='ocrx_word' id='word_1_695' title='bbox 1856 1928 1955 1956; x_wconf 74' lang='lat' dir='ltr'>Graecis</span> <span class='ocrx_word' id='word_1_696' title='bbox 1968 1931 2005 1958; x_wconf 86' lang='lat' dir='ltr'>ci.</span> 
     </span>
     <span class='ocr_line' id='line_1_48' title="bbox 427 1963 2005 2006; baseline -0.001 -12"><span class='ocrx_word' id='word_1_697' title='bbox 427 1967 550 1996; x_wconf 84' lang='lat' dir='ltr'>vitatibus</span> <span class='ocrx_word' id='word_1_698' title='bbox 562 1989 569 2000; x_wconf 95' lang='lat'>‚</span> <span class='ocrx_word' id='word_1_699' title='bbox 596 1972 622 1998; x_wconf 67' lang='grc' dir='ltr'>ὃς</span> <span class='ocrx_word' id='word_1_700' title='bbox 643 1969 734 1996; x_wconf 86' lang='lat' dir='ltr'>civitas</span> <span class='ocrx_word' id='word_1_701' title='bbox 753 1968 908 1996; x_wconf 85' lang='lat' dir='ltr'>fundaretur</span> <span class='ocrx_word' id='word_1_702' title='bbox 928 1968 1030 2006; x_wconf 84' lang='lat' dir='ltr'>legibus</span> <span class='ocrx_word' id='word_1_703' title='bbox 1043 1979 1048 1996; x_wconf 90' lang='lat'><strong>:</strong></span> <span class='ocrx_word' id='word_1_704' title='bbox 1075 1977 1139 2006; x_wconf 87' lang='lat' dir='ltr'>quas</span> <span class='ocrx_word' id='word_1_705' title='bbox 1152 1969 1179 1995; x_wconf 87' lang='lat' dir='ltr'>in</span> <span class='ocrx_word' id='word_1_706' title='bbox 1194 1966 1294 1994; x_wconf 84' lang='lat' dir='ltr'>tabulas</span> <span class='ocrx_word' id='word_1_707' title='bbox 1306 1966 1412 1993; x_wconf 86' lang='lat' dir='ltr'>eboreas</span> <span class='ocrx_word' id='word_1_708' title='bbox 1425 1964 1492 1998; x_wconf 81' lang='lat' dir='ltr'>(iive</span> <span class='ocrx_word' id='word_1_709' title='bbox 1505 1973 1581 1992; x_wconf 85' lang='lat' dir='ltr'>aereas</span> <span class='ocrx_word' id='word_1_710' title='bbox 1594 1985 1601 1996; x_wconf 87' lang='lat'>,</span> <span class='ocrx_word' id='word_1_711' title='bbox 1627 1964 1700 2001; x_wconf 90' lang='lat' dir='ltr'>quod</span> <span class='ocrx_word' id='word_1_712' title='bbox 1711 1963 1800 2005; x_wconf 79' lang='lat' dir='ltr'>plures</span> <span class='ocrx_word' id='word_1_713' title='bbox 1812 1965 1934 2002; x_wconf 86' lang='lat' dir='ltr'>tradunt)</span> <span class='ocrx_word' id='word_1_714' title='bbox 1945 1977 2005 2005; x_wconf 85' lang='lat' dir='ltr'>per.</span> 
     </span>
     <span class='ocr_line' id='line_1_49' title="bbox 427 2002 2007 2045; baseline -0.001 -14"><span class='ocrx_word' id='word_1_715' title='bbox 427 2004 533 2042; x_wconf 76' lang='lat' dir='ltr'>scriptas</span> <span class='ocrx_word' id='word_1_716' title='bbox 542 2016 587 2041; x_wconf 83' lang='lat' dir='ltr'>pro</span> <span class='ocrx_word' id='word_1_717' title='bbox 599 2006 682 2040; x_wconf 69' lang='lat' dir='ltr'>rolli-is</span> <span class='ocrx_word' id='word_1_718' title='bbox 696 2006 903 2044; x_wconf 87' lang='lat' dir='ltr'>composuerunt</span> <span class='ocrx_word' id='word_1_719' title='bbox 916 2027 925 2038; x_wconf 84' lang='lat'><em>‚</em></span> <span class='ocrx_word' id='word_1_720' title='bbox 951 2015 980 2034; x_wconf 91' lang='lat' dir='ltr'>ut</span> <span class='ocrx_word' id='word_1_721' title='bbox 993 2007 1098 2044; x_wconf 80' lang='lat' dir='ltr'>poffent</span> <span class='ocrx_word' id='word_1_722' title='bbox 1112 2006 1182 2044; x_wconf 83' lang='lat' dir='ltr'>leges</span> <span class='ocrx_word' id='word_1_723' title='bbox 1196 2006 1311 2042; x_wconf 86' lang='lat' dir='ltr'>apertius</span> <span class='ocrx_word' id='word_1_724' title='bbox 1325 2004 1427 2041; x_wconf 76' lang='lat' dir='ltr'>percipi</span> <span class='ocrx_word' id='word_1_725' title='bbox 1443 2011 1451 2030; x_wconf 70' lang='grc' dir='ltr'><strong><em>ε</em></strong></span> <span class='ocrx_word' id='word_1_726' title='bbox 1478 2002 1624 2039; x_wconf 85' lang='lat' dir='ltr'>datumque</span> <span class='ocrx_word' id='word_1_727' title='bbox 1640 2003 1677 2030; x_wconf 87' lang='lat' dir='ltr'>est</span> <span class='ocrx_word' id='word_1_728' title='bbox 1692 2011 1728 2030; x_wconf 82' lang='lat' dir='ltr'>eis</span> <span class='ocrx_word' id='word_1_729' title='bbox 1738 2011 1781 2037; x_wconf 85' lang='lat' dir='ltr'>Jus</span> <span class='ocrx_word' id='word_1_730' title='bbox 1795 2011 1829 2045; x_wconf 79' lang='lat' dir='ltr'>eo</span> <span class='ocrx_word' id='word_1_731' title='bbox 1842 2012 1912 2032; x_wconf 89' lang='lat' dir='ltr'>anno</span> <span class='ocrx_word' id='word_1_732' title='bbox 1926 2006 1956 2034; x_wconf 89' lang='lat' dir='ltr'>in</span> <span class='ocrx_word' id='word_1_733' title='bbox 1969 2007 2007 2035; x_wconf 80' lang='lat' dir='ltr'>ci.</span> 
     </span>
     <span class='ocr_line' id='line_1_50' title="bbox 428 2040 2006 2083; baseline 0.001 -14"><span class='ocrx_word' id='word_1_734' title='bbox 428 2044 508 2071; x_wconf 80' lang='lat' dir='ltr'>vitate</span> <span class='ocrx_word' id='word_1_735' title='bbox 522 2044 673 2077; x_wconf 82' lang='lat' dir='ltr'>summum,</span> <span class='ocrx_word' id='word_1_736' title='bbox 695 2054 725 2074; x_wconf 88' lang='lat' dir='ltr'>ut</span> <span class='ocrx_word' id='word_1_737' title='bbox 738 2045 809 2083; x_wconf 85' lang='lat' dir='ltr'>leges</span> <span class='ocrx_word' id='word_1_738' title='bbox 824 2047 850 2074; x_wconf 74' lang='grc' dir='ltr'>δε</span> <span class='ocrx_word' id='word_1_739' title='bbox 863 2045 1029 2082; x_wconf 87' lang='lat' dir='ltr'>corrigerent</span> <span class='ocrx_word' id='word_1_740' title='bbox 1041 2045 1060 2073; x_wconf 89' lang='lat' dir='ltr'><strong>fi</strong></span> <span class='ocrx_word' id='word_1_741' title='bbox 1073 2054 1140 2081; x_wconf 88' lang='lat' dir='ltr'>opus</span> <span class='ocrx_word' id='word_1_742' title='bbox 1155 2044 1218 2072; x_wconf 83' lang='lat' dir='ltr'>effet</span> <span class='ocrx_word' id='word_1_743' title='bbox 1227 2064 1234 2075; x_wconf 87' lang='lat'>‚</span> <span class='ocrx_word' id='word_1_744' title='bbox 1254 2045 1280 2072; x_wconf 83' lang='lat'>&amp;</span> <span class='ocrx_word' id='word_1_745' title='bbox 1293 2043 1541 2078; x_wconf 83' lang='lat' dir='ltr'>interpretarentur:</span> <span class='ocrx_word' id='word_1_746' title='bbox 1562 2050 1648 2078; x_wconf 88' lang='lat' dir='ltr'>neque</span> <span class='ocrx_word' id='word_1_747' title='bbox 1664 2049 1822 2077; x_wconf 79' lang='lat' dir='ltr'>provocatlo</span> <span class='ocrx_word' id='word_1_748' title='bbox 1829 2040 1861 2070; x_wconf 85' lang='lat' dir='ltr'>ab</span> <span class='ocrx_word' id='word_1_749' title='bbox 1875 2043 1919 2075; x_wconf 89' lang='lat' dir='ltr'>iis,</span> <span class='ocrx_word' id='word_1_750' title='bbox 1938 2043 2006 2074; x_wconf 87' lang='lat' dir='ltr'>ficut</span> 
     </span>
     <span class='ocr_line' id='line_1_51' title="bbox 429 2077 2006 2122; baseline 0.002 -15"><span class='ocrx_word' id='word_1_751' title='bbox 429 2077 443 2105; x_wconf 68' lang='lat' dir='ltr'>&#39;a</span> <span class='ocrx_word' id='word_1_752' title='bbox 456 2081 560 2119; x_wconf 79' lang='lat' dir='ltr'>reliquis</span> <span class='ocrx_word' id='word_1_753' title='bbox 573 2083 758 2122; x_wconf 72' lang='lat' dir='ltr'>magistratibus</span> <span class='ocrx_word' id='word_1_754' title='bbox 766 2104 775 2118; x_wconf 86' lang='lat'><em>‚</em></span> <span class='ocrx_word' id='word_1_755' title='bbox 803 2083 887 2112; x_wconf 79' lang='lat' dir='ltr'>fieret.</span> <span class='ocrx_word' id='word_1_756' title='bbox 927 2084 982 2120; x_wconf 86' lang='lat' dir='ltr'>Qi</span> <span class='ocrx_word' id='word_1_757' title='bbox 994 2083 1039 2120; x_wconf 84' lang='lat' dir='ltr'>ipfi</span> <span class='ocrx_word' id='word_1_758' title='bbox 1053 2084 1299 2112; x_wconf 85' lang='lat' dir='ltr'>animadverterunt</span> <span class='ocrx_word' id='word_1_759' title='bbox 1311 2080 1410 2118; x_wconf 91' lang='lat' dir='ltr'>aliquid</span> <span class='ocrx_word' id='word_1_760' title='bbox 1424 2078 1509 2107; x_wconf 82' lang='lat' dir='ltr'>deeffe</span> <span class='ocrx_word' id='word_1_761' title='bbox 1522 2079 1574 2107; x_wconf 82' lang='lat' dir='ltr'>istis</span> <span class='ocrx_word' id='word_1_762' title='bbox 1588 2080 1683 2115; x_wconf 84' lang='lat' dir='ltr'>primis</span> <span class='ocrx_word' id='word_1_763' title='bbox 1694 2078 1795 2116; x_wconf 84' lang='lat' dir='ltr'>legibus</span> <span class='ocrx_word' id='word_1_764' title='bbox 1807 2090 1812 2106; x_wconf 91' lang='lat'>:</span> <span class='ocrx_word' id='word_1_765' title='bbox 1839 2080 1954 2119; x_wconf 91' lang='lat' dir='ltr'>ideoque</span> <span class='ocrx_word' id='word_1_766' title='bbox 1967 2082 2006 2110; x_wconf 73' lang='lat' dir='ltr'>ie-</span> 
     </span>
     <span class='ocr_line' id='line_1_52' title="bbox 431 2116 2005 2158; baseline 0.001 -13"><span class='ocrx_word' id='word_1_767' title='bbox 431 2121 523 2153; x_wconf 79' lang='lat' dir='ltr'>quenti</span> <span class='ocrx_word' id='word_1_768' title='bbox 542 2130 611 2148; x_wconf 87' lang='lat' dir='ltr'>anno</span> <span class='ocrx_word' id='word_1_769' title='bbox 633 2122 693 2150; x_wconf 81' lang='lat' dir='ltr'>alias</span> <span class='ocrx_word' id='word_1_770' title='bbox 706 2123 769 2150; x_wconf 85' lang='lat' dir='ltr'>duas</span> <span class='ocrx_word' id='word_1_771' title='bbox 783 2123 816 2150; x_wconf 85' lang='lat' dir='ltr'>ad</span> <span class='ocrx_word' id='word_1_772' title='bbox 831 2122 936 2150; x_wconf 78' lang='lat' dir='ltr'>easdem</span> <span class='ocrx_word' id='word_1_773' title='bbox 950 2122 1047 2150; x_wconf 87' lang='lat' dir='ltr'>tabulas</span> <span class='ocrx_word' id='word_1_774' title='bbox 1060 2123 1215 2158; x_wconf 71' lang='lat' dir='ltr'>adjecerunt</span> <span class='ocrx_word' id='word_1_775' title='bbox 1229 2141 1236 2152; x_wconf 92' lang='lat'>‚</span> <span class='ocrx_word' id='word_1_776' title='bbox 1263 2122 1290 2148; x_wconf 67' lang='grc' dir='ltr'>δε</span> <span class='ocrx_word' id='word_1_777' title='bbox 1304 2120 1341 2147; x_wconf 83' lang='lat' dir='ltr'>ita</span> <span class='ocrx_word' id='word_1_778' title='bbox 1353 2128 1386 2146; x_wconf 89' lang='lat' dir='ltr'>ex</span> <span class='ocrx_word' id='word_1_779' title='bbox 1400 2116 1545 2158; x_wconf 76' lang='lat' dir='ltr'>accidentia</span> <span class='ocrx_word' id='word_1_780' title='bbox 1558 2117 1618 2152; x_wconf 90' lang='lat' dir='ltr'>(vel</span> <span class='ocrx_word' id='word_1_781' title='bbox 1631 2118 1780 2154; x_wconf 87' lang='lat' dir='ltr'>accidenti)</span> <span class='ocrx_word' id='word_1_782' title='bbox 1797 2117 1932 2155; x_wconf 74' lang='lat' dir='ltr'>appellatae</span> <span class='ocrx_word' id='word_1_783' title='bbox 1944 2120 2005 2149; x_wconf 90' lang='lat' dir='ltr'>sunt</span> 
     </span>
     <span class='ocr_line' id='line_1_53' title="bbox 426 2156 2004 2198; baseline 0.003 -15"><span class='ocrx_word' id='word_1_784' title='bbox 426 2158 491 2191; x_wconf 54' lang='lat' dir='ltr'>teges</span> <span class='ocrx_word' id='word_1_785' title='bbox 510 2158 635 2186; x_wconf 73' lang='lat' dir='ltr'>duodecim</span> <span class='ocrx_word' id='word_1_786' title='bbox 653 2160 817 2188; x_wconf 64' lang='lat' dir='ltr'>tabularum.-</span> <span class='ocrx_word' id='word_1_787' title='bbox 837 2169 951 2198; x_wconf 86' lang='lat' dir='ltr'>quarum</span> <span class='ocrx_word' id='word_1_788' title='bbox 971 2160 1142 2188; x_wconf 86' lang='lat' dir='ltr'>ferendarum</span> <span class='ocrx_word' id='word_1_789' title='bbox 1161 2158 1302 2188; x_wconf 86' lang='lat' dir='ltr'>authorem</span> <span class='ocrx_word' id='word_1_790' title='bbox 1321 2156 1396 2187; x_wconf 83' lang='lat' dir='ltr'>fuiffe</span> <span class='ocrx_word' id='word_1_791' title='bbox 1412 2156 1558 2184; x_wconf 74' lang='lat' dir='ltr'>decemviris</span> <span class='ocrx_word' id='word_1_792' title='bbox 1573 2156 1758 2184; x_wconf 84' lang='lat' dir='ltr'>Hermodorum</span> <span class='ocrx_word' id='word_1_793' title='bbox 1770 2157 1904 2194; x_wconf 83' lang='lat' dir='ltr'>quendam</span> <span class='ocrx_word' id='word_1_794' title='bbox 1917 2157 2004 2195; x_wconf 81' lang='lat' dir='ltr'>Ephe-</span> 
     </span>
     <span class='ocr_line' id='line_1_54' title="bbox 432 2191 1351 2236; baseline 0.011 -17"><span class='ocrx_word' id='word_1_795' title='bbox 432 2191 498 2220; x_wconf 82' lang='lat' dir='ltr'>fium</span> <span class='ocrx_word' id='word_1_796' title='bbox 513 2195 664 2224; x_wconf 84' lang='lat' dir='ltr'>exulantem</span> <span class='ocrx_word' id='word_1_797' title='bbox 678 2200 705 2225; x_wconf 90' lang='lat' dir='ltr'>in</span> <span class='ocrx_word' id='word_1_798' title='bbox 718 2199 808 2231; x_wconf 87' lang='lat' dir='ltr'>Italia,</span> <span class='ocrx_word' id='word_1_799' title='bbox 827 2199 936 2236; x_wconf 83' lang='lat' dir='ltr'>quidam</span> <span class='ocrx_word' id='word_1_800' title='bbox 950 2198 1107 2227; x_wconf 82' lang='lat' dir='ltr'>retulerunt.</span> <span class='ocrx_word' id='word_1_801' title='bbox 1347 2232 1351 2236; x_wconf 90' lang='lat'>.</span> 
     </span>
    </p>

    <p class='ocr_par' dir='ltr' id='par_1_17' title="bbox 429 2232 2006 2413">
     <span class='ocr_line' id='line_1_55' title="bbox 471 2232 2006 2273; baseline 0.003 -15"><span class='ocrx_word' id='word_1_802' title='bbox 471 2232 520 2259; x_wconf 72' lang='lat' dir='ltr'>His</span> <span class='ocrx_word' id='word_1_803' title='bbox 540 2233 639 2270; x_wconf 75' lang='lat' dir='ltr'>legibus</span> <span class='ocrx_word' id='word_1_804' title='bbox 652 2235 723 2268; x_wconf 75' lang='lat' dir='ltr'>latis,</span> <span class='ocrx_word' id='word_1_805' title='bbox 743 2238 882 2266; x_wconf 75' lang='lat' dir='ltr'>necessaria</span> <span class='ocrx_word' id='word_1_806' title='bbox 888 2237 941 2273; x_wconf 85' lang='lat' dir='ltr'>sori</span> <span class='ocrx_word' id='word_1_807' title='bbox 953 2236 1085 2272; x_wconf 78' lang='lat' dir='ltr'>disputatio</span> <span class='ocrx_word' id='word_1_808' title='bbox 1097 2236 1154 2266; x_wconf 82' lang='lat' dir='ltr'>fuit.</span> <span class='ocrx_word' id='word_1_809' title='bbox 1190 2238 1364 2269; x_wconf 72' lang='lat' dir='ltr'>lnteiprettmo</span> <span class='ocrx_word' id='word_1_810' title='bbox 1378 2233 1451 2261; x_wconf 83' lang='lat' dir='ltr'>enim</span> <span class='ocrx_word' id='word_1_811' title='bbox 1464 2242 1556 2262; x_wconf 84' lang='lat' dir='ltr'>earum</span> <span class='ocrx_word' id='word_1_812' title='bbox 1573 2233 1664 2271; x_wconf 89' lang='lat' dir='ltr'>legum</span> <span class='ocrx_word' id='word_1_813' title='bbox 1677 2232 1840 2269; x_wconf 85' lang='lat' dir='ltr'>prudentum</span> <span class='ocrx_word' id='word_1_814' title='bbox 1854 2233 2006 2269; x_wconf 80' lang='lat' dir='ltr'>requirebat</span> 
     </span>
     <span class='ocr_line' id='line_1_56' title="bbox 432 2268 2002 2310; baseline 0.002 -14"><span class='ocrx_word' id='word_1_815' title='bbox 432 2268 636 2299; x_wconf 82' lang='lat' dir='ltr'>authoritatem:</span> <span class='ocrx_word' id='word_1_816' title='bbox 664 2276 689 2300; x_wconf 68' lang='grc' dir='ltr'>δε</span> <span class='ocrx_word' id='word_1_817' title='bbox 711 2276 781 2310; x_wconf 87' lang='lat' dir='ltr'>quod</span> <span class='ocrx_word' id='word_1_818' title='bbox 802 2285 896 2304; x_wconf 89' lang='lat' dir='ltr'>eorum</span> <span class='ocrx_word' id='word_1_819' title='bbox 913 2270 1075 2304; x_wconf 66' lang='lat' dir='ltr'>authoritate</span> <span class='ocrx_word' id='word_1_820' title='bbox 1095 2283 1150 2304; x_wconf 88' lang='lat' dir='ltr'>erat</span> <span class='ocrx_word' id='word_1_821' title='bbox 1169 2273 1308 2302; x_wconf 70' lang='lat' dir='ltr'>induCtum</span> <span class='ocrx_word' id='word_1_822' title='bbox 1322 2293 1329 2305; x_wconf 87' lang='lat'><em>‚</em></span> <span class='ocrx_word' id='word_1_823' title='bbox 1356 2272 1383 2300; x_wconf 89' lang='lat' dir='ltr'>id</span> <span class='ocrx_word' id='word_1_824' title='bbox 1403 2282 1487 2300; x_wconf 90' lang='lat' dir='ltr'>omne</span> <span class='ocrx_word' id='word_1_825' title='bbox 1510 2281 1659 2301; x_wconf 87' lang='lat' dir='ltr'>commune</span> <span class='ocrx_word' id='word_1_826' title='bbox 1670 2270 1846 2308; x_wconf 85' lang='lat' dir='ltr'>appellabatur</span> <span class='ocrx_word' id='word_1_827' title='bbox 1850 2271 1897 2304; x_wconf 81' lang='lat' dir='ltr'>jus</span> <span class='ocrx_word' id='word_1_828' title='bbox 1909 2269 2002 2301; x_wconf 72' lang='lat' dir='ltr'>civile.-</span> 
     </span>
     <span class='ocr_line' id='line_1_57' title="bbox 432 2309 2005 2351; baseline 0.001 -16"><span class='ocrx_word' id='word_1_829' title='bbox 432 2309 505 2343; x_wconf 85' lang='lat' dir='ltr'>quod</span> <span class='ocrx_word' id='word_1_830' title='bbox 524 2310 633 2346; x_wconf 83' lang='lat' dir='ltr'>quidem</span> <span class='ocrx_word' id='word_1_831' title='bbox 643 2312 686 2345; x_wconf 72' lang='lat' dir='ltr'>jus</span> <span class='ocrx_word' id='word_1_832' title='bbox 698 2311 769 2338; x_wconf 62' lang='lat' dir='ltr'>civile</span> <span class='ocrx_word' id='word_1_833' title='bbox 782 2315 817 2341; x_wconf 85' lang='lat' dir='ltr'>ita</span> <span class='ocrx_word' id='word_1_834' title='bbox 831 2313 943 2341; x_wconf 88' lang='lat' dir='ltr'>divisum</span> <span class='ocrx_word' id='word_1_835' title='bbox 958 2314 1023 2347; x_wconf 85' lang='lat' dir='ltr'>fuit,</span> <span class='ocrx_word' id='word_1_836' title='bbox 1044 2321 1073 2342; x_wconf 92' lang='lat' dir='ltr'>ut</span> <span class='ocrx_word' id='word_1_837' title='bbox 1086 2315 1186 2351; x_wconf 85' lang='lat' dir='ltr'>partim</span> <span class='ocrx_word' id='word_1_838' title='bbox 1201 2322 1233 2341; x_wconf 89' lang='lat' dir='ltr'>ex</span> <span class='ocrx_word' id='word_1_839' title='bbox 1248 2311 1312 2350; x_wconf 82' lang='lat' dir='ltr'>legis</span> <span class='ocrx_word' id='word_1_840' title='bbox 1324 2311 1456 2340; x_wconf 86' lang='lat' dir='ltr'>constaret</span> <span class='ocrx_word' id='word_1_841' title='bbox 1469 2311 1630 2343; x_wconf 73' lang='lat' dir='ltr'>afflonibus,</span> <span class='ocrx_word' id='word_1_842' title='bbox 1649 2311 1749 2346; x_wconf 78' lang='lat' dir='ltr'>partim</span> <span class='ocrx_word' id='word_1_843' title='bbox 1763 2318 1795 2336; x_wconf 91' lang='lat' dir='ltr'>ex</span> <span class='ocrx_word' id='word_1_844' title='bbox 1807 2309 2005 2348; x_wconf 76' lang='lat' dir='ltr'>interpretatio-</span> 
     </span>
     <span class='ocr_line' id='line_1_58' title="bbox 429 2345 1998 2413; baseline -0.005 -31"><span class='ocrx_word' id='word_1_845' title='bbox 429 2353 463 2373; x_wconf 66' lang='lat' dir='ltr'>ne</span> <span class='ocrx_word' id='word_1_846' title='bbox 477 2346 559 2385; x_wconf 68' lang='lat' dir='ltr'>“gum</span> <span class='ocrx_word' id='word_1_847' title='bbox 572 2347 789 2380; x_wconf 66' lang='lat' dir='ltr'>detemri‘mli&#39;um,</span> <span class='ocrx_word' id='word_1_848' title='bbox 809 2353 908 2387; x_wconf 80' lang='lat' dir='ltr'>partim</span> <span class='ocrx_word' id='word_1_849' title='bbox 921 2353 1036 2391; x_wconf 87' lang='lat' dir='ltr'>denique</span> <span class='ocrx_word' id='word_1_850' title='bbox 1050 2363 1083 2384; x_wconf 88' lang='lat' dir='ltr'>ex</span> <span class='ocrx_word' id='word_1_851' title='bbox 1094 2362 1168 2382; x_wconf 89' lang='lat' dir='ltr'>novo</span> <span class='ocrx_word' id='word_1_852' title='bbox 1180 2353 1255 2391; x_wconf 86' lang='lat' dir='ltr'>jure,</span> <span class='ocrx_word' id='word_1_853' title='bbox 1272 2351 1335 2380; x_wconf 88' lang='lat' dir='ltr'>loco</span> <span class='ocrx_word' id='word_1_854' title='bbox 1347 2351 1498 2388; x_wconf 82' lang='lat' dir='ltr'>appendicis</span> <span class='ocrx_word' id='word_1_855' title='bbox 1512 2350 1657 2380; x_wconf 86' lang='lat' dir='ltr'>duodecim</span> <span class='ocrx_word' id='word_1_856' title='bbox 1672 2347 1766 2377; x_wconf 84' lang='lat' dir='ltr'>tabulis</span> <span class='ocrx_word' id='word_1_857' title='bbox 1779 2345 1893 2383; x_wconf 68' lang='lat' dir='ltr'>adJeeto.</span> <span class='ocrx_word' id='word_1_858' title='bbox 1931 2388 1953 2413; x_wconf 64' lang='lat' dir='ltr'><em>L</em></span> <span class='ocrx_word' id='word_1_859' title='bbox 1991 2383 1998 2389; x_wconf 28' lang='grc' dir='ltr'><strong><em>ι</em></strong></span> 
     </span>
    </p>

    <p class='ocr_par' dir='ltr' id='par_1_18' title="bbox 1954 2394 2005 2425">
     <span class='ocr_line' id='line_1_59' title="bbox 1954 2394 2005 2425; baseline 0 -12"><span class='ocrx_word' id='word_1_860' title='bbox 1954 2394 2005 2425; x_wconf 65' lang='lat' dir='ltr'>egis</span> 
     </span>
    </p>
   </div>
  </div>
 </body>
</html>
