2075 2734
372 96 473 151 442¹
673 96 1665 139 Anw12uxoeawuukomrnanuuL1n.v.

374 165 439 191 dum
455 158 615 196 dignitatem
629 153 756 191 cujusque
770 153 937 190 praecedunt,
958 162 1011 190 qua
1022 153 1087 181 dum
1103 153 1131 181 in
1146 154 1213 181 vivis
1227 152 1304 184 effer,
1325 153 1353 180 in
1367 152 1468 188 republ.
1484 153 1607 180 eminuit.
1627 152 1682 180 Ubi
1690 153 1727 182 ad
1736 152 1813 191 rostra
1828 157 1951 190 veniunt,

376 198 466 228 cunffi
479 206 512 224 ex
527 196 621 223 ordine
636 192 703 221 sellis
717 192 892 228 elephantinis
904 190 1010 224 sedent,
1030 200 1085 228 quo
1098 190 1248 228 specstaculo
1261 190 1330 219 haud
1346 190 1424 219 facile
1439 192 1539 228 poterit
1552 191 1696 227 quicquam
1703 192 1813 228 speetari
1820 195 1956 231 pulchrius

375 236 466 274 juveni
481 255 488 264 ,
515 234 605 272 gloria·
622 234 648 260 ὃ(
662 230 804 258 honestatis
819 230 924 266 cupido.
963 230 1072 259 Etenim
1085 240 1181 258 eorum
1195 230 1314 257 virorum
1329 251 1338 262 ‚
1363 230 1407 267 qui
1422 230 1526 258 virtutis
1541 229 1626 266 gratia
1639 228 1838 266 glorificantur,
1865 235 1956 262 videre

378 273 501 312 imagines
514 294 521 304 ‚
542 270 633 307 easque
647 278 743 297 omnes
756 268 838 296 veluti
852 269 925 296 vivas
937 287 946 301 ,
965 277 1047 304 quem
1061 278 1116 296 non
1131 268 1274 296 excitaret?
1295 268 1431 304 quodnam
1445 267 1513 295 aliud
1528 266 1662 303 pulchrius
1675 267 1868 304 spectaculum?
1890 273 1957 299 Prae-

375 321 448 341 terea
463 311 508 348 qui
525 311 558 337 de
570 309 626 345 jam
642 306 792 346 sepeliendo
803 313 915 335 mortuo
928 308 1117 339 concionatur,
1136 306 1218 335 etiam
1233 305 1266 332 de
1279 305 1334 333 aliis
1341 306 1579 343 differereincipit‚
1599 305 1805 342 idqueprimum
1813 309 1958 347 demajore

377 358 441 378 natu
455 359 486 376 ex
501 348 539 375 his
548 368 554 379 ‚
575 347 620 383 qui
633 344 773 382 praesentes
782 345 855 377 sunt,
875 343 1010 373 recensens
1019 365 1026 376 ,
1046 346 1109 382 quid
1119 343 1342 381 quisqueillorum
1352 343 1505 371 consecutus
1513 344 1544 372 sit
1550 352 1580 371 ac
1587 343 1708 381 gestierit:
1727 345 1798 372 unde
1806 346 1850 378 fit,
1869 355 1900 375 ut
1907 348 1958 376 Fre-

377 394 491 426 quenter
503 386 639 413 bonorum
651 385 772 412 virorum
786 383 916 421 praeconia
925 383 1024 411 virtute
1037 380 1161 420 acquisita
1181 388 1357 413 renoventur,
1378 391 1409 409 ac
1423 382 1559 410 <elebritas
1567 391 1676 413 eorum,
1697 383 1742 419 qui
1751 382 1956 422 honestialiquid

377 425 525 463 gesserunt,
545 422 723 453 immortalis,
745 421 990 459 &gloriaillorum,
1013 422 1057 458 qui
1065 418 1364 458 patriaebenefecerunt‚
1384 419 1644 451 multisinnotescat‚
1664 421 1696 448 ad
1705 421 1823 456 posteros
1831 431 1959 460 propage.

376 473 428 491 tur.
449 463 483 490 Et
496 461 568 498 quod
582 461 734 488 maximum
749 461 799 492 est,
818 459 943 495 juventus
955 460 987 487 ad
996 459 1048 487 hoc
1055 467 1232 496 provocatur,
1253 465 1281 485 ut
1292 457 1417 485 nihilnon
1425 467 1474 494 pro
1488 457 1598 494 reipubl.
1613 459 1810 487 commoditate
1817 459 1960 488 ferendum

376 501 466 528 subeat
478 520 485 531 ‚
506 509 561 536 quo
575 499 756 526 celebritatem
769 518 777 530 ,
797 507 854 534 quae
867 497 954 524 bonos
968 499 1039 525 viros
1054 498 1198 525 comitatur
1211 517 1218 527 ,
1241 495 1424 532 consequatur.
1457 496 1591 523 HaCtenus
1608 495 1721 533 Pulybim
1731 517 1737 528 ‚
1759 506 1791 524 ex
1807 498 1962 536 Wolfgangi

381 537 493 567 Musculi
507 536 634 564 verlione.
656 537 760 564 Primus
775 535 843 573 apud
858 537 999 563 Romanos
1013 535 1117 562 funebri
1134 534 1254 561 oratione
1268 533 1399 571 collegam
1414 533 1489 560 suum
1503 533 1609 566 Iunium
1624 537 1735 562 Brutum
1748 534 1862 564 laudavit
1871 541 1903 564 P.
1912 540 1961 563 Va-

379 575 457 603 lerius
472 574 595 602 Publicola
612 574 712 602 Conjul
725 583 795 601 anno
809 574 899 609 primo
913 574 972 608 post
986 575 1073 610 Reges
1088 572 1194 601 exactos
1207 592 1214 603 ,
1242 581 1323 608 quam
1338 572 1490 599 orationem
1506 580 1564 600 tam
1580 580 1716 608 acceptam
1729 580 1839 610 tamque
1851 573 1961 602 charam

377 613 480 651 populo
493 612 568 641 fuiffe
583 612 731 639 Plutarchus
744 611 834 640 scribit
845 632 852 643 ,
877 618 907 639 ut
923 612 984 638 inde
998 612 1113 639 trafium
1129 610 1159 638 sit
1172 631 1180 642 ,
1205 616 1235 637 ut
1247 618 1342 637 omnes
1355 610 1419 637 boni
1433 619 1463 637 ac
1478 611 1569 647 magni
1581 611 1647 641 viri,
1669 620 1732 638 curn
1748 611 1805 639 fato
1822 612 1959 640 concessis-

379 652 438 680 sent
451 672 458 683 ‚
478 651 510 679 ab
525 651 636 688 optimis
648 651 826 678 laudarentur.
863 650 918 685 Qi
932 648 1020 677 honor
1032 648 1220 686 posterioribus
1234 648 1402 684 temporibus
1415 649 1498 676 etiam
1514 648 1654 676 illustribus
1667 649 1823 684 juvenibus,
1844 653 1871 678 δε
1886 651 1963 678 claris

380 690 536 719 mulieribus
547 710 555 721 ‚
581 688 815 726 quemadmodum
829 696 891 715 cum
906 696 938 714 ex
952 689 1008 716 aliis
1019 708 1026 719 ,
1054 695 1116 716 tum
1130 696 1163 715 ex
1176 685 1308 712 Plutarcho
1320 705 1327 715 .
1356 685 1472 712 Suetonio
1486 705 1494 715 ,
1519 688 1546 715 &
1561 687 1641 713 Dione
1653 687 1824 714 manifestum
1838 689 1875 715 est
1884 709 1892 719 ‚
1912 688 1965 717 fuit

381 727 527 757 concessus.
566 728 615 755 His
629 726 664 755 fic
677 727 788 764 peraffls
801 747 810 759 ‚
831 725 911 761 sunus
918 723 1065 759 procedebat
1077 747 1084 757 ,
1104 725 1195 764 donec.
1205 724 1237 751 ad
1252 723 1342 751 locum
1357 725 1492 752 veniretur
1504 744 1512 756 ,
1532 723 1578 752 ubi
1592 732 1715 753 mortuus
1727 724 1771 752 vel
1784 724 1962 761 sepeliendus,

382 766 425 795 vel
447 764 605 794 cremandus
620 772 684 793 erat.
716 766 853 792 Caeterum
868 765 1007 792 memoriae
1019 764 1111 800 prodit
1122 767 1224 790 Servius
1238 763 1265 789 in
1280 772 1304 798 5.
1319 762 1364 790 lib.
1378 762 1483 790 AEneid.
1495 763 1566 799 apud
1581 762 1697 799 majores
1712 763 1797 791 moris
1811 762 1885 791 fuisse
1897 783 1906 796 ‚
1932 771 1964 793 ut

382 804 428 842 qui
443 811 564 831 mortuus
579 803 656 835 effet,
675 803 778 830 domum
792 801 865 830 suam
880 801 1031 837 referretur,
1053 804 1079 830 δε
1092 801 1120 829 in
1135 799 1178 828 illa
1191 799 1351 837 sepeliretur.
1372 801 1452 828 Unde
1465 801 1501 828 est
1513 800 1583 838 apud
1600 801 1759 838 Virgilium:

691 839 795 867 Sedibus
807 841 869 867 hunc
881 839 946 875 refer
959 848 1020 867 ante
1026 839 1095 874 suis,
1116 838 1158 872 (ς’
1170 838 1381 872 condefipulchro.

421 879 512 907 Postea
525 888 590 907 vero
606 878 664 916 lege
678 887 709 906 xi
720 888 741 905 1.
758 877 921 906 Tabularum
935 886 1043 906 cautum
1058 899 1064 909 ‚
1091 887 1126 905 ne
1139 876 1281 905 hominem
1297 884 1438 904 mortuum
1452 878 1479 905 in
1494 877 1569 904 Urbe
1582 877 1722 914 sepelirent
1732 898 1739 910 ,
1766 886 1834 906 neve
1846 885 1964 907 urerent.

382 918 474 954 Qam
489 917 579 954 legem
593 915 786 953 explicabimus
798 916 844 944 suo
855 915 926 945 loco.
954 919 1156 944 Verumtamen
1171 916 1252 942 etiam
1267 915 1325 950 post
1339 914 1402 942 latas
1417 924 1449 942 xi
1459 925 1481 942 ι.
1496 915 1609 943 Tabulas
1623 916 1730 944 fuerunt
1742 916 1853 953 quidam
1866 917 1894 944 in
1908 916 1970 952 ipsa.

383 956 459 983 Urbe
478 955 584 991 sepulti:
605 963 672 991 quos
685 953 787 991 legibus
799 953 913 983 solutos.
936 954 1041 982 virtutis
1052 952 1126 981 causa
1139 953 1166 981 id
1181 952 1336 980 consecutos
1350 952 1438 984 fuisse,
1459 951 1542 980 Cicero
1558 954 1704 984 existimat,
1724 961 1754 981 ut
1768 954 1864 982 Valerio
1879 953 1966 982 Publi-

380 993 445 1022 cola.
470 996 497 1022 ὃς
510 995 540 1020 Ρ.
553 991 692 1028 Posthumr'o
706 991 814 1019 Tuberto
827 992 956 1028 contigit,
976 991 1010 1018 de
1024 991 1118 1028 quibus
1131 990 1216 1018 Cicero
1230 990 1276 1017 lib.
1287 1000 1313 1020 2,
1326 991 1359 1018 de
1376 990 1469 1028 Leg'rb.
1484 993 1517 1018 C.
1530 1000 1637 1028 quoque
1644 990 1850 1028 Fabriciusjuxta
1856 992 1964 1021 Veliam

381 1032 410 1060 in
430 1031 492 1059 foro
512 1030 680 1067 sepulchrum
694 1029 800 1061 habuit,
821 1029 854 1056 de
869 1038 924 1065 quo
938 1028 1095 1056 Plutarchus.
1117 1030 1149 1058 C.
1164 1028 1297 1065 Poplicius
1311 1028 1356 1055 iub
1369 1029 1518 1065 Capitolio,
1539 1029 1573 1057 de
1587 1038 1641 1066 quo
1657 1030 1756 1056 eodem
1768 1030 1830 1058 loco
1842 1030 1908 1067 lapis
1922 1030 1968 1058 Ti-

380 1069 505 1097 burtinus.
526 1069 636 1096 Claudia
650 1067 750 1095 familia
762 1067 806 1094 sub
818 1067 916 1094 eodem
927 1067 1069 1103 Capitolio,
1086 1067 1119 1095 de
1132 1076 1182 1104 qua
1190 1065 1332 1093 Suetonius.
1353 1067 1458 1095 Servius
1470 1066 1593 1103 Sulpitius
1606 1068 1634 1094 in
1648 1076 1746 1103 campo
1760 1067 1911 1105 Esquilino,
1933 1069 1968 1096 de

387 1117 444 1145 quo
457 1108 485 1134 in
500 1106 650 1143 Philippicis
664 1105 756 1133 Cicero.
776 1105 933 1141 Qinetiam
948 1107 1109 1139 Imperatores
1123 1107 1149 1133 &
1161 1104 1271 1142 virgines
1285 1103 1403 1139 Vestales,
1425 1105 1486 1142 quia
1499 1105 1601 1142 legibus
1615 1115 1670 1133 non
1684 1105 1858 1138 tenebantur,
1877 1107 1906 1134 in
1913 1108 1965 1134 Ur-

384 1145 420 1173 be
440 1144 576 1181 sepulchra
595 1144 735 1171 habebant.
756 1142 864 1179 Reliqui
878 1149 922 1169 aut
936 1144 1062 1178 privatim
1076 1144 1103 1170 in
1117 1143 1185 1179 agris
1198 1143 1249 1169 luis
1264 1142 1446 1170 condebantur
1460 1153 1465 1169 :
1494 1151 1539 1171 aut
1553 1144 1580 1170 in
1594 1144 1642 1170 viis
1656 1151 1729 1171 extra
1742 1150 1830 1180 portas
1845 1144 1964 1173 tumulos

383 1183 523 1211 habebant.
544 1184 648 1209 Locum
662 1189 752 1208 autem
765 1179 903 1216 sepulchro
917 1180 1101 1217 designabant,
1122 1180 1165 1207 vel
1177 1189 1296 1217 augures,
1317 1179 1358 1207 vel
1365 1178 1502 1217 pontifices.
1521 1182 1576 1218 Qi
1590 1190 1654 1209 vcro
1668 1182 1826 1210 cremandus
1833 1190 1890 1210 erat
1903 1182 1967 1217 (hoc

385 1222 460 1248 enim
474 1221 572 1256 cuique
584 1219 699 1246 liberum
713 1219 781 1253 erat)
796 1219 935 1254 postquam
948 1219 980 1246 ad
993 1227 1089 1254 pyram
1103 1218 1204 1246 delatus
1220 1217 1321 1248 fuisset,
1341 1218 1440 1254 digitus
1453 1219 1476 1245 ei
1490 1218 1670 1251 incidebatur,
1690 1219 1723 1246 ad
1736 1228 1818 1256 quern
1831 1219 1966 1247 servatum

383 1259 451 1295 justa
472 1258 579 1288 fierent,
600 1257 704 1293 reliquo
724 1265 838 1292 corpore
858 1256 1010 1283 combusto:
1033 1257 1107 1293 quod
1121 1256 1237 1287 factum,
1258 1256 1322 1283 teste
1337 1255 1420 1292 festo.
1442 1256 1598 1284 membrum
1611 1256 1727 1284 abscindi
1741 1265 1852 1286 mortuo
1864 1257 1969 1285 diceba-

386 1305 446 1327 tur,
466 1304 616 1332 quanquam
632 1304 666 1322 ne
680 1295 708 1322 id
721 1294 827 1330 semper
840 1293 945 1326 liceret,
965 1304 998 1321 xx
1008 1305 1028 1321 ι.
1041 1294 1204 1322 Tabularum
1217 1293 1318 1330 legibus
1331 1301 1439 1321 cautum
1455 1293 1548 1322 fuerit:
1568 1295 1597 1322 in
1610 1295 1703 1332 quibus
1718 1293 1753 1322 fic
1761 1294 1890 1331 scriptum
1898 1303 1968 1323 erat:

387 1334 503 1362 Homini
518 1342 629 1361 mortuo
649 1342 683 1360 ne
696 1333 748 1360 offa
763 1332 859 1370 legito,
881 1341 936 1369 quo
949 1332 1007 1368 post
1021 1331 1098 1360 funus
1113 1332 1191 1360 facias
1206 1343 1211 1359 :
1233 1339 1307 1359 extra
1328 1340 1425 1368 quam,
1446 1332 1465 1359 fi
1479 1331 1594 1364 militiae,
1615 1339 1660 1360 aut
1668 1341 1780 1370 peregre
1794 1340 1917 1361 mortuus
1924 1332 1970 1364 fit,

389 1374 441 1400 ἃς.
460 1374 535 1398 Tum
551 1371 662 1398 cadaver
675 1378 796 1398 curatum
811 1370 844 1397 ad
859 1379 954 1406 pyram
968 1369 1135 1398 efferebatur.
1156 1371 1245 1408 Pyram
1259 1376 1349 1396 autem
1364 1369 1392 1396 in
1405 1370 1508 1397 modum
1521 1381 1568 1397 ara
1580 1370 1659 1407 lignis
1673 1372 1823 1399 construere
1835 1370 1970 1403 solebant,

385 1410 462 1446 eique
476 1410 630 1437 intexebant
643 1409 768 1440 laricem,
787 1408 908 1444 piceam,
929 1414 1021 1435 taxum
1031 1428 1038 1439 ,
1058 1410 1085 1436 δ’.
1098 1408 1159 1435 alias
1172 1407 1291 1435 arbores:
1313 1407 1382 1435 cIrca
1396 1416 1454 1435 eam
1464 1409 1658 1437 constituebant
1664 1410 1812 1445 cupressos,
1832 1410 1904 1446 quod
1911 1413 1972 1435 Ser-

387 1456 443 1473 wus
459 1456 491 1474 ex
506 1450 628 1474 Varrone
641 1446 742 1474 fuitum
758 1445 833 1473 fuill'e
846 1446 911 1473 dicit
922 1465 930 1476 ‚
949 1454 1061 1481 propter
1073 1455 1184 1482 gravem
1197 1446 1299 1472 ustrina:
1312 1445 1427 1472 odorem
1438 1465 1445 1476 ,
1466 1455 1501 1473 ne
1512 1455 1545 1473 eo
1558 1446 1740 1474 offenderetur
1748 1446 1842 1483 populi
1855 1449 1969 1475 circum·

389 1485 479 1512 stantis
493 1488 596 1511 corona
607 1495 612 1511 :
640 1493 698 1521 quae
711 1483 815 1511 tamdiu
829 1483 909 1510 stabat
923 1483 1083 1519 respondens
1098 1483 1204 1511 fletibus
1211 1481 1307 1519 preficae
1316 1503 1324 1514 ‚
1344 1483 1371 1510 id
1385 1483 1422 1509 est
1434 1482 1590 1519 planituum
1602 1484 1717 1521 principi
1731 1503 1740 1514 ,
1764 1485 1891 1520 quamdiu
1905 1494 1971 1512 con-

388 1521 497 1557 sumpto
516 1523 658 1553 cadavere,
679 1524 706 1549 δί
725 1521 841 1548 comediis
859 1521 1004 1552 cineribus,
1025 1521 1148 1548 dicebant
1168 1522 1341 1548 noviffimum
1363 1520 1492 1552 verbum,
1515 1521 1597 1550 Ilicet,
1618 1522 1690 1558 quod
1704 1522 1743 1549 ire
1757 1521 1820 1550 licet
1831 1522 1970 1559 fignificat.

391 1560 477 1586 Moris
491 1567 580 1586 autem
595 1566 652 1587 erat
663 1578 670 1590 ‚
697 1565 727 1586 ut
734 1568 824 1595 pyram
835 1579 843 1589 ‚
868 1558 921 1585 five
935 1567 1021 1595 rogum
1035 1559 1129 1595 (quem
1143 1568 1178 1586 ne
1191 1557 1256 1585 ascia
1269 1559 1385 1594 polirent
1398 1579 1405 1589 ‚
1426 1568 1488 1586 xii.
1502 1559 1608 1587 Tabulae
1622 1559 1759 1593 vetabant)
1775 1561 1800 1587 δί
1813 1563 1925 1587 cadaver
1938 1560 1970 1587 li-

394 1596 520 1633 quoribus
540 1597 695 1634 quibusdam
710 1595 830 1633 pretiolis
846 1595 1052 1631 perfunderent,
1074 1600 1101 1625 δι
1116 1606 1210 1624 aurum
1226 1596 1363 1633 multaque
1375 1596 1423 1623 alia
1436 1597 1568 1632 pretiosa,
1588 1598 1685 1628 vestes,
1704 1606 1795 1628 arma,
1813 1606 1894 1634 arque
1907 1597 1969 1629 alia,

392 1643 449 1671 quae
463 1634 592 1662 defuneto
605 1636 632 1662 in
644 1635 698 1662 vita
712 1634 788 1662 chara
802 1633 919 1666 fuerant,
939 1634 1095 1670 injicerent,
1117 1635 1203 1671 quod,
1223 1643 1257 1661 ne
1272 1634 1345 1661 fieret
1359 1634 1471 1671 amplius
1486 1644 1517 1662 xi
1527 1633 1822 1667 1.Tabu1aesanxerunt‚
1841 1636 1971 1672 inquibus

390 1672 424 1699 fic
438 1672 512 1699 fuisse
525 1672 652 1709 scriptum
667 1673 803 1708 proditur:
824 1671 868 1698 Uri
881 1671 1057 1710 neficmptuosi
1065 1670 1173 1710 respersio
1181 1670 1258 1707 fieret
1272 1683 1281 1697 :
1306 1682 1368 1698 neve
1381 1673 1513 1699 murrhata
1519 1672 1588 1708 potio
1601 1680 1697 1700 mortuo
1712 1672 1852 1700 inderetur.
1881 1674 1969 1701 Item:

392 1711 421 1738 N
424 1720 438 1738 e
450 1710 538 1746 plures
551 1711 635 1738 tribus
646 1710 745 1738 riciniis
767 1718 830 1737 cum
853 1718 963 1737 mortuo
975 1719 1114 1738 urerentur
1127 1731 1134 1742 ,
1155 1718 1200 1738 aut
1213 1710 1399 1738 conderentur.
1424 1711 1510 1738 Item:
1531 1712 1577 1738 Ne
1589 1720 1683 1738 aurum
1696 1711 1849 1739 adderetur:
1869 1717 1896 1738 at
1904 1711 1969 1749 quoi

390 1758 454 1776 auro
468 1749 560 1777 dentes
573 1749 655 1776 vineti
670 1748 767 1780 effent,
789 1748 828 1774 im
843 1756 907 1775 curn
918 1747 965 1775 illo
977 1747 1099 1784 sepelire,
1111 1752 1136 1777 ἃ
1151 1757 1226 1775 urere
1235 1768 1242 1779 ,
1263 1749 1288 1774 le
1301 1748 1393 1776 fraude
1406 1748 1478 1776 efl‘et.

433 1787 603 1823 Posteaquam
621 1787 731 1814 cadaver
750 1794 819 1823 rogo
831 1786 988 1822 impolitum
1000 1794 1070 1818 erat,
1092 1787 1113 1814 is
1127 1788 1173 1824 qui
1185 1785 1315 1813 defundio
1327 1786 1516 1813 neceffitudine
1528 1785 1632 1820 majore
1644 1785 1750 1822 jundtus
1764 1792 1833 1817 erat,
1852 1787 1968 1821 aversus,

391 1835 445 1861 rago
459 1826 597 1853 ardentem
613 1824 700 1852 facem
714 1824 795 1851 infert
801 1823 852 1851 bat.
872 1824 968 1852 Scribit
977 1823 1080 1851 semus
1093 1825 1176 1852 moris
1189 1824 1273 1851 etiam
1289 1823 1376 1855 fuisse,
1396 1830 1426 1851 ut
1438 1831 1499 1851 ante
1512 1832 1592 1861 rogos
1603 1824 1736 1851 humanus
1740 1823 1845 1860 fingeris
1858 1822 1971 1862 effunde-

391 1872 476 1895 netur,
497 1862 539 1891 vel
554 1864 738 1899 captivorum,
759 1861 801 1889 vel
813 1861 1009 1898 gladiatorum,
1031 1862 1125 1899 easque
1138 1861 1242 1898 inferias
1255 1861 1329 1889 fixisse
1338 1859 1491 1897 appellatas,
1510 1861 1629 1889 alioloco
1636 1861 1701 1889 dicit
1708 1860 1747 1888 his
1757 1861 1854 1889 verbis:
1874 1862 1970 1898 Inseriae

384 1903 448 1935 Jicnt
454 1902 527 1936 fficra
541 1910 712 1933 mortuorum,
732 1910 784 1938 qua
798 1898 885 1935 inseris
894 1899 1026 1933 solvuntur
1038 1912 1046 1926 .-
1067 1902 1134 1928 Sane
1148 1909 1209 1927 mos
1223 1907 1277 1927 erat
1292 1901 1319 1927 in
1328 1897 1469 1936 sepulchris
1482 1900 1601 1927 virorum
1617 1898 1729 1927 fortium
1743 1898 1849 1933 captivo:
1861 1902 1968 1928 necari:

391 1940 464 1974 quod
482 1940 622 1976 postquam
637 1938 744 1967 crudele
757 1937 843 1966 visum
861 1938 911 1969 est,
932 1937 1031 1974 placuit
1039 1937 1195 1974 gladiatores
1210 1945 1272 1965 ante
1284 1936 1420 1973 sepulchra
1433 1937 1560 1965 dimicare
1572 1958 1580 1970 ‚
1599 1939 1643 1974 qui
1657 1936 1670 1964 a
1685 1938 1764 1965 bustis
1774 1936 1889 1973 bustiam
1903 1938 1970 1966 dicti

391 1976 458 2005 sunt.
479 1978 522 2005 Sin
538 1979 721 2014 captivorum.
743 1984 787 2004 aut
801 1975 980 2013 gladiatorum
994 1977 1069 2012 copia
1082 1986 1138 2004 non
1150 1977 1228 2008 eflet,
1249 1975 1376 2004 laniantes
1388 1984 1467 2012 genas
1467 1976 1547 2010 ficum
1562 1974 1732 2003 effundebant
1744 1984 1868 2007 cruorem,
1888 1984 1918 2003 ut
1927 1986 1971 2003 ro-

392 2016 431 2050 gis
445 2014 487 2042 illa
500 2016 592 2052 imago
606 2016 798 2046 restitueretur,
818 2014 875 2046 vel,
893 2015 1124 2051 quemadmodum
1134 2018 1211 2041 Varro
1223 2013 1357 2051 loquitur,
1376 2013 1538 2051 utfiinguine
1551 2013 1655 2041 ostenso
1666 2012 1874 2050 insfffislatisfiat:
1896 2014 1969 2051 quod

396 2060 487 2079 tamen
501 2054 584 2080 etiam
599 2054 658 2091 lege
672 2063 704 2081 xl
714 2063 735 2080 1.
751 2052 914 2080 Tabularum
929 2052 980 2080 fuit
994 2053 1184 2081 interdictum:
1206 2062 1263 2090 quae
1276 2051 1333 2080 talis
1341 2059 1409 2079 erat:
1431 2051 1795 2089 Mulreresgenasneradumo,
1814 2050 1968 2089 nevelefficm

387 2089 488 2123 juveris
497 2101 551 2128 ergo
565 2091 684 2118 habento:
705 2092 739 2118 de
753 2100 804 2127 qua
815 2091 885 2127 lege,
908 2090 973 2118 ficut
988 2094 1013 2119 ἃ
1029 2091 1063 2118 de
1077 2091 1198 2128 reliquis,
1220 2099 1332 2127 quarum
1340 2088 1418 2126 paulo
1426 2096 1486 2117 ante
1495 2091 1663 2118 mentionem
1672 2090 1796 2121 fecimus,
1817 2090 1892 2126 plura
1898 2091 1968 2117 dic&

394 2134 455 2152 mus
466 2127 509 2154 lib.
523 2131 548 2155 8.
581 2131 648 2157 Mox
662 2129 707 2156 ubi
721 2129 862 2156 ustulatum
877 2129 989 2156 cadaver
1002 2137 1071 2161 erat,
1092 2138 1172 2166 rogus
1185 2127 1283 2166 bustum
1297 2127 1443 2158 dicebatur,
1465 2128 1601 2167 cinerefique
1615 2131 1642 2157 ὃς
1656 2126 1705 2166 ⁰ff¹
1719 2127 1802 2160 cado,
1821 2128 1874 2155 sive
1888 2135 1964 2157 urna,

392 2163 578 2203 colligebantur,
598 2168 690 2194 amicis
705 2170 731 2195 ἃ
745 2168 863 2204 cognatis
872 2187 879 2198 ‚
901 2169 927 2195 δε
939 2166 995 2194 aliis
1007 2166 1248 2197 circumstantibus,
1270 2166 1315 2203 qui
1328 2165 1342 2193 a
1354 2164 1490 2193 sacerdote
1503 2174 1544 2194 ter
1555 2176 1621 2204 aqua
1634 2175 1699 2203 pura
1705 2165 1917 2203 aspergebantur,
1938 2165 1966 2192 3<

395 2201 431 2228 ita
443 2201 606 2235 exprobantur
615 2225 621 2235 ‚
643 2206 694 2232 five
707 2204 887 2232 lustrabantur.
922 2206 971 2232 His
984 2205 1109 2241 perfectis
1117 2204 1213 2243 preficit
1226 2204 1401 2232 noviffimum
1415 2203 1526 2231 verbum
1541 2204 1604 2232 illud
1618 2205 1671 2233 alta
1683 2213 1750 2232 voce
1764 2201 1966 2242 pronuntiabat,

393 2239 404 2266 1
416 2248 431 2265 L
444 2249 454 2265 1
464 2249 479 2265 c
490 2249 502 2265 Ε
512 2247 528 2264 T
537 2259 543 2268 .
564 2245 634 2276 quod
649 2243 698 2273 est,
718 2243 754 2268 ire
769 2244 833 2270 licet.
871 2244 935 2279 Qo
949 2243 1023 2271 dieto
1034 2265 1041 2275 ,
1061 2245 1105 2280 qui
1118 2243 1240 2271 comitati
1251 2241 1329 2270 funus
1344 2249 1418 2270 erant
1431 2243 1545 2270 domum
1560 2243 1671 2275 abituri,
1688 2249 1830 2269 extremum
1842 2239 1899 2267 vale
1913 2239 1967 2268 alta

395 2285 461 2317 voce
472 2278 744 2312 pronuntiabant‚hoc
757 2282 856 2313 modo,
869 2282 941 2310 Vale.
959 2281 1032 2311 Vale,
1046 2281 1106 2308 Vale
1115 2303 1123 2314 ‚
1134 2292 1177 2309 nos
1190 2289 1216 2308 te
1229 2279 1327 2311 ordme‚
1342 2289 1390 2319 quo
1403 2279 1799 2320 natumpermfirit,ftquemur.
1818 2281 1905 2306 Varro
1913 2280 1968 2306 Lo-

391 2314 501 2349 gistorio
515 2313 617 2346 scribit,
641 2317 705 2343 Ideo
720 2319 832 2345 mortuis
846 2320 920 2346 Salve
934 2320 967 2352 (J
985 2319 1044 2346 Vale
1058 2321 1125 2347 dicit
1146 2329 1200 2347 non
1216 2318 1287 2355 quod
1298 2318 1385 2346 valere
1399 2326 1443 2346 aut
1450 2318 1688 2356 fidvstffepoffim,
1708 2316 1751 2345 sed
1759 2316 1829 2353 quod
1836 2315 1868 2343 ab
1876 2316 1916 2344 his
1925 2326 1967 2344 re-

391 2352 530 2386 eedamus,
551 2362 594 2380 eos
611 2363 746 2391 nunquam
761 2355 848 2384 visuri.
868 2360 942 2385 Tum
954 2357 1047 2385 cineres
1059 2360 1086 2387 δε
1099 2355 1147 2396 ⁰ffi¹
1160 2356 1298 2394 sepulchro
1311 2356 1507 2390 inferebantur,
1527 2364 1588 2385 ante
1601 2358 1674 2394 quod
1686 2364 1729 2393 ara
1742 2354 1881 2383 constituta
1894 2363 1974 2387 erat„

1887 2401 1976 2430 quarn.
