2075 2734
404 108 461 136 ⁴73⁰
702 95 1142 128 Auximum-irum
1183 91 1692 121 RoMAuAnuMLm-X.

444 147 581 177 Omnibus
595 153 686 176 autem
702 154 816 185 quatuor
829 146 990 185 legionibus,
1011 144 1204 185 Coefitlibquue
1216 144 1348 174 ambobus
1361 146 1389 173 in
1403 154 1455 174 una
1467 143 1548 182 castra
1561 141 1736 178 coeuntibus}
1756 149 1994 189 congregatisque}

403 187 467 217 nihil
487 187 557 216 aliud
577 187 695 224 cogitare
714 192 825 221 oportet
840 205 847 216 ,
879 194 960 222 quam
980 185 1047 213 duos
1067 185 1216 216 exercitus,
1236 191 1317 221 prout
1335 184 1441 211 dudum
1459 182 1632 220 exposuimus
1644 203 1652 215 ,
1677 184 1776 220 pariter
1795 187 1995 219 castrametatos

403 225 508 254 aversos
526 226 644 254 invicem
663 224 771 260 junctos
790 224 841 250 csse
855 243 862 255 ,
890 223 1078 261 contingentes
1098 222 1184 251 semet
1202 223 1234 251 ad
1255 222 1431 251 contubernia
1449 222 1722 250 extraordinariorum
1741 224 1876 263 utriusque
1894 229 1995 256 exerci-

401 271 467 293 tus:
494 264 601 304 quando
619 262 679 291 sane
699 262 854 300 contingit,
877 268 907 290 ut
927 262 1012 300 figura
1030 262 1076 290 fiat
1095 261 1228 299 oblonga,
1248 259 1322 289 locus
1339 260 1423 298 duplo
1441 261 1531 298 priore
1550 260 1654 296 major,
1674 261 1890 294 circumferentia
1908 265 1993 305 sesqui

400 302 493 331 altera.

444 343 516 369 Cum
532 342 612 377 igitur
626 341 663 368 ita
677 340 802 371 eveniat,
820 345 850 367 ut
865 339 982 374 confides
995 348 1047 368 una
1060 339 1296 371 castrametentur,
1315 337 1351 366 fic
1363 337 1469 375 semper
1481 345 1592 366 utuntur
1607 336 1877 375 castrametationibur.
1917 344 1992 372 Cum

401 388 467 407 vero
479 379 610 411 seorsum,
631 378 731 415 reliqua
743 377 803 405 sane
817 377 948 405 similiter:
969 377 1060 406 forum
1075 385 1165 406 autem
1174 397 1181 409 ‚
1203 376 1374 413 praetorium,
1387 377 1611 414 quaestoriumque
1624 378 1652 404 in
1667 377 1760 406 medio
1772 378 1887 408 statuunt
1897 382 1994 410 utrius.

403 425 456 454 que
469 418 607 445 exercitus.
636 418 701 444 Haec
714 414 808 444 omnia
825 414 946 455 Polybius.

441 455 481 481 Ex
501 455 595 490 quibus
616 454 729 490 intelligi
749 454 836 490 potest
851 475 858 486 ‚
884 464 942 491 quae
961 452 1095 492 castrorum
1116 455 1308 481 Romanorum
1335 452 1425 481 forma
1451 452 1539 481 fuerit.
1580 454 1782 490 Nonnunquam
1805 462 1897 484 tamen
1916 457 1992 487 aliter

401 492 551 520 constructa
570 502 600 520 ea
620 492 736 521 fuerunt.
779 493 857 528 Caefitr
876 492 972 521 lunatis
991 493 1078 520 castris
1098 492 1222 527 Thapficm
1248 492 1258 527 (
1273 499 1302 520 ut
1322 492 1358 519 est
1377 493 1405 519 in
1426 490 1532 519 historia
1551 491 1672 527 Africani
1693 492 1771 527 belli)
1797 495 1922 530 operibus
1941 497 1992 525 cin-

402 530 595 558 cummunivit.

443 567 560 605 vegetius
572 569 733 606 triquetram
748 571 776 597 &
786 567 998 597 semirotundam
1015 568 1135 597 formam
1149 569 1287 600 nominat,
1308 576 1391 604 quem
1408 566 1520 604 diligens
1533 566 1618 595 lefitor
1632 568 1665 595 de
1678 567 1895 609 castrametatione
1907 572 1992 603 etiam

402 605 491 643 legere
505 608 614 643 poterit.
630 607 701 641 ,Illud
716 607 856 640 hocloco,
875 616 1019 644 antequam
1034 609 1065 636 ad
1080 608 1128 635 alia
1142 608 1286 639 accedam,
1307 606 1591 639 monebo‚R0manos
1601 614 1662 634 ante
1674 607 1780 634 Camillt
1793 616 1918 645 tempora
1933 617 1994 639 tan.

403 651 461 672 tum
476 654 523 682 per
540 645 656 673 aestatem
673 646 774 674 militiae
789 646 840 673 effe
852 644 1014 674 consuevisse
1028 666 1035 675 .
1057 648 1083 675 δε
1097 647 1173 674 domi
1194 646 1242 674 suae
1257 645 1385 681 hyemare
1399 655 1405 672 :
1427 654 1459 672 eo
1472 652 1563 673 autem
1578 651 1704 681 tempore
1716 665 1723 676 ,
1744 654 1798 682 quo
1813 646 1865 680 Veje'
1877 647 1970 677 obseffi
1980 669 1990 679 .

402 684 525 718 primum
540 683 648 719 coepisse
662 683 773 712 castellis
783 684 932 716 aedificatis,
953 683 1091 722 castrisque
1105 685 1230 717 munitis,
1251 685 1279 712 in
1289 682 1392 712 hostico
1406 681 1536 720 hyemem
1552 692 1616 711 cum
1629 683 1714 710 aestate
1727 684 1893 713 continuare.
1927 687 1991 715 Plu-

402 721 503 748 tarchus
517 722 544 748 in
555 722 673 749 Camillo
681 743 687 754 ,
707 721 767 749 Lir.
778 721 822 750 lib.
831 733 857 758 5.
1549 758 1553 761 ι

441 759 602 787 Notandum
620 763 646 789 &
661 760 713 788 hoc
728 761 780 791 cst,
799 761 915 789 tentoria
929 760 981 787 five
996 759 1164 789 tabernacula
1179 761 1309 788 exercitus
1323 759 1443 788 Romani
1454 770 1486 787 ex
1493 757 1597 794 pellrbus
1608 758 1663 786 fieri
1679 757 1854 791 consuevisse,
1875 761 1947 798 quod
1958 771 1992 791 ex

403 795 502 823 Valerio
517 797 634 825 Maximo
650 798 791 834 lib.2.cap.
805 809 831 828 2.
845 801 871 827 &
886 798 940 826 aliis
954 799 988 826 cst
1004 799 1188 826 manifestum:
1210 798 1272 826 hinc
1285 799 1365 826 toties
1378 799 1447 834 apud
1461 797 1585 826 authores
1598 795 1708 834 legitur,
1721 796 1874 832 subpelltbas
1889 799 1991 828 milites

401 833 512 867 habere,
533 836 680 863 exercitum
687 835 735 870 fieb
743 835 848 870 pellibus
859 838 990 868 retinere,
1002 836 1049 872 fitb
1060 835 1163 872 pelltbus
1179 837 1229 864 esse
1243 847 1256 863 ,κ
1268 837 1341 873 quod
1355 836 1419 863 nihil
1432 835 1502 863 aliud
1519 836 1556 863 est
1573 855 1580 867 ‚
1601 844 1684 872 quarn
1696 836 1845 863 exercitum
1860 837 1887 864 in
1899 844 1989 866 tento-

403 872 463 903 riis,
484 881 542 909 quae
553 883 584 901 ex
597 874 706 911 pellibus
719 874 777 902 fieri
790 874 921 906 solebant,
942 874 1037 902 habere
1046 896 1052 906 ,
1073 875 1202 908 retinere,
1222 875 1249 902 in
1261 875 1384 902 tentoriis
1397 874 1461 905 esse,
1483 875 1511 901 in
1525 873 1612 902 castris
1625 873 1685 900 effe.
1703 874 1774 901 Vide
1786 873 1907 902 Carolnm
1917 874 1988 914 Sigo-

401 908 475 937 nium
490 910 594 939 scholiis
608 913 635 939 in
649 910 754 939 Livium
766 912 811 940 lib.
819 923 848 948 5.
861 913 952 944 initio,
973 912 1090 945 Jacobum
1105 913 1256 940 Ravardum
1269 912 1314 940 lib.
1324 922 1353 949 4.
1372 914 1534 944 variorum,
1555 920 1612 947 cap.
1625 921 1648 948 3.
1662 913 1689 939 ὃς
1701 911 1772 939 alios.

446 948 542 985 Neque
561 949 614 977 h‘oc
625 950 888 986 praetermittendum
909 951 945 977 est
959 971 968 982 ‚
993 949 1071 987 castra
1088 952 1277 978 Romanorum
1291 957 1322 978 ut
1336 949 1484 988 plurimum
1502 957 1588 984 portas
1608 947 1715 985 haburffe
1735 956 1858 986 quatuor.
1897 951 1990 980 Prima

402 994 458 1013 erat
465 988 580 1020 pretoria
591 1008 600 1021 ‚
621 996 678 1024 quae
692 991 719 1017 δε
733 987 859 1026 questam:
872 989 942 1016 dista
955 989 991 1015 est
1005 999 1010 1015 :
1031 997 1061 1015 ea
1076 989 1117 1016 vel
1129 989 1264 1016 orientem
1283 987 1366 1015 solem
1382 987 1499 1024 speCkire
1508 1008 1516 1019 ,
1537 987 1580 1014 vel
1595 986 1610 1014 ὲ
1625 987 1767 1023 εοιιῷεᾶυ
1779 987 1894 1015 hostium
1908 990 1989 1027 dirigi

403 1022 512 1052 solebat.
551 1026 632 1062 Qod
647 1035 680 1053 eo
694 1026 773 1054 fiebat
787 1046 793 1057 ‚
814 1033 843 1054 ut
857 1026 876 1054 fi
889 1026 997 1063 quando
1012 1026 1044 1053 ad
1057 1035 1132 1054 arma
1145 1026 1346 1054 conclamatum
1361 1025 1430 1053 foret
1443 1045 1451 1058 ,
1471 1024 1524 1052 fine
1537 1024 1656 1053 tumultu
1675 1033 1750 1053 extra
1768 1025 1849 1052 castra
1865 1027 1989 1055 contrahi

402 1061 565 1094 multitudo,
586 1063 745 1100 &explicari
760 1064 881 1096 ordines,
900 1063 1025 1101 signaque
1039 1064 1115 1092 educi
1127 1064 1239 1100 poss‘ent.
1261 1064 1369 1091 Etenim
1384 1062 1491 1090 ubiacie
1503 1063 1702 1090 decernendum
1715 1070 1788 1095 erat,
1807 1063 1879 1092 illinc
1892 1064 1991 1093 cohor-

405 1106 444 1127 tes
460 1101 550 1132 educi,
571 1103 598 1130 &
614 1103 697 1137 copiae
709 1103 850 1129 admoveri
865 1102 992 1129 fialebant.

444 1138 500 1166 Ubi
514 1140 595 1167 etiam
616 1139 735 1168 militum
747 1140 822 1168 statio
836 1139 943 1177 copiosa
957 1140 1134 1178 instrudiaque
1146 1141 1179 1168 ad
1193 1139 1293 1170 subitos
1307 1145 1416 1169 conatus
1427 1137 1479 1167 effe
1491 1138 1604 1167 debebat
1617 1158 1627 1170 ,
1647 1139 1689 1166 cui
1703 1139 1785 1166 etiam
1792 1138 1926 1175 principali
1937 1151 1988 1170 no.

403 1185 467 1204 men
481 1177 586 1207 datum.
1595 1208 1598 1209 γ

443 1215 533 1243 AltEra
546 1217 559 1242 a
575 1223 653 1253 tergo
663 1215 798 1252 castrorum
810 1217 963 1246 decumana.
981 1227 1014 1244 eo
1030 1216 1102 1253 quod
1116 1216 1206 1254 ampla
1218 1219 1244 1246 &
1257 1223 1364 1254 patens:
1385 1226 1418 1244 ex
1431 1225 1482 1254 qua
1495 1214 1641 1244 desertores
1658 1217 1685 1244 ὅς
1701 1214 1854 1248 facinorofi,
1876 1218 1904 1246 in
1918 1226 1987 1256 quos

402 1252 461 1288 jure
476 1253 585 1280 militari
601 1255 870 1282 animadvertendum
886 1263 955 1285 erat,
977 1254 1170 1288 educebantur,
1192 1258 1218 1285 ὃ(
1232 1256 1320 1292 poenis
1333 1255 1535 1283 coercebantur.

445 1293 537 1319 Tertia
552 1298 607 1319 erat
616 1291 775 1327 principalis,
796 1303 828 1320 ex
844 1302 895 1330 qua
908 1295 1040 1331 principes
1056 1296 1081 1322 ὃε
1099 1293 1199 1321 summi
1212 1294 1284 1321 duces
1296 1294 1367 1322 velut
1382 1303 1413 1320 ex
1427 1293 1530 1329 postico
1543 1312 1551 1324 ‚
1570 1292 1590 1320 fi
1603 1291 1710 1330 quando
1723 1300 1791 1328 opus
1804 1293 1881 1326 estet,
1902 1303 1986 1331 opem

404 1327 456 1357 suis
467 1329 647 1359 laborantibus
660 1330 795 1362 ferebant,
815 1332 923 1360 ordines
936 1332 1095 1364 tendebant,
1118 1334 1144 1360 δε
1160 1332 1259 1360 milites
1272 1332 1428 1360 educebant.

439 1368 491 1394 Via
505 1377 623 1404 quoque,
645 1378 702 1405 φη
715 1369 747 1396 ad
763 1378 822 1396 eam
842 1378 949 1407 portam
972 1370 1086 1402 ferebat,
1104 1369 1248 1405 principatu
1261 1370 1331 1398 dieta
1345 1371 1391 1398 est·

441 1406 543 1442 Qarta
568 1414 624 1434 erat
648 1407 706 1443 post
728 1406 872 1440 pratariam
892 1410 918 1436 Sc
939 1408 1066 1447 quintana
1086 1408 1241 1441 dicebatur,
1275 1408 1374 1446 quippe
1393 1417 1442 1445 per
1461 1416 1521 1436 eam
1543 1413 1712 1436 commeatus
1737 1407 1765 1434 in
1786 1408 1866 1437 castra
1886 1419 1986 1439 conve-

400 1443 427 1471 hi
441 1464 449 1475 ,
477 1446 504 1472 &
523 1452 614 1472 rerum
633 1444 786 1472 utensilium
806 1446 884 1481 copia
902 1446 1001 1473 venalis
1021 1447 1136 1482 exponi:
1165 1448 1227 1475 inde
1253 1447 1333 1474 etiam
1356 1456 1459 1473 merces
1484 1446 1516 1473 ad
1536 1445 1610 1473 usum
1637 1445 1759 1472 militaris
1785 1446 1984 1480 multitudinis,

400 1490 509 1518 quaeque
528 1480 600 1509 bello
619 1481 675 1509 usui
695 1482 798 1513 essent,
827 1484 968 1519 importari
989 1486 1015 1512 ὃς
1035 1486 1169 1521 exportari
1188 1483 1317 1514 solebant.
1341 1484 1413 1512 Vide
1431 1491 1526 1521 praeter
1546 1482 1665 1518 Festum,
1685 1482 1865 1511 Alexandrum
1885 1489 1987 1521 Neapo-

401 1519 512 1545 litanum
531 1518 575 1546 lib.
592 1527 617 1546 ι.
635 1519 789 1546 Genialium
810 1520 932 1552 dierum,
951 1530 1007 1557 cap.
1028 1532 1068 1549 12.

443 1557 540 1584 Praeter
560 1564 672 1593 quatuor
692 1557 738 1585 has
756 1566 845 1594 portas
865 1559 902 1586 ait
923 1557 1051 1585 Turnebm
1072 1559 1141 1587 libro
1162 1559 1380 1587 Adversariorum
1398 1570 1441 1598 30.
1461 1568 1518 1596 cap.
1535 1567 1578 1593 24.
1601 1558 1652 1586 fuit
1666 1559 1747 1585 etiam
1762 1558 1969 1587 extraordinaria
1975 1581 1985 1594 ,

402 1603 487 1630 prope
506 1603 586 1631 quam
607 1595 752 1622 tendebant
769 1596 976 1623 extraordmarii.
1016 1596 1104 1623 rums
1125 1597 1226 1632 lib.4o.
1248 1598 1397 1635 Erumpere
1413 1596 1618 1624 extraordmaria
1637 1604 1714 1631 porta
1733 1596 1805 1632 juffit
1821 1608 1826 1622 :
1845 1597 1985 1635 quastorm‚

402 1642 460 1668 quae
479 1633 628 1668 propinqua
647 1642 702 1661 erat
721 1634 868 1670 quaestorio.
901 1634 992 1661 Lirim
1011 1636 1107 1662 eodem
1127 1636 1215 1662 libro:
1246 1635 1359 1673 Qintus
1379 1634 1486 1662 Ful-cius
1506 1634 1607 1661 Flaccm
1632 1633 1732 1671 legatus
1752 1643 1814 1661 cum
1835 1635 1926 1663 dextra
1945 1636 1987 1664 ala

403 1670 433 1697 ad
453 1668 608 1709 quastm‘iam
626 1679 735 1707 portam
757 1671 862 1706 positus.
903 1673 954 1700 Sed
981 1675 1006 1700 ἃ
1037 1674 1094 1700 duae
1113 1673 1269 1709 principales
1290 1681 1364 1701 erant
1377 1694 1383 1705 ,
1414 1673 1506 1699 dextra
1527 1674 1552 1700 8<
1571 1670 1677 1708 finzstra
1695 1672 1709 1699 ὲ
1727 1672 1916 1708 principalibus
1935 1684 1984 1702 no-

401 1717 466 1736 men
481 1708 596 1774 Ῑῖἀερῑεε.
633 1707 723 1736 Livius
741 1708 788 1737 lib.
809 1718 856 1744 40·
880 1711 913 1739 ad
933 1711 1071 1739 dexteram
1087 1711 1264 1749 principalem
1282 1710 1391 1749 hastatos
1408 1710 1521 1749 legionis
1539 1711 1634 1746 primae
1652 1710 1774 1738 instruxit
1785 1730 1793 1742 ,
1807 1713 1859 1739 δῖε.
1885 1712 1986 1741 Hacte-

403 1755 452 1774 nus
471 1756 479 1774 1
501 1756 523 1774 e.

442 1783 591 1812 stratorium
603 1784 740 1814 dicebatur
752 1785 956 1820 tabernaculum,
978 1788 1050 1825 quod
1067 1788 1147 1817 duces
1161 1788 1327 1817 exercituum
1341 1808 1350 1819 ,
1372 1787 1414 1817 vel
1425 1789 1605 1824 Imperatores
1615 1807 1621 1817 ,
1645 1786 1687 1814 vel
1701 1786 1829 1815 Consules
1841 1806 1849 1819 ‚
1868 1787 1923 1815 five
1934 1789 1984 1816 Di.

403 1823 532 1854 statores,
552 1823 607 1851 five
619 1831 759 1860 praetores,
780 1824 832 1852 five
844 1825 944 1854 tribuni
963 1826 1082 1854 militum
1098 1826 1237 1854 Consulari
1249 1827 1379 1862 potestate
1390 1827 1408 1854 ii
1422 1827 1519 1856 estent,
1538 1824 1712 1861 occupabant.

444 1863 557 1889 Nomen
572 1869 661 1889 autem
677 1863 739 1890 inde
753 1862 846 1891 habet.
868 1864 939 1900 quod
954 1864 1032 1893 initio
1048 1864 1176 1893 Consules
1188 1886 1195 1897 ‚
1217 1865 1262 1902 qui
1275 1864 1435 1901 plerumque
1450 1863 1518 1891 bella
1530 1863 1765 1893 administrabant,
1782 1870 1895 1897 pretores
1909 1864 1983 1893 dice-

403 1907 504 1928 rentur.
523 1898 687 1937 Qastorium
700 1908 756 1928 erat
768 1900 966 1929 tabernaculum
980 1904 1150 1940 quaestorum.
1179 1905 1300 1931 Tantum
1315 1903 1350 1930 de
1360 1901 1456 1941 castris.
1476 1905 1502 1931 δί
1517 1911 1611 1929 eorum
1627 1901 1783 1929 metatione.

444 1939 486 1966 De
498 1946 605 1965 morrone
618 1938 704 1966 adhuc
716 1940 875 1971 dicendum,
897 1941 929 1967 de
943 1949 994 1977 qua
1010 1941 1121 1978 Polybius
1134 1939 1179 1969 lib.
1193 1945 1219 1969 6.
1234 1942 1270 1969 ita
1283 1941 1372 1970 scribit
1383 1952 1388 1968 z
1410 1941 1501 1969 Castra
1513 1946 1627 1967 movent
1639 1940 1667 1967 in
1679 1939 1749 1966 hunc
1761 1939 1876 1968 modum
1893 1950 1900 1967 ε
1927 1940 1982 1969 Ubi

399 1975 513 2011 primum
526 1976 619 2004 datum
633 1976 713 2005 fuerit
726 1977 830 2014 lignum
846 1999 855 2010 ‚
875 1978 1017 2007 detrahunt
1031 1980 1159 2011 tentoria,
1179 1986 1403 2016 componuntque
1416 1978 1528 2006 sarcinas
1540 1989 1545 2004 :
1565 1977 1609 2006 sed
1624 1987 1710 2014 neque
1724 1977 1859 2014 deponere
1870 1999 1876 2009 ‚
1896 1987 1984 2016 neque

405 2023 505 2051 erigere
516 2014 576 2042 licet
584 2015 697 2051 cuipiam
707 2036 714 2047 ‚
734 2023 877 2052 antequam
892 2016 1079 2049 tribunorum,
1101 2017 1326 2055 Imperatorisque
1339 2018 1488 2045 tentorium
1502 2017 1634 2053 erigatur,
1655 2016 1846 2054 deponaturve.
1884 2016 1938 2045 Ubi
1942 2018 1985 2052 fi-

405 2052 514 2078 cundum
527 2071 536 2084 ‚
561 2052 705 2089 imponunt
718 2062 798 2081 onera
811 2055 950 2090 jumentis.
989 2056 1043 2083 Ubi
1058 2055 1163 2083 tertium
1177 2077 1184 2088 ‚
1210 2056 1359 2092 procedere
1372 2061 1480 2092 oportet
1498 2055 1602 2092 primos
1615 2076 1622 2086 ,
1644 2063 1809 2090 movereque
1823 2062 1881 2083 tota
1892 2056 1982 2083 castra.

405 2090 534 2117 Incedunt
550 2098 613 2117 vero
627 2099 660 2117 eo
673 2092 784 2123 ordine,
805 2094 849 2129 qui
864 2093 944 2129 paulo
955 2101 1017 2122 ante
1028 2113 1036 2123 ,
1063 2103 1126 2122 curn
1140 2095 1175 2122 de
1188 2094 1360 2130 expeditione
1372 2102 1512 2131 ageremus
1526 2114 1534 2125 ‚
1560 2092 1573 2120 ὲ
1588 2092 1665 2120 nobis
1681 2102 1712 2120 ex
1725 2091 1821 2130 Poffibio
1834 2093 1871 2120 est
1882 2094 1982 2122 indica-

407 2135 456 2155 tus.
497 2128 535 2154 Ut
550 2134 640 2155 tamen
654 2128 699 2160 iis,
720 2139 777 2166 quae
791 2129 843 2158 hoc
857 2132 942 2167 capite
956 2133 990 2160 de
1005 2133 1087 2160 veteri
1101 2134 1290 2160 Romanorum
1303 2130 1520 2168 castrametatione
1534 2131 1604 2158 dista
1616 2131 1676 2159 sunt
1688 2152 1696 2163 ,
1718 2130 1816 2167 aliquid
1831 2130 1896 2159 lucis
1907 2141 1983 2160 acce-

404 2166 493 2196 deret,
514 2173 600 2200 opcrae
612 2167 728 2200 pretium
745 2176 789 2195 me
803 2168 934 2196 faeturum
947 2169 1004 2198 sum
1019 2170 1172 2203 arbitratus,
1194 2170 1212 2198 fi
1229 2177 1326 2207 typum
1339 2170 1407 2198 illius
1418 2168 1642 2205 castrametastoms
1662 2178 1694 2197 ex
1705 2169 1774 2197 libro
1786 2177 1881 2206 quarto
1897 2170 1982 2198 Com-

405 2203 600 2231 mentariorum
617 2204 776 2239 Reipublieae
799 2208 928 2235 Romam:
946 2208 1084 2247 Woljsgangi
1096 2208 1175 2237 Lami
1195 2208 1240 2237 hic
1254 2207 1397 2237 insererem
1410 2229 1418 2240 ,
1444 2207 1590 2245 praesertim
1610 2217 1672 2236 cum
1689 2208 1709 2235 is
1727 2216 1790 2234 curn
1804 2207 1980 2245 descriptione
2012 2227 2018 2230 ·
2064 2223 2065 2227 =

406 2240 512 2277 Palybn',
532 2249 613 2282 quem
629 2251 677 2268 nos
691 2242 887 2277 securisumus,
910 2256 956 2284 per
971 2249 1064 2276 omnia
1077 2247 1229 2278 conveniat.
1270 2247 1354 2286 Qod
1367 2256 1462 2276 meum
1475 2246 1615 2276 confilium
1629 2254 1659 2275 ut
1671 2245 1769 2284 probes
1779 2266 1787 2278 .
1810 2253 1838 2274 te
1849 2245 1979 2274 benevole

409 2279 503 2312 lector,
525 2286 605 2307 enam
622 2286 700 2317 atque
714 2282 795 2309 etiam
809 2291 888 2320 rogo,

1869 2390 1973 2418 Car-
