2075 2734
349 105 409 134 DE
449 107 1435 146 Funenznvstrseruncnnrs.CAr.39.
1623 123 1678 153 443

99 165 181 195 quam
193 161 305 183 acerram
319 156 407 183 Festus
420 155 579 194 appellatam
594 154 700 186 scribit,
720 155 748 182 in
763 162 814 191 qua
826 154 922 182 odores
934 154 1118 185 incendebant.
1137 160 1195 186 Hos
1212 158 1277 187 ritus
1288 158 1344 186 fere
1358 168 1454 187 omnes
1469 159 1604 200 eleganter
1620 174 1680 193 exe..

98 203 173 225 cutus
187 192 224 222 est
237 192 354 230 Vtrgilius
368 193 414 222 lib.
427 200 453 222 6.
468 195 501 222 de
514 193 607 221 funere
621 192 717 232 Miseni
730 191 844 220 scribens
856 191 895 232 his
910 192 1039 224 versibus,
1060 204 1085 222 v.
1097 205 1158 223 212.

405 235 455 260 Nec
467 231 550 259 minus
561 231 659 258 interea
671 231 797 265 bissenum
809 230 837 257 in
849 229 933 256 lurore
947 230 1037 257 Teucri

406 268 525 300 Flebant,
546 269 586 301 ζῇ·
598 266 674 296 cineri
686 268 784 306 ingrato
789 269 909 303 fitpremu
916 267 1042 303 serebant.

405 305 532 340 Principia
538 315 657 344 pmguem
670 306 754 336 tadis,
775 306 816 339 (9·
828 306 910 333 robore
915 305 985 340 sefr'o

404 348 531 382 Ingentem
537 343 654 382 struxere
663 353 752 381 pyram
759 366 768 378 ,
787 343 827 372 cui
832 343 965 380 frondibus
979 343 1043 372 atris

401 385 524 409 lntexunt
537 383 619 410 latera
627 404 634 415 ‚
655 382 696 416 ᾤ’
702 383 798 419 ferales
810 391 869 410 nme
881 381 997 420 cupreffos

399 418 561 458 constituunt
570 441 577 451 ,
596 421 840 460 decorantquefiaeper
848 420 1001 458 fussemtbus
1016 419 1096 447 armis
1102 440 1111 452 ,
1131 419 1194 453 &a

132 463 176 490 De
193 460 279 492 urnis,
297 456 396 490 localis,
417 458 635 493 &sepulchrorum
651 458 806 487 ornamentis
818 459 903 488 multa
923 458 1064 495 diligenter
1078 458 1188 498 collegir
1202 458 1321 496 Georgius
1336 461 1460 490 Fabricios
1476 464 1676 496 Chemnicenfig

93 500 121 528 in
136 500 178 528 sua
193 502 297 529 Roma,
317 505 373 533 cap.
387 505 430 524 21.
444 505 501 533 quae
514 495 558 525 hic
571 507 626 525 non
639 498 741 535 pigebit
754 504 882 534 repetere.
909 498 951 524 De
962 496 1046 524 locults
1059 496 1112 524 five
1125 507 1195 523 urms
1211 497 1246 524 ita
1262 497 1364 526 scribit:
1386 501 1578 531 Faciendorum
1589 505 1677 532 loculo-

94 549 164 570 rum,
188 540 214 566 Sc
234 545 356 563 urnarum
374 535 591 567 condendarum,
612 545 667 564 non
681 536 831 564 admodum
844 535 945 564 diversa
959 534 1010 563 fuit
1026 535 1109 566 ratio,
1130 545 1192 563 cum
1207 536 1234 562 in
1251 535 1338 567 Urbe,
1359 545 1417 565 tum
1430 541 1456 567 in
1471 541 1569 579 reliqua
1585 543 1672 574 Italia,

92 582 171 612 atque
183 575 264 603 etiam
278 574 307 601 in
323 573 435 601 Graecia.
466 573 612 601 Marlmnus
626 574 730 607 scribit,
750 582 828 602 antra
841 581 1012 601 concamerata
1025 572 1180 601 fossionibus
1195 573 1245 600 esse
1258 582 1347 609 aperta
1358 595 1366 606 ‚
1387 576 1413 602 in
1425 587 1521 615 campo
1536 580 1671 617 Esquilino

91 614 210 650 quaedam
225 611 298 640 unius
309 610 440 649 testudmis
453 630 461 640 .
487 612 609 648 quaedam
622 611 725 648 duplicis
737 612 953 640 concamerationis
966 632 975 643 ,
1001 611 1037 640 ita
1049 619 1079 639 ut
1093 621 1125 639 ex
1141 611 1274 648 superiore
1288 613 1315 639 in
1331 612 1488 642 inferiorem
1501 618 1673 647 descendere-

89 658 143 679 tur.
178 650 333 678 pavimenta
353 649 490 678 interdum
505 649 630 687 tessellata
643 671 651 682 ,
677 651 815 679 interdum
835 649 1001 677 vermiculata
1013 660 1021 675 .·
1047 650 1074 677 in
1096 650 1238 686 parietibus
1258 651 1432 679 circumcirca
1444 653 1530 681 locutos
1542 657 1670 685 extitisse«

88 688 203 725 fingulos
222 699 278 716 cum
291 686 359 715 binis
369 688 448 715 urm's.
488 688 546 716 Alia
559 698 666 726 quoque
679 688 753 716 fuiffe
766 696 841 717 antra
850 687 966 724 plurium
981 688 1114 723 parietum
1126 709 1133 720 ,
1161 688 1273 715 modico
1288 688 1427 716 intervalio
1441 691 1592 721 distantium
1608 715 1614 726 ‚
1642 695 1670 722 in

88 727 183 763 quibus
198 729 314 755 totidem
330 735 406 753 urnas
420 725 496 753 fuiffe
507 728 658 764 contiguas,
679 728 811 764 &exiguo
824 726 882 763 post
895 725 978 762 spatio
991 725 1078 754 rursus
1091 726 1166 758 alias,
1186 726 1278 763 hisque
1286 726 1346 754 alias
1355 727 1502 763 impofitas:
1523 730 1568 758 has
1577 741 1671 766 paupe-

87 773 161 796 rum,
182 765 242 793 alias
256 763 370 792 dsvitum
382 764 456 791 fuisse
469 765 603 800 opinatur.
635 766 695 793 Nos
710 766 737 793 in
749 774 814 801 agro
827 763 871 792 viae
886 764 969 798 Appia
983 765 1010 791 in
1025 764 1190 800 profundum
1206 764 1252 791 sub
1267 771 1367 792 terram
1383 765 1514 794 fornicem
1532 770 1667 798 delcendi-

80 811 150 834 mus.
158 803 266 839 plenam
279 802 431 830 loculorum
444 803 515 830 inter
523 803 550 830 se
564 802 770 839 dispositorum:
796 812 827 831 ex
842 803 917 830 ruina
931 810 1021 831 autem
1035 803 1167 838 parietum
1182 812 1244 830 vere
1259 802 1383 840 cognosci
1396 804 1453 830 ordo
1464 804 1598 833 loculorum
1614 818 1667 835 non

85 842 184 876 potuit.
216 843 289 870 Inter
308 840 422 867 Puteolos
434 842 461 869 ὃς
477 841 593 868 Atellam
606 861 613 872 ,
640 841 672 868 ad
686 849 796 878 utraque
810 842 858 869 viae
870 840 983 869 filicibus
997 841 1079 868 stratae
1091 841 1172 868 latera
1186 841 1489 877 plurzinastpulclfforum
1502 844 1671 873 lustravimus

86 888 250 907 monumenta
261 891 270 906 .·
293 887 410 915 quorum
429 878 538 906 aedificia
555 880 656 914 partim
676 880 808 918 quadrata
821 879 880 907 sunt
896 900 902 910 ‚
928 880 1027 915 partim
1042 879 1159 906 rotunda.
1198 880 1272 906 Inter
1285 887 1379 906 caetera
1393 880 1602 915 pulcherrimum
1619 885 1669 914 est,

86 917 159 953 quod
172 926 257 944 arcum
272 916 332 942 cella
343 916 495 944 nominant.
527 917 640 945 Parietes
655 917 711 953 ejus
726 918 871 955 tetragoni,
894 926 957 945 cum
972 917 1085 953 laqueari
1099 917 1277 945 vermiculato
1289 928 1293 944 :
1319 918 1347 944 in
1361 919 1435 953 cujus
1449 920 1542 947 medio
1555 919 1668 948 centauri

85 965 167 992 ‚mago
179 963 291 990 puerum
306 953 433 982 vehentis.
472 954 559 981 Loculi
571 955 639 983 ultra
652 955 785 992 sexaginta
799 977 806 987 ‚
835 955 918 983 medii
932 955 1035 991 ampli,
1062 954 1168 983 fortasse
1176 963 1340 989 patronorum
1352 967 1360 982 ‚¹
1387 956 1507 985 laterales
1521 959 1651 987 contraisti
1661 979 1668 989 .

85 990 230 1019 libertorum
243 1012 252 1023 ‚
277 991 495 1029 libertatumque.
535 994 567 1020 ln
587 993 680 1022 loculis
699 1003 770 1021 urnae
789 993 894 1031 fingulae
906 992 1026 1030 pluresve
1040 992 1169 1029 disposita:
1185 993 1290 1020 suerunt
1303 1014 1311 1025 ‚
1338 993 1427 1021 clausae
1441 997 1557 1023 exterius
1572 997 1672 1025 tabellis

88 1031 247 1058 marmoreis
258 1050 266 1062 ‚
291 1031 319 1057 in
340 1029 434 1066 quibus
455 1031 567 1059 nomina
585 1031 774 1068 dispolitorum
793 1032 827 1059 de
841 1041 919 1059 more
933 1031 1040 1060 fuerunt
1052 1031 1189 1067 adscripta.
1229 1031 1351 1059 Testatur
1368 1032 1478 1059 Ctrs'acus
1494 1034 1671 1062 Anconitanus

85 1069 97 1103 <
105 1068 178 1104 cujus
190 1067 297 1104 scriptas
310 1066 435 1105 quasdam
450 1068 551 1097 chartas
563 1070 734 1105 evolvimus)
760 1069 787 1097 se
801 1070 884 1098 Patris
896 1071 924 1098 in
939 1069 1038 1105 Achaja
1060 1070 1088 1096 in
1101 1070 1156 1096 aede
1174 1072 1202 1095 S.
1217 1069 1326 1095 Andreae
1346 1079 1454 1098 antrum
1468 1070 1667 1101 subterraneum

87 1116 119 1134 ex
134 1108 241 1143 integro
252 1106 390 1142 solidoque
402 1106 488 1143 lapide
500 1107 608 1141 vidisse,
628 1109 700 1136 miro
711 1108 825 1136 artificio
835 1108 991 1135 fabricatum
1003 1128 1009 1138 ,
1030 1108 1056 1135 in
1066 1107 1137 1144 quod
1147 1116 1193 1142 per
1199 1107 1294 1143 gradus
1303 1106 1418 1135 sedecim
1429 1109 1565 1138 descensus
1572 1110 1667 1143 fuerit,
1681 1112 1685 1113 ⁷

85 1145 212 1181 quodque
227 1144 272 1172 sub
289 1153 339 1171 una
352 1144 483 1173 testudine
495 1152 652 1184 tetragonos
665 1146 777 1183 parietes
791 1146 912 1174 habuerit
924 1146 1025 1173 loculos
1040 1144 1257 1182 quatuordecim,
1278 1146 1306 1172 in
1320 1146 1413 1182 quibus
1426 1147 1532 1184 finguhs
1548 1149 1615 1176 bino:
1623 1157 1668 1177 aut

85 1190 166 1210 ternae
173 1182 301 1218 fimeral'es
312 1182 412 1210 fuerint
425 1183 530 1215 locatae,
551 1194 583 1212 ex
598 1184 692 1221 quibus
704 1184 863 1212 testimoniis
878 1194 932 1211 non
948 1184 1034 1211 multo
1048 1183 1180 1211 diverlam
1194 1184 1352 1211 Graecorum
1368 1185 1394 1211 ὃς
1409 1185 1615 1219 Romanorum,
1638 1195 1667 1215 ut

83 1220 215 1251 diximus,
235 1229 313 1247 urnas
324 1220 508 1257 conjungendi
520 1222 654 1249 rationem
667 1242 675 1254 ,
696 1221 770 1249 fuiffe
782 1222 819 1248 est
832 1221 1008 1258 perspicuum.
1046 1223 1088 1248 De
1094 1221 1276 1255 ftpulchrorum
1289 1229 1380 1248 autem
1394 1224 1547 1251 ornamentis
1560 1224 1615 1252 haec
1630 1225 1668 1251 ar*-

84 1257 137 1285 fert
147 1268 153 1284 2
166 1260 198 1285 In
207 1257 348 1294 sepulchris
355 1278 362 1289 ‚
377 1267 434 1294 quae
442 1258 503 1286 hinc
510 1259 625 1295 indeper
633 1259 737 1287 Urbem
745 1259 772 1286 in
781 1259 871 1287 multis
883 1260 948 1287 locis
954 1267 1100 1287 occurrunt
1108 1280 1114 1289 ,
1123 1259 1191 1286 varia
1199 1268 1289 1285 rerum
1298 1258 1453 1287 fimulachra
1461 1260 1519 1289 sunt
1528 1261 1670 1298 exsculpta.

85 1295 214 1322 Ludorum
229 1295 363 1322 Curulium
377 1296 453 1332 quale
466 1297 503 1324 est
516 1304 578 1325 ante
589 1301 634 1325 SS.
649 1299 764 1332 Cosmum
777 1299 803 1325 ὃς
821 1302 993 1329 Dammnum,
1015 1298 1043 1324 in
1056 1296 1118 1324 foro
1133 1298 1275 1326 Romano,
1297 1299 1323 1325 &
1336 1298 1362 1324 in
1376 1301 1403 1324 S.
1415 1302 1510 1329 joanne
1524 1303 1666 1331 Laterano,

85 1334 113 1359 in
128 1343 182 1369 quo
194 1334 275 1361 etiam
289 1340 418 1361 nocentes
432 1334 595 1370 objiciuntur
609 1335 695 1363 bestiis
704 1356 710 1365 ‚
731 1343 760 1362 ut
772 1335 799 1362 in
814 1335 866 1362 alio
885 1336 1003 1372 quodam
1019 1343 1080 1362 ante
1093 1338 1120 1361 S.
1132 1334 1248 1361 Mariam
1262 1336 1289 1362 in
1304 1336 1346 1362 via
1360 1335 1419 1363 lata.
1440 1336 1601 1375 Equestrium
1617 1347 1666 1364 cer-

83 1371 227 1403 taminum,
248 1379 277 1398 ut
292 1372 318 1398 in
331 1373 356 1398 S.
372 1372 457 1399 Maria
467 1373 496 1400 in
509 1371 634 1404 aracoeli,
653 1372 898 1406 montisCatholini.
918 1374 1085 1410 Pugnarum,
1105 1380 1133 1399 ut
1141 1372 1201 1399 inS.
1209 1373 1341 1409 Gregorio,
1363 1374 1464 1401 montis
1473 1375 1554 1402 caelii.
1578 1379 1666 1404 Vena-

83 1409 205 1441 tionum‚
225 1416 254 1437 ut
267 1409 294 1436 in
308 1412 334 1435 S.
347 1409 483 1436 Laurentio
494 1408 523 1437 in
535 1410 645 1442 Lucina,
665 1411 755 1447 campi
769 1411 868 1438 Martii.
888 1411 1102 1447 Triumphorum
1111 1430 1119 1441 ‚
1140 1418 1169 1437 ut
1182 1417 1243 1437 ante
1257 1414 1283 1437 S.
1296 1412 1463 1438 Laurentium
1471 1413 1498 1439 in
1508 1412 1662 1450 l’anisperna

83 1448 187 1475 montis
201 1446 354 1477 Viminalis3
377 1449 404 1475 ὅτ,
420 1448 564 1484 Triumphi
579 1449 678 1476 Veneri
688 1450 715 1476 in
729 1453 754 1474 S.
769 1447 875 1483 Joimne
887 1452 1021 1476 Laterano.
1047 1448 1257 1479 Sacrificiorum,
1277 1450 1347 1475 utin
1362 1452 1388 1475 S.
1404 1454 1492 1477 Marta
1508 1451 1539 1477 de
1552 1453 1664 1483 strada,

84 1485 154 1513 inter
169 1485 276 1512 octavii
289 1485 426 1521 porticum
441 1488 468 1514 ὃ(
482 1486 662 1522 Capitolium*
687 1489 713 1515 ὃς
726 1487 753 1513 in
766 1491 793 1512 S.
807 1486 949 1514 Laurentio
964 1496 1036 1514 extra
1046 1485 1217 1523 Esquilinam.
1238 1487 1358 1513 Deorum
1368 1486 1533 1520 ludentium,
1557 1497 1585 1515 ut
1593 1490 1665 1523 Apol-

84 1522 143 1549 lims
162 1531 271 1549 cuneum
284 1544 291 1555 ,
319 1526 344 1551 ὃς
357 1522 608 1557 Μυ·τι]]ἰ]ιπκίαηη’π
620 1524 722 1552 diicum
737 1545 745 1555 ‚
772 1525 799 1550 in
814 1525 900 1552 domo
916 1525 1055 1560 Augustini
1070 1523 1184 1559 Maphaei
1200 1534 1205 1550 2
1230 1527 1375 1560 Satyrorum
1381 1525 1466 1558 puellae
1478 1526 1612 1553 [lormtentt
1625 1538 1664 1553 m-

78 1560 251 1595 ficltantium,
271 1561 298 1587 in
316 1560 398 1588 horto
420 1562 446 1589 S.
462 1562 563 1589 Marci:
583 1565 712 1590 Amorum
729 1561 917 1600 equitantium,
939 1564 965 1590 in
984 1563 1069 1589 domo
1086 1561 1306 1588 commnexnium
1321 1573 1324 1588 ;
1344 1565 1454 1589 Deorum
1468 1564 1622 1590 nummorum
1639 1566 1666 1592 in

85 1597 198 1633 piscium
212 1598 304 1624 caudas
317 1598 492 1626 detinentium
501 1619 508 1629 ‚
529 1601 557 1627 δε
570 1599 726 1628 vehentium
739 1601 766 1627 in
783 1600 820 1627 eis
836 1600 976 1637 Nymphas
991 1600 1074 1628 tribus
1088 1600 1200 1627 inlocis:
1221 1600 1248 1626 in
1255 1603 1280 1625 S.
1288 1603 1385 1638 somnne
1394 1601 1472 1627 Paulo
1481 1602 1506 1628 in
1516 1602 1614 1632 (stelio,
1634 1604 1661 1630 in

86 1636 171 1663 hortis
189 1636 216 1662 S.
231 1635 331 1663 Sabinae
351 1636 451 1663 montis
469 1637 607 1664 Aventini:
629 1645 692 1664 ante
703 1642 730 1664 S.
746 1643 771 1665 T
769 1638 868 1664 hamam
882 1641 909 1666 in
923 1638 1033 1675 regione
1046 1638 1194 1665 Harenulae.
1219 1637 1336 1663 Plutonis
1350 1639 1519 1672 Proserpmnm
1532 1639 1665 1673 rapsenm,

88 1675 115 1701 in
129 1675 154 1700 S·
168 1672 315 1708 sylvestro,
335 1683 420 1711 prope
432 1682 524 1701 arcum
539 1675 702 1703 Domitiani:
725 1678 751 1703 ὃς
763 1684 824 1703 ante
836 1680 863 1703 S.
877 1681 991 1703 Mariam
1002 1676 1154 1710 cosmedtm‚
1175 1684 1261 1711 prope
1274 1675 1429 1703 Velabrum.
1455 1679 1587 1704 Ventorum
1599 1686 1664 1716 qua-

86 1720 144 1740 tuor
155 1708 308 1750 simulachra
326 1714 354 1740 in
368 1711 505 1749 sepulchro
518 1713 616 1740 domus
631 1713 729 1740 Caefiae:
748 1713 859 1741 laborum
874 1714 1004 1746 Herculis,
1024 1714 1051 1741 in
1066 1714 1152 1741 domo
1165 1713 1345 1745 Sabellorum,
1366 1713 1440 1749 supra
1456 1715 1574 1742 Marcelli
1590 1718 1662 1744 thea-

84 1757 167 1777 trum.
186 1748 502 1785 Serviliumsisppltciorum
512 1752 540 1778 in
554 1751 648 1788 quibus
663 1751 705 1778 alii
719 1752 786 1788 pede
800 1760 913 1789 utroque
919 1751 1126 1788 suspenduntur,
1145 1752 1200 1780 aliis
1208 1751 1295 1780 cultro
1302 1751 1402 1780 secatur
1409 1752 1507 1780 collum
1516 1773 1523 1783 ,
1537 1753 1594 1780 aliis
1603 1753 1661 1782 bra-

87 1788 177 1816 chium
197 1786 258 1816 fiixo
272 1789 428 1826 impolitum
441 1788 492 1816 alio
505 1788 567 1816 saxo
581 1788 725 1826 frangitur,
748 1791 775 1817 in
789 1792 814 1817 S.
830 1792 914 1818 Maria
927 1791 955 1818 in
968 1800 1012 1818 ara
1026 1789 1102 1822 coeli,
1124 1792 1149 1819 &
1160 1798 1222 1819 ante
1236 1790 1321 1817 aedem
1334 1794 1360 1817 S.
1373 1791 1491 1824 Stepham
1502 1792 1533 1817 de
1547 1790 1658 1823 Caecubo,

85 1827 114 1854 in
127 1827 237 1863 regione
252 1826 343 1854 Pineae.
365 1827 396 1854 ln
408 1825 563 1863 quibusdam
577 1826 721 1864 sepulchris
733 1827 865 1864 exsculpta
878 1829 936 1856 sunt
947 1827 1061 1866 aedficia‚
1082 1830 1181 1864 partim
1190 1827 1389 1862 jammapertis,
1410 1828 1502 1864 quibus
1509 1829 1665 1858 dicuntani-

88 1873 140 1891 mae
151 1865 326 1892 aeternitatem
339 1864 490 1902 significari,
510 1864 661 1902 cujusmodi
672 1866 709 1894 est
718 1866 745 1893 in
761 1866 859 1894 Palatio
872 1867 1024 1903 Capitolino
1031 1867 1233 1894 Triumvirum:
1253 1866 1351 1902 partim
1359 1864 1459 1903 clausis,
1481 1867 1659 1903 quainteritus

88 1903 143 1938 ejus
157 1910 208 1929 una
221 1911 283 1930 cum
297 1912 410 1938 corpore
423 1909 544 1931 notatur:
566 1903 617 1931 tale
629 1905 657 1932 in
663 1904 748 1932 domo
755 1906 819 1932 civis
826 1905 963 1940 cujusdam
971 1905 1090 1941 regionis
1099 1903 1302 1931 Transtiberinae
1309 1902 1565 1940 cernitureregione
1571 1908 1662 1941 pontis

88 1939 208 1969 Fabricii.
228 1942 290 1968 Haec
306 1940 320 1968 ὲ
336 1940 426 1968 multis
441 1941 554 1969 retuh'sse
567 1941 627 1969 satis
639 1942 684 1973 fit,
705 1952 763 1979 quae
770 1943 1043 1978 nonitaaccipivolo,
1063 1941 1133 1978 quasi
1140 1942 1217 1969 unius
1224 1948 1329 1969 tantum
1337 1942 1375 1968 rei
1383 1940 1483 1978 effigies
1491 1943 1608 1979 express'a
1616 1944 1659 1972 fit:

87 1977 133 2005 sed
146 1977 194 2005 alia
206 1977 290 2006 multa
304 1987 360 2016 quae
372 1979 494 2007 oratione
506 1980 615 2017 depingi
629 1981 657 2007 in
667 1980 715 2008 hac
722 1980 850 2008 brevitate
857 1988 1004 2018 nequeunt,
1024 1978 1318 2018 speciaculigratiafiint
1326 1979 1427 2011 addita,
1448 1981 1520 2017 quod
1528 1988 1557 2008 ut
1563 1981 1661 2010 intelli-

85 2024 179 2053 gatur,
200 2016 302 2046 duobus
314 2017 441 2053 exemplis
453 2018 599 2046 declarabo.
618 2021 649 2047 In
655 2017 983 2055 ftpulchrojaici⁴ficantium
998 2016 1026 2044 in
1037 2021 1065 2043 S.
1077 2021 1165 2043 Marm
1176 2017 1323 2049 destruam,
1343 2017 1473 2046 mulierin
1480 2018 1561 2056 bigis,
1583 2021 1661 2057 quaea

88 2053 301 2082 rhinocerotibus
315 2055 466 2087 trahuntur,
487 2056 604 2084 vehitur:
627 2057 685 2093 ipsis
699 2056 855 2083 animalibus
870 2057 924 2085 duo
936 2057 1047 2092 juvenes
1055 2054 1183 2086 inlident,
1203 2054 1407 2083 &animaliaziF
1409 2057 1481 2085 aunis
1489 2056 1551 2084 naso
1559 2057 1658 2086 ducun-

86 2100 144 2123 tur,
165 2092 289 2129 praecedit
303 2093 422 2120 Thuscus
434 2093 543 2125 fidicen,
564 2097 590 2122 ὃ(
602 2096 651 2123 viri
665 2095 729 2123 nudi
740 2103 770 2122 ac
785 2093 960 2125 mulierculae,
980 2094 1067 2121 donec
1080 2093 1112 2120 ad
1126 2101 1199 2120 aram
1207 2093 1390 2129 perveniatur,
1410 2095 1452 2121 cui
1461 2095 1554 2122 fidicen
1562 2105 1660 2127 canens

86 2131 149 2158 astat
157 2151 164 2162 ‚
185 2133 211 2159 ὃς
225 2132 295 2158 inter
306 2139 399 2158 caetera
412 2131 510 2159 ludicra
518 2133 619 2160 Faunus
627 2133 751 2161 cornibus
759 2142 821 2160 cum
829 2132 904 2160 hii-co
911 2133 1056 2160 concurrit.
1077 2132 1146 2159 Item
1155 2131 1270 2158 inaltero
1277 2131 1345 2167 apud
1354 2133 1379 2159 S.
1387 2131 1561 2168 sylvestrum:
1582 2135 1660 2162 Pluto

85 2168 217 2207 quadrigis
230 2168 330 2201 vestus,
350 2178 449 2203 raptam
463 2171 630 2204 Profivpmam
643 2173 760 2206 amplexu
775 2179 859 2203 tem-t,
878 2171 995 2199 exanimi
1008 2167 1136 2196 similem:
1159 2168 1234 2204 supra
1247 2178 1329 2206 quam
1343 2168 1437 2197 volitat
1444 2170 1526 2199 alatus
1535 2173 1657 2209 Cupido,

85 2215 192 2234 currum
208 2208 332 2243 praecedit
346 2209 492 2235 Mercurius
504 2207 572 2236 alato
586 2211 656 2245 pileo
671 2213 697 2238 ὃς
710 2210 835 2237 caduceo.
856 2210 887 2236 In
901 2209 980 2236 altera
990 2214 1064 2246 parte
1071 2210 1144 2233 Ceres
1156 2205 1218 2244 btgts
1225 2206 1353 2235 invehitur
1359 2208 1450 2236 tractis
1463 2208 1659 2246 aiei-pentima

87 2246 166 2280 pinea
178 2246 257 2277 taeda‚
278 2254 358 2282 quam
373 2245 470 2272 sinistra
481 2246 564 2283 gestat
578 2248 734 2285 investigans
748 2247 869 2274 amilium
885 2247 975 2274 filiam.
1000 2247 1074 2273 Inter
1087 2245 1157 2277 haec,
1177 2245 1209 2272 ab
1222 2253 1332 2283 utraque
1343 2253 1418 2283 parte
1430 2249 1544 2275 comites
1561 2250 1660 2283 Proser-

83 2282 146 2316 pina
165 2283 244 2311 flores
263 2284 390 2311 colice-ios
402 2283 518 2320 gestant,
544 2286 613 2312 veste
626 2285 695 2314 ultra
705 2285 805 2322 pubem
819 2285 926 2314 sublata.
957 2286 981 2312 A
993 2283 1117 2312 lateribus
1131 2282 1250 2310 Hercules
1260 2285 1310 2317 est,
1329 2284 1414 2313 leonis
1427 2287 1522 2314 exuvio
1535 2286 1659 2319 indutus,

86 2320 182 2350 dextro
195 2330 286 2350 tenens
300 2322 413 2351 clavam:
437 2321 535 2349 iinistra
547 2331 629 2351 anum
643 2325 775 2360 quandam
789 2324 930 2356 invadens,
950 2323 992 2351 cui
1006 2322 1115 2350 verbera
1129 2322 1276 2350 minitatur.
1296 2323 1431 2351 Haeienus
1442 2323 1575 2351 Fabricius.

123 2359 239 2389 l’eraffls
250 2362 282 2390 ad
295 2359 462 2398 sepulchrum
468 2359 559 2398 jzfiis.
580 2363 703 2392 convivia
715 2363 792 2391 domi
804 2361 1020 2429 appuabmttligk
1026 2361 1064 2428 {d
1079 2369 1137 2398 quae
1149 2360 1314 2401 amiciatquc
1321 2362 1430 2401 cognati
1436 2361 1662 2394 convocabantur.

507 2400 515 2405 “
1066 2408 1082 2428 2
1587 2403 1650 2431 Seni
