2075 2734
406 134 458 159 „a
699 117 1710 161 A'viQumriroMRoiriuinumLudir.

394 178 507 210 ‚aratiam
524 179 673 208 adamaret,
694 175 819 204 muliebri
832 175 924 203 habitu
937 176 965 203 iu
980 180 1077 211 operto
1091 175 1163 200 Bona
1176 176 1234 202 Dea
1248 174 1371 201 inventus
1387 172 1437 204 est,
1457 171 1490 200 ab
1506 171 1619 200 Aurelia
1634 172 1668 201 C.
1680 173 1786 203 Caelaris
1793 175 1895 210 matrej
1914 170 1990 218 quod
2006 176 2011 179 ⁸

397 228 452 246 non
469 217 515 243 nili
531 215 684 243 mulieribus
697 214 802 251 ingredi
816 213 852 241 fas
868 222 933 241 erat.
959 212 1039 240 Unde
1056 211 1140 239 Cicero
1153 212 1182 239 in
1196 212 1224 238 P.
1238 211 1366 239 Clodium
1380 211 1511 239 acerrime
1524 211 1643 239 invectus
1658 211 1709 244 est,
1729 215 1800 251 quod
1815 215 1888 245 ausus
1901 217 1989 250 fuisset

396 266 425 283 ea
447 254 517 282 [acra
530 276 537 287 ‚
567 263 624 291 quae
644 254 671 280 in
691 260 785 289 aperto
801 262 852 289 pro
874 251 955 279 salute
969 250 1062 288 populi
1079 250 1199 278 Romani
1212 250 1240 277 in
1257 250 1395 279 Pontificis
1410 250 1525 278 Maximi
1539 249 1636 278 aedibus
1648 251 1747 281 fiebant
1761 274 1770 287 ,
1795 254 1839 284 sua
1850 256 1988 294 praesentia

395 292 522 331 folluere.
543 295 664 321 Tantum
679 292 711 319 de
724 291 774 319 his.
795 291 882 328 [Dixi
896 289 1002 319 abunde
1015 288 1092 327 supra
1106 288 1152 317 lib.
1167 299 1191 316 2.
1208 288 1285 325 hujus
1299 289 1388 326 operis
1403 297 1459 326 cap.
1474 299 1515 326 19.
1530 298 1587 327 quae
1600 289 1674 327 adi.]

1038 368 1062 394 C
1092 376 1110 394 A
1135 377 1161 394 Ρ.
1207 367 1234 394 X
1242 367 1269 394 X
1277 368 1301 395 V
1311 365 1354 394 II.

759 439 811 472 De
826 439 916 473 Gallo
933 443 979 472 (9⁴¹
996 436 1182 485 Archigallo
1189 435 1395 483 sacerdotibus
1412 439 1482 471 Deae
1497 435 1630 485 Cybeles.

397 525 482 586 De
504 525 621 562 Cybele,
642 534 699 564 quae
720 525 815 553 eadem
835 526 871 553 est
885 529 973 552 Mater
987 523 1073 552 Derim
1087 523 1203 552 diximus
1217 523 1287 550 libro
1300 521 1443 560 superiore.
1478 523 1543 559 Ejus
1549 523 1690 559 fircerdotes
1702 524 1767 553 dieti
1783 524 1891 554 fuerunt
1905 526 1988 562 Galli,

488 573 605 601 quorum
616 564 709 601 praeses
721 585 729 596 ‚
748 564 789 592 vel
800 563 920 591 summus
939 561 1099 599 Archigallus
1115 561 1166 589 fuit
1180 561 1333 598 appellatus.
1371 562 1486 589 Nomen
1499 561 1597 591 habent
1611 561 1625 590 a
1640 562 1753 591 flumine
1768 562 1888 602 Phrygiae
1903 565 1991 598 Gallu

397 602 432 630 fic
452 603 525 629 enim
548 604 619 630 Sext.
642 603 773 636 Pompejus
794 601 894 638 Festus.-
916 600 987 629 Galli
1007 601 1054 637 qui
1073 606 1217 631 vocantur,
1236 599 1332 627 Matris
1352 603 1452 636 Magna
1467 601 1582 633 comites
1595 601 1661 628 diffl
1675 600 1750 633 sunt,
1769 602 1783 630 ὲ
1797 603 1927 636 flumine,
1949 605 1992 633 cui

397 649 499 668 nomen
521 641 557 668 est
578 641 665 672 Gallo,
686 641 746 677 quia
766 641 810 677 qui
832 650 864 668 ex
881 649 914 667 co
928 638 1066 669 bibissent,
1087 638 1114 665 in
1128 637 1181 665 hoc
1194 638 1282 666 furere
1294 637 1438 673 incipiant,
1459 645 1490 666 ut
1505 636 1530 665 se
1542 639 1649 675 privent
1665 639 1795 668 virilitatis
1808 649 1897 677 parte,
1918 642 1992 679 quod

398 679 479 706 etiam
501 678 624 711 Ovidius,
643 676 817 709 Herodianus,
839 680 865 707 ἃ
886 677 930 706 alii
952 677 1088 705 testantur.
1130 677 1292 713 Qanquam
1307 675 1351 703 alii
1364 676 1444 703 aliam
1461 675 1574 704 afferant
1587 677 1799 716 etymologiam,
1819 679 1906 707 dictos
1921 680 1994 708 vide-

399 716 463 744 licet
482 727 528 745 eos
549 716 624 744 fuiffe
640 715 654 743 ὲ
674 715 746 743 Gallo
767 716 885 753 quodam
900 737 907 748 ,
934 716 980 752 qui
1000 715 1103 751 primus
1125 713 1225 751 Cybeles
1240 714 1361 742 sacerdos
1376 714 1465 742 fuerit.
1504 715 1547 742 De
1560 714 1701 752 Archigallo
1716 716 1858 744 Gallorum
1872 719 1994 747 Antistite

398 755 584 783 testimonium
601 755 693 782 dicunt
715 756 742 782 δ’.
765 762 886 782 veterum
907 754 1007 791 aliquot
1027 762 1198 781 marmorum
1214 752 1399 790 inscriptiones
1413 773 1420 786 ‚
1445 752 1536 790 quales
1548 751 1563 780 ὲ.
1575 752 1640 781 Lilia
1655 754 1764 789 (giraldo
1778 757 1953 791 syntagmate
1966 765 1995 793 4.

398 792 511 820 historiae
531 794 654 820 Deorum
673 791 824 820 Gentilium
839 813 846 823 ‚
875 794 901 820 &
922 791 1098 826 zib-onuphrio
1119 790 1242 818 panvinio
1261 792 1407 819 recitantur
1420 811 1427 822 ‚
1458 794 1486 820 ὃς
1507 789 1604 818 Plinius
1623 798 1703 828 atque
1724 790 1899 820 Tertullianus
1913 814 1921 825 ‚
1948 795 1995 832 qui
2022 805 2026 808 ·
2048 800 2049 805 ¹

400 841 496 859 eorum
513 831 712 862 meminerunt,
733 837 764 858 ut
777 831 810 858 de
825 830 933 873 reliquis
947 837 1060 859 taceam.
1082 830 1174 857 Testes
1189 829 1234 856 sibi
1248 829 1428 866 praecidebant
1444 828 1531 857 Samia
1545 829 1625 858 testa:
1645 836 1675 857 ut
1691 827 1755 856 Plin.
1769 828 1815 857 lib.
1828 840 1837 856 1
1847 841 1871 858 1.
1882 840 1939 869 cap.
1947 841 2005 869 49„
2048 835 2059 858 i·

401 872 430 898 ὃς
443 869 489 896 lib.
506 879 548 906 35.
562 879 618 906 cap.
639 879 680 896 12.
694 868 798 901 scribit,
819 878 893 905 Cujus
907 870 945 897 rei
959 870 1038 906 origo
1053 866 1109 895 haec
1124 867 1199 895 fuiffe
1213 867 1297 896 fertur
1310 878 1315 895 :
1346 869 1418 895 Cum
1432 871 1489 895 Dea
1503 867 1589 905 Cybele
1608 876 1724 904 puerum
1739 866 1875 907 Phrygem
1890 869 1995 899 formo-

402 907 532 935 fiffimum
553 911 624 945 Atyn
645 908 772 939 nomine,
793 907 844 934 suis
863 907 940 935 sacris
957 917 987 935 ea
1000 908 1059 944 lege
1072 905 1250 942 praefeciss‘etJ
1267 914 1296 934 ut
1309 915 1439 943 perpetuo
1451 906 1598 943 castitatem
1612 905 1742 936 servaret,
1762 904 1831 933 haud
1844 908 1924 945 longe
1937 909 1996 946 post

402 947 454 972 San
471 944 594 972 aritidem
610 945 770 983 Nympham
786 946 941 982 compi-emt
956 956 962 973 ε
990 954 1070 982 quare
1083 944 1115 971 ab
1131 945 1196 972 irata
1209 946 1267 972 Dea
1283 945 1309 971 in
1324 943 1444 972 furorem
1460 944 1548 975 aetus,
1569 953 1633 972 cum
1647 942 1778 981 Dyndima
1789 945 1914 978 veniffitt‚
1935 956 1993 974 ma-

403 992 440 1010 nu
454 992 504 1020 que
525 983 570 1011 fibi
591 982 686 1010 afferre
699 990 840 1012 conaretur
854 1005 862 1015 ‚
889 983 1059 1012 miseratione
1074 984 1137 1010 Deae
1152 982 1242 1010 fiirore
1254 982 1378 1010 liberatus
1394 981 1407 1009 ὲ
1422 982 1447 1010 se
1461 982 1649 1010 interficiendo
1662 981 1787 1009 abstinuit
1800 1002 1808 1014 ‚
1836 982 1993 1013 virilitatem

402 1028 495 1049 tamen
517 1021 563 1048 fibi
581 1023 732 1058 amputavit
744 1043 752 1054 ‚
774 1024 800 1050 ὃῑ
814 1022 876 1049 ideo
890 1021 978 1059 Cybele
992 1022 1114 1049 castratos
1128 1020 1275 1048 sacerdotes
1289 1020 1386 1048 habere
1401 1020 1503 1048 mavult
1521 1032 1526 1048 ε
1547 1030 1599 1059 qua
1613 1021 1646 1049 de
1660 1029 1689 1047 re
1701 1026 1773 1047 extat
1787 1020 1925 1058 prolixum
1939 1033 1995 1051 car-

402 1060 469 1086 men
483 1059 591 1087 Catulli.
620 1061 661 1087 De
674 1059 714 1088 his
727 1060 905 1088 sacerdotibus
920 1060 946 1087 in
961 1059 1032 1087 hunc
1046 1059 1163 1088 modum
1174 1058 1266 1088 scribit
1280 1060 1382 1095 Dmgifi
1391 1058 1436 1087 lib.
1451 1068 1475 1086 2.
1502 1061 1601 1087 Romae
1614 1058 1685 1089 nulla
1699 1060 1838 1095 peregrina
1851 1059 1922 1089 sscra
1934 1060 1996 1090 sunt

402 1105 511 1133 recepta
531 1097 651 1133 publice,
671 1105 702 1125 ut
715 1098 744 1126 fit
759 1099 786 1125 iu
799 1097 892 1125 multis
905 1097 1027 1125 urbibus:
1048 1097 1092 1125 sed
1107 1098 1188 1126 etiam
1203 1097 1222 1125 fi
1237 1106 1288 1135 qua
1301 1097 1474 1125 oraculorum
1487 1096 1556 1132 jussu
1569 1097 1675 1126 aliunde
1688 1097 1842 1124 introducta
1855 1096 1929 1131 sunt,
1949 1099 1997 1128 suo

405 1145 486 1163 more
501 1135 626 1163 coluntur
640 1134 653 1162 ὲ
668 1135 769 1163 civibus
781 1157 788 1168 ‚
816 1136 941 1164 abdicatis
954 1135 1104 1164 fabularum
1119 1136 1252 1164 miraculis
1265 1156 1273 1167 ‚
1300 1136 1367 1164 ficut
1382 1136 1409 1163 in
1424 1136 1518 1163 matris
1530 1135 1594 1163 Idan
1609 1135 1686 1164 sacris
1699 1134 1738 1162 fit.
1779 1136 1907 1164 Praetores
1920 1139 1995 1166 enim

406 1174 551 1211 quotannis
573 1174 701 1200 Romano
721 1175 773 1201 ritu
795 1175 919 1202 vithmas
939 1175 963 1201 ei
978 1175 1082 1201 caedunt
1096 1195 1104 1206 ,
1131 1176 1157 1202 ἃ
1169 1174 1244 1201 ludos
1258 1173 1359 1201 faciunt
1373 1185 1379 1200 ι
1406 1173 1556 1201 sacerdotio
1570 1184 1636 1202 vero
1647 1174 1704 1210 ejus
1717 1172 1864 1211 funguntur
1876 1175 1996 1214 Phyges,

404 1213 446 1239 vir
461 1214 487 1239 δε
501 1210 599 1238 mulier
612 1231 618 1242 ‚
640 1220 754 1248 eamque
768 1213 879 1239 vicatim
893 1212 1087 1239 circumferunt
1097 1231 1104 1242 ‚
1125 1220 1204 1238 more
1217 1211 1264 1238 suo
1277 1209 1444 1238 circulatorio
1458 1210 1569 1247 pectora
1582 1211 1737 1247 plangentes
1750 1213 1783 1241 ad
1797 1219 1905 1241 cantum
1921 1215 2005 1241 tibia..

405 1259 482 1280 rum,
504 1256 752 1286 tympanorumque
767 1248 900 1278 sonitum:
920 1251 1051 1287 ingenuus
1063 1256 1155 1277 autem
1164 1249 1305 1276 Romanus
1319 1257 1403 1276 nemo
1416 1248 1453 1275 est
1466 1246 1615 1280 Misriacus,
1636 1257 1686 1275 nec
1700 1247 1807 1275 oberrat
1820 1251 1853 1275 ad
1867 1250 1997 1288 Phrygios

405 1287 532 1315 modulos
554 1287 661 1314 indutus
684 1287 826 1322 synthesim
842 1308 850 1320 ,
877 1296 964 1325 neque
982 1298 1014 1315 ex
1025 1288 1135 1315 decreto
1145 1289 1255 1314 Senatus
1270 1287 1390 1315 initiatur
1403 1295 1497 1323 magna
1511 1286 1603 1313 matris
1617 1287 1719 1323 Orgiis.
1757 1285 1893 1313 Ha&enus
1907 1292 1999 1326 Daoty-
2046 1290 2047 1294 ’

403 1324 464 1364 sius.
506 1325 554 1353 His
575 1324 754 1353 sacerdotibus
771 1326 867 1355 licebat
879 1327 974 1363 stipem
989 1325 1115 1363 colligere
1128 1346 1135 1357 ‚
1163 1335 1227 1352 cum
1241 1325 1348 1362 reliquis
1360 1325 1388 1352 id
1401 1324 1570 1361 prohibitum
1583 1325 1656 1353 ess'et.
1697 1325 1740 1352 Sic
1753 1325 1827 1351 enirn
1845 1323 1898 1352 Cic.
1910 1324 1955 1354 lib.
1973 1337 1998 1355 2.

409 1364 443 1391 de
457 1363 580 1401 Legibus.
612 1365 710 1391 I‘raeter
729 1364 791 1390 Idaeae
806 1364 898 1391 matria
912 1364 1042 1395 famulos,
1063 1363 1159 1400 eosque
1172 1363 1246 1398 justis
1259 1363 1365 1394 diebus,
1386 1372 1420 1390 ne
1434 1363 1492 1399 quis
1505 1362 1601 1400 stipem
1614 1363 1716 1400 cogito.
1748 1363 1783 1391 Et
1794 1362 1874 1399 paulo
1887 1365 1946 1400 post
1959 1365 1998 1392 in-

407 1410 556 1438 terpretans
570 1400 639 1429 hanc
653 1401 742 1439 legem
751 1422 758 1432 ‚
779 1400 887 1436 stipem,
909 1403 1010 1439 inquit,
1030 1401 1195 1433 sustulimus,
1215 1401 1263 1428 nisi
1277 1410 1339 1428 eam
1354 1410 1435 1437 quain
1449 1401 1481 1429 ad
1495 1410 1593 1437 paucos
1609 1402 1664 1429 dies
1677 1401 1815 1438 propriam
1828 1402 1892 1429 Idaae.
1906 1402 1999 1430 matris

407 1441 571 1476 excepimus.
606 1440 706 1476 Implet
727 1441 800 1467 enim
820 1439 1004 1477 superstitione
1023 1441 1129 1467 animos
1144 1441 1171 1467 Sc
1186 1439 1306 1467 exhaurit
1318 1439 1426 1467 domos.
1460 1439 1536 1468 Plura
1549 1441 1582 1468 de
1596 1440 1635 1468 his
1650 1439 1830 1468 sacerdotibus
1844 1439 2000 1470 habebimus

407 1478 478 1505 libro
491 1477 625 1514 sequenti,
646 1478 690 1506 ubi
701 1478 772 1506 sacra
786 1477 862 1514 hujus
876 1480 939 1506 Deae
954 1478 1155 1515 explicabimus.
1182 1477 1247 1512 [De
1262 1477 1375 1514 Cybeles
1389 1478 1465 1506 sacris
1475 1499 1482 1510 ‚
1503 1479 1674 1508 transsatione
1687 1479 1715 1505 in
1728 1478 1823 1506 urbem
1832 1499 1840 1511 ‚
1860 1478 2001 1509 sacerdoti-

409 1516 457 1543 bus
469 1515 560 1552 iplius,
581 1515 625 1543 seu
641 1516 797 1554 Archigallis
813 1517 916 1545 dietum
932 1518 968 1545 est
981 1516 996 1545 ὲ
1010 1526 1055 1545 nie
1068 1516 1113 1544 lib.
1128 1525 1153 1543 2.
1167 1515 1243 1552 supra
1257 1525 1316 1552 cap.
1330 1519 1355 1544 6.
1368 1516 1447 1553 hujus
1461 1518 1566 1553 operiS,
1585 1526 1643 1555 quae
1654 1514 1789 1553 consule]

1050 1594 1074 1619 C
1097 1602 1114 1619 A
1130 1603 1154 1620 P.
1194 1592 1360 1620 XXVIII.

973 1663 1025 1695 De
1044 1663 1242 1710 Septemviris
1259 1661 1441 1710 Epulonumss

415 1745 479 1808 U
491 1754 501 1775 t
515 1745 570 1774 fere
582 1754 678 1776 omnes
691 1754 814 1776 veterum
821 1747 973 1783 fficerdom,
993 1748 1028 1776 fic
1042 1748 1160 1783 epulones
1173 1749 1248 1777 vario
1261 1757 1377 1776 numero
1389 1747 1505 1777 fuerunt.
1539 1748 1656 1786 Qando
1669 1750 1741 1778 enim
1754 1750 1876 1788 primum
1891 1753 2002 1783 instituti
2044 1759 2047 1780 ε

507 1785 581 1818 sunt,
602 1795 654 1814 tres
670 1788 751 1815 creati
766 1786 824 1815 sunt
835 1786 1081 1823 :quemadmodum
1095 1787 1229 1815 aitLiz-ius
1242 1786 1288 1814 lib.
1298 1797 1340 1824 33.
1359 1787 1405 1824 qui
1418 1787 1453 1815 ita
1464 1786 1569 1815 scribit:
1590 1789 1670 1816 Anno
1684 1788 1765 1816 Urbis
1777 1792 2002 1820 nL111.L.Furio

414 1825 585 1858 Purpureone,
605 1829 644 1851 Μ.
660 1825 699 1853 cl.
714 1825 831 1852 Marcello
846 1825 919 1852 Cossl
932 1827 1029 1853 Romae
1043 1836 1076 1853 co
1090 1826 1211 1862 primum
1226 1835 1296 1852 anno
1315 1836 1323 1852 1
1333 1836 1342 1852 r
1352 1836 1373 1852 1.
1399 1825 1519 1858 epulones
1532 1825 1583 1852 viri
1598 1825 1661 1854 faeti
1675 1847 1683 1857 ,
1703 1830 1732 1854 C.
1746 1825 1855 1853 Licinius
1868 1830 2002 1861 Lucullus,
2044 1826 2046 1850 3

416 1867 446 1889 T.
461 1862 618 1895 Romulejas,
638 1864 683 1900 qui
697 1863 788 1901 legem
803 1864 836 1891 de
849 1863 966 1891 creandis
980 1863 1021 1892 his
1033 1864 1142 1896 tulerat,
1163 1866 1189 1892 3<
1203 1866 1230 1891 P.
1246 1864 1341 1891 Porcius
1354 1867 1437 1889 Lessa.
1465 1864 1526 1891 =His
1540 1863 1704 1891 Triumviris
1717 1864 1783 1891 item
1792 1884 1798 1895 ‚
1817 1872 1847 1892 ut
1861 1867 2000 1902 Pontifici,
2044 1880 2045 1885 ¹

416 1902 475 1938 lege
487 1902 581 1928 dazum
597 1908 666 1938 togae
680 1909 812 1937 praetextae
825 1901 951 1929 habendce
964 1904 1016 1939 jus.
1036 1905 1079 1930 De
1092 1902 1133 1929 his
1147 1903 1311 1930 Triumviris
1323 1900 1373 1928 Cic.
1388 1899 1431 1927 lib.
1447 1912 1470 1938 3.
1487 1902 1521 1929 de
1535 1901 1653 1929 Orat.ita
1661 1901 1759 1930 scribit.
1778 1902 1828 1929 Sed
1838 1911 1866 1931 ut
1874 1904 2001 1941 Pontfices

415 1949 518 1967 veteres
532 1946 642 1975 propter
654 1939 845 1968 sacrificiorum
860 1940 1064 1969 multitudinem
1079 1948 1131 1968 tres
1146 1942 1218 1968 viros
1231 1940 1350 1975 Epulmes
1366 1940 1416 1966 effe
1430 1939 1569 1968 voluerunt
1582 1961 1590 1971 ‚
1610 1949 1695 1976 quum
1711 1940 1791 1967 cii‘ent
1804 1940 1850 1977 ipsi
1864 1941 1878 1969 {i
1891 1943 1998 1977 Numa,

415 1985 446 2004 ut
466 1979 547 2004 etiam
569 1977 633 2005 iliud
653 1977 777 2006 ludorum
799 1979 904 2015 epulare
923 1977 1080 2007 sacrificium
1096 1979 1232 2011 facerent,
1261 1979 1379 2007 instituti.
1420 1979 1444 2005 A
1458 1978 1642 2014 posterioribus
1657 1978 1823 2015 temporibus
1836 1981 2002 2014 septemvira,-

415 2015 534 2048 Epuloms
545 2015 632 2048 thille,
654 2025 685 2043 ex
701 2016 834 2044 veteribus
847 2026 911 2044 cum
926 2015 1087 2054 scriptorum
1097 2040 1103 2050 ‚
1124 2026 1185 2046 tum
1198 2017 1318 2054 lapidum
1332 2016 1518 2044 monumentis
1532 2016 1643 2054 intelligi
1660 2017 1755 2053 potest.
1783 2017 1910 2055 Antistius
1925 2021 2000 2049 enim

420 2053 498 2079 Labeo
518 2054 586 2090 apud
609 2053 742 2092 Agellium
755 2055 800 2083 lib.
820 2066 840 2082 1.
855 2064 911 2091 cap.
930 2065 969 2083 12.
984 2057 1020 2083 ita
1034 2056 1134 2084 scribit:
1157 2057 1229 2084 Item
1245 2056 1319 2092 cujus
1334 2063 1408 2092 pater
1420 2054 1537 2088 Flamen,
1558 2063 1603 2083 aut
1617 2058 1724 2092 Augur,
1745 2062 1790 2084 aut
1805 2055 2001 2093 Qindecimvir
2042 2069 2044 2081 π

418 2092 443 2117 S.
459 2092 485 2118 F.
503 2099 547 2118 aut
562 2092 606 2128 qui
619 2092 758 2127 septemvir
771 2094 911 2128 epulonum
925 2114 933 2125 ‚
953 2102 997 2122 aut
1011 2093 1093 2122 Salius
1108 2095 1151 2123 est.
1194 2096 1260 2134 Qis
1273 2101 1363 2123 autem
1378 2102 1441 2121 eum
1456 2103 1599 2121 numerum
1615 2095 1732 2127 auxerit,
1753 2101 1782 2122 ut
1797 2104 1847 2132 pro
1861 2096 2000 2125 Triumvi-
2042 2092 2045 2122 i

419 2127 454 2169 ¹ris
474 2130 624 2170 septena-*iri
644 2139 794 2160 crearentur
809 2153 816 2164 ,
844 2142 928 2160 nemo
945 2133 1034 2161 tradit.
1066 2132 1207 2168 onuphrius
1219 2135 1320 2172 aliquot
1333 2131 1494 2169 conjecturis
1508 2132 1601 2160 duetus
1616 2154 1622 2164 ,
1643 2139 1718 2170 putat
1731 2131 1744 2160 ὲ
1756 2136 1787 2160 L.
1801 2132 1913 2160 Cornelio
1926 2134 2000 2164 Sulla
2042 2147 2044 2163 s

418 2166 446 2193 id
462 2166 563 2208 factum
578 2169 660 2196 tuisse.
687 2171 737 2198 Cui
753 2171 862 2200 interim
877 2171 1061 2204 assentiemur,
1083 2173 1149 2200 dum
1164 2173 1206 2200 alii
1219 2172 1315 2201 certius
1326 2171 1423 2209 aliquid
1437 2171 1464 2198 in
1478 2172 1600 2199 medium
1615 2170 1761 2207 proferent.
1788 2171 1919 2200 Caefiirem
1931 2183 2000 2212 quo·
2010 2173 2016 2190 *¹
2041 2190 2044 2197 ι

420 2213 472 2241 que
499 2204 666 2233 Dictatorem
692 2208 747 2235 aliis
772 2209 855 2238 tribus
881 2210 913 2238 ad
941 2210 1086 2248 collegium
1112 2211 1321 2246 Septemb-orum
1339 2209 1434 2238 additis
1445 2230 1453 2241 ,
1479 2209 1640 2237 Decemviros
1660 2210 1798 2244 Epulonum
1818 2211 1977 2240 constituisse
1991 2233 2000 2246 ,
2042 2231 2044 2240 i

417 2242 514 2270 author
529 2243 564 2269 ⁰st
578 2247 628 2283 Dm
641 2265 648 2275 ,
670 2247 714 2281 qui
729 2246 773 2274 lib.
785 2258 830 2285 43.
845 2257 969 2277 extremo
982 2270 989 2281 ,
1010 2250 1065 2277 haec
1079 2248 1186 2278 scribit:
1208 2251 1279 2278 Cum
1295 2248 1379 2278 Caesar
1391 2249 1513 2284 plurimis
1524 2249 1651 2276 beneficia
1665 2248 1787 2280 deberet,
1808 2247 2000 2286 Magistratibm
2041 2251 2044 2270 ί

418 2282 444 2308 ὅ(
457 2280 604 2314 1ὰίενιίσῐικ
627 2282 728 2324 collatis
746 2286 782 2311 eis
801 2286 932 2317 ntisfecit.
971 2289 1065 2325 Itaque
1085 2298 1128 2316 xv.
1141 2287 1308 2324 fizcerdotibur
1329 2297 1412 2315 unum
1432 2287 1546 2325 collegio
1556 2287 1695 2322 ftptenario
1715 2294 1767 2316 tres
1786 2288 1895 2316 addidit.
1937 2288 1997 2315 No-

417 2326 455 2361 tat
474 2317 604 2362 ῌξῑῦθνῖῑίῑ
624 2320 758 2353 (Ῑθῖίέπῑῑι-ῑ,
780 2325 953 2359 Septemviris
972 2326 1111 2361 Epulonmn
1129 2327 1144 2354 a
1166 2328 1197 2355 C.
1211 2326 1284 2365 Julio
1299 2326 1398 2354 Caesare
1413 2333 1465 2354 tres
1479 2327 1544 2355 alios
1558 2326 1663 2355 additos
1677 2326 1742 2359 effe,
1761 2326 1797 2354 ita
1811 2333 1840 2354 ut
1855 2323 1997 2353 Decemviri
2040 2343 2043 2351 Δ

419 2358 481 2402 iasii
496 2359 552 2385 lint.
579 2358 621 2385 De
635 2367 746 2387 munere
757 2360 854 2388 horum
870 2362 1035 2392 sacerdotum
1053 2368 1106 2393 Cic.
1133 2367 1263 2394 Oratione
1276 2365 1310 2393 de
1324 2364 1443 2401 Aruspic.
1456 2365 1570 2403 respons.
1590 2366 1627 2392 ita
1645 2364 1762 2402 loquitur
1777 2374 1783 2391 ι
1804 2363 1894 2391 Ludos
1909 2364 1997 2391 minus
2040 2392 2042 2396 ,

419 2396 563 2435 dihgesstel'
577 2395 673 2429 fastos,
695 2398 871 2436 pollutosque.
891 2403 966 2439 Qs
978 2403 1070 2431 ludos?
1090 2406 1132 2432 Te
1141 2403 1260 2442 appello,
1273 2403 1393 2436 Lentule,
1406 2405 1443 2431 tui
1455 2403 1662 2433 ficerdotiisunt
1671 2403 1762 2435 tenfie,
1777 2401 1921 2432 curricula,
1934 2410 1997 2444 pljae-
2040 2412 2042 2438 ξ

1894 2446 1982 2467 centio
1991 2458 2000 2470 ,
2040 2469 2042 2476 ‚
