2075 2734
0 0 59 144 ff

5 137 10 186 l

4 192 8 257 l

3 264 8 338 ζῖ

0 374 4 482 l

351 86 1454 128 DENuprlls,n·rtARuMRi·r18us.CAP.37.
1634 101 1690 131 4²7

109 138 258 167 etiamnum
284 134 389 172 auspices
414 136 642 171 interponuntur:
668 134 715 171 qui
733 133 857 170 quamvis
874 133 981 168 auspicia
1000 142 1092 169 petere
1111 135 1234 164 defici-int
1246 156 1254 167 ,
1280 135 1336 173 ipso
1356 145 1448 166 tamen
1468 138 1581 166 nomine
1599 143 1696 171 veteris

106 174 303 205 confiietudinis
317 174 425 211 vestigia
438 173 602 209 usurpantur.
642 172 722 212 Unde
732 178 831 212 notum
845 169 910 198 illud
925 171 1008 199 Tullii
1024 181 1074 207 pro
1089 173 1230 202 Cluentio:
1249 174 1331 201 Nubit
1339 186 1430 213 genero
1435 178 1536 211 socrus,
1555 178 1633 205 nulli!
1647 190 1693 207 au.

94 213 217 249 spicibus,
236 212 311 240 nullis
325 211 484 244 authoribus,
498 209 604 248 funestis
615 209 738 237 ommibus
750 219 872 236 ommam.
913 209 948 236 Et
961 208 1138 245 auspiciorum
1152 212 1312 248 nuptialium
1326 215 1432 243 mentio
1444 216 1481 242 est
1494 216 1562 252 apud
1577 218 1694 246 eundem

104 252 133 279 in
146 252 238 289 primo
250 252 284 279 de
300 251 390 279 Divin.
404 259 434 278 ut
447 250 556 277 interim
570 249 603 276 de
617 247 675 275 aliis
687 255 800 276 taceam.
830 245 888 283 Ipsa
901 247 994 287 virgo,
1016 247 1068 276 sive
1083 258 1153 277 nova
1168 258 1249 286 nupta
1262 250 1330 279 senis
1343 253 1459 281 crinibus
1474 255 1562 281 ornari
1576 254 1692 284 solebat:

104 289 158 317 five
173 290 245 326 quod
260 291 281 317 is
294 296 401 317 ornatus
413 286 596 315 vetustiffimus
611 285 688 317 esset,
708 285 752 313 seu
766 284 839 322 quod
854 295 887 313 co
900 295 1009 322 virgines
1024 284 1128 323 Vestales
1141 289 1316 322 ornabantur,
1338 300 1451 329 quarum
1465 292 1612 321 castitatem
1630 295 1692 323 viris

103 326 155 355 suis
169 328 298 356 nubentes
311 324 490 364 spondebant,
510 323 746 361 quemadmodum
760 327 853 350 Sextus
869 324 1002 357 Pompey'us
1015 324 1105 352 tradit.

144 365 257 393 celibari
277 372 400 402 praeterea
418 361 489 400 hifia
500 381 508 391 ,
535 372 591 399 quae
611 363 640 389 in
653 371 768 398 corpore
780 361 934 399 gladiatoris
945 361 1063 397 abjecti,
1090 362 1222 400 occisique
1238 365 1346 394 stetisset
1359 387 1367 398 ,
1394 365 1509 395 nubentis
1522 377 1595 404 caput
1606 391 1615 403 ,
1644 380 1688 399 eo-

104 404 169 432 dem
183 404 308 436 authore,
329 399 498 430 comebatur:
518 408 549 428 ut
562 401 794 438 quemadmodum
810 399 854 428 illa
867 399 953 428 fuerat
966 399 1110 435 conjuncta
1123 409 1185 427 cum
1200 410 1313 438 corpore
1326 404 1481 441 gladiatoris
1491 427 1498 438 ,
1518 407 1553 435 {ic
1562 407 1614 444 ipsa
1623 419 1688 437 cum

102 443 162 470 viro
181 442 258 470 ess'et:
279 440 321 469 vel
339 440 401 476 quia
418 446 536 465 matrona
554 439 582 466 in
600 437 707 471 sunonis
727 437 828 466 Curitis
845 437 927 465 tutela
947 437 1047 469 client,
1067 447 1124 475 quae
1145 438 1181 466 ita
1201 438 1215 466 a
1234 439 1341 468 ferenda
1355 442 1424 470 hasta
1439 444 1449 478 (
1458 453 1514 480 quae
1529 446 1688 475 Sabinorum

102 479 192 518 lingua
210 477 275 507 curi:
293 478 410 513 dicitur)
432 475 630 513 appellabatur:
660 477 702 504 vel
722 477 796 514 quod
810 477 882 504 viros
901 475 984 504 fortes
996 476 1149 513 genituram
1163 477 1328 506 ominaretur
1342 490 1347 506 ·.
1369 481 1409 508 vel
1426 483 1497 517 quod
1514 484 1621 518 nuptmlt'
1626 487 1688 520 jure

103 518 218 556 imperio
236 517 284 545 viri
295 514 483 551 subjiciebatur
496 514 598 543 nubens
612 536 621 548 ,
649 516 710 552 quia
723 514 793 551 hasta
807 514 912 542 summa
923 524 1062 542 armorum
1079 516 1105 542 &
1119 514 1228 551 imperii
1242 516 1287 543 est.
1328 517 1476 546 Plutarchus
1488 523 1570 549 etiam
1586 524 1613 551 in
1629 525 1685 551 Ro.

101 557 178 584 mulo
198 557 294 586 docet,
320 553 372 581 effe
389 554 434 590 qui
453 553 590 581 affirment
603 575 611 586 ‚
637 562 779 590 propterea
799 560 879 587 nuptu
900 562 996 579 comam
1016 551 1124 588 cuspide
1145 552 1241 581 hastilis
1255 553 1431 584 discriminari
1445 578 1451 588 ‚
1477 565 1507 586 ut
1519 560 1624 597 lignum
1637 561 1684 593 fit,

98 595 198 631 primas
210 593 314 629 nuptias
327 591 398 619 bello
413 594 440 620 &t
455 600 543 630 pugna
557 592 716 621 comradtas.
756 592 790 620 Et
803 592 832 619 in
847 590 1041 627 Quaestionibus
1055 592 1189 619 Romanis
1201 611 1210 623 ,
1229 592 1371 628 quaestione
1383 597 1426 628 87.
1440 596 1521 623 etiarn
1536 599 1597 626 alias
1609 599 1684 636 quas-

99 632 163 659 dam
184 631 262 667 hujus
283 631 367 658 moris
381 630 497 658 rationes
511 629 597 658 affert.
637 630 726 657 Verba
738 629 794 666 ejus
808 634 867 657 lunt
880 629 936 657 haec
950 639 955 655 ι
982 631 1039 656 Cur
1051 636 1194 665 nuptarum
1209 639 1319 657 comam
1335 630 1517 661 discrimimnt
1529 634 1600 671 hasta
1611 637 1686 672 cuspi-

97 669 129 696 de
143 673 154 696 ?
181 672 235 698 Aut
249 676 395 697 monentur
408 676 496 704 nuptae
507 689 516 700 ,
538 669 599 706 quia
611 667 741 696 bellicosis
753 668 900 706 jungantur
914 667 1017 695 maritis
1027 687 1034 699 ,
1055 668 1152 695 debere
1165 667 1232 704 ipsas
1245 676 1340 696 ornatu
1354 670 1393 697 uti
1407 669 1533 708 iimplici,
1555 676 1581 702 ὃς
1595 674 1609 702 ὲ
1623 675 1684 703 luxu

99 716 130 735 ac
151 708 267 735 mollitie
286 707 390 734 alieno:
419 707 652 743 quemadmodum
672 710 796 743 Lycurgus
818 705 889 733 fores
910 707 937 733 δι’.
952 705 1053 742 fastigia
1067 706 1164 733 aedium
1178 705 1274 742 jubens
1288 706 1356 734 strra
1370 709 1398 736 &
1411 707 1496 737 securi
1510 730 1517 741 ,
1544 712 1617 741 nullo
1632 712 1685 741 alio

97 745 219 774 adhibito
237 746 429 777 instrumento,
453 744 591 777 fabricari,
611 753 725 772 omnem
746 744 839 771 luxum
853 743 1127 781 supervacaneamque
1140 753 1252 781 operam
1264 745 1392 780 praecidit.
1432 749 1487 775 Aut
1500 756 1547 783 per
1558 751 1684 788 ambages

97 784 216 812 innuitur
235 784 292 812 solo
312 783 386 810 ferro
404 781 544 819 conjugium
564 782 697 811 disciss'um
712 783 753 810 iri.
792 784 848 810 Aut
862 784 923 818 quia
935 781 1061 819 pleraque
1074 783 1107 810 ad
1121 784 1226 819 nuptias
1242 784 1404 818 pertinentia
1418 784 1451 812 ad
1466 783 1600 821 Junonem
1614 789 1683 817 refe-
1726 805 1730 808 >

97 830 202 850 runtur.
241 821 346 858 Junoui
363 829 454 849 autem
469 820 540 848 lacta
551 820 663 849 habetur
674 819 744 858 basta
756 840 764 852 ,
789 822 816 848 &
830 819 962 857 pleraeque
976 820 1033 856 ejus
1047 821 1133 849 statuae
1144 821 1214 848 hasta
1227 822 1349 849 nituntur
1362 843 1371 854 ,
1397 822 1502 860 ipsaque
1516 824 1615 853 dicitur
1628 831 1684 854 Dea

96 859 196 898 Qirv's.
215 861 294 888 Hasta
307 860 381 887 enim
393 859 506 896 antiquis
517 858 610 897 Qiris
623 857 830 890 nominabatur,
851 861 902 887 ἃς.
921 858 1010 895 Hujus
1021 859 1087 886 item
1104 860 1189 888 moris
1206 860 1334 888 meminit
1348 860 1457 888 ovidius
1469 861 1538 890 libro
1554 872 1577 890 2.
1598 865 1692 892 Falto-1

96 907 157 926 rum
173 898 215 926 his
233 897 359 926 versibus:

405 938 455 962 Nec
467 933 528 964 tib1‚
547 943 601 973 que.
612 933 701 969 cupide
713 942 818 962 matura
831 931 945 961 videbere
957 932 1052 966 matri,

461 977 553 1000 Comat
565 972 689 1011 virgineas
702 971 772 1009 hasta
787 982 891 1000 recurva
904 981 991 1000 comas.

135 1013 244 1040 Corona
263 1013 326 1041 inde
342 1012 466 1041 redimiri
485 1020 562 1039 novae
575 1019 664 1048 nuptae
676 1011 878 1040 consueverant.
911 1010 1084 1038 Tertullianus
1099 1010 1126 1039 in
1138 1009 1208 1040 libro
1221 1012 1256 1040 de
1269 1022 1371 1042 corona
1384 1013 1478 1043 militis
1492 1034 1500 1046 ,
1526 1015 1644 1043 Catullus
1656 1016 1684 1045 in

95 1051 213 1079 carmine
225 1051 260 1079 de
273 1052 373 1088 nuptiis
384 1051 460 1089 Juliae
474 1052 501 1079 &
519 1049 628 1078 Manlii:

403 1093 482 1126 Cinge
494 1096 605 1122 tempora
613 1086 717 1127 floribus
722 1089 804 1123 fhave
817 1086 905 1115 olentis
919 1086 1039 1115 amaraci.

133 1125 214 1154 Redi‘a
232 1128 299 1156 item
314 1127 399 1155 tunica
411 1127 603 1158 induebantur,
623 1126 730 1163 qualem
744 1128 833 1164 prima
847 1126 913 1162 Caja
923 1125 1028 1153 Caecilia
1042 1126 1135 1154 texuit.
1163 1125 1263 1153 Plinius
1276 1126 1322 1154 lib.
1338 1130 1364 1157 8.
1381 1137 1438 1166 cap.
1450 1127 1496 1164 48.
1527 1131 1609 1167 Qod
1624 1131 1681 1168 qui.

95 1165 160 1193 dem
184 1175 215 1193 ex
233 1165 304 1194 felici
319 1165 437 1194 textricis
451 1165 580 1201 conjugio
594 1165 622 1191 in
637 1164 714 1192 usum
729 1165 827 1192 veniil‘e
839 1174 895 1192 non
909 1165 944 1191 est
957 1164 1085 1195 dubium,
1105 1164 1179 1200 cujus
1193 1166 1356 1193 memoriam
1373 1166 1438 1194 boni
1451 1168 1550 1196 ominis
1568 1169 1642 1197 causa
1655 1180 1682 1196 m

94 1202 248 1236 nuptialibus
261 1204 350 1231 ritibus
363 1212 447 1231 novas
460 1210 553 1239 nuptas
565 1201 691 1238 usurpare
703 1203 813 1230 constat.
853 1202 958 1239 Cmgulo
972 1201 1078 1238 infiiper
1091 1209 1174 1238 nupta
1186 1203 1343 1240 cingebatur,
1364 1205 1436 1241 quod
1451 1206 1492 1232 vir
1506 1206 1533 1233 in
1547 1206 1617 1234 lecto
1632 1207 1681 1234 sol-

96 1240 182 1268 vebat.
208 1242 320 1269 Paetum
335 1242 362 1269 id
377 1251 407 1268 ex
422 1241 479 1268 lana
492 1240 559 1268 ovis.
586 1244 658 1267 Sext.
673 1242 801 1275 Pampejus
814 1239 903 1268 scribit
913 1260 921 1271 ‚
940 1247 970 1268 ut
985 1240 1049 1267 licut
1062 1240 1104 1268 illa
1118 1242 1145 1267 in
1158 1239 1267 1277 glomos
1280 1241 1392 1274 sublata,
1415 1243 1558 1278 conjuncta
1573 1245 1643 1272 inter
1656 1245 1682 1272 se

98 1279 133 1305 est
150 1289 158 1305 :
177 1279 212 1306 fic
226 1280 266 1307 vir
278 1280 336 1308 fiius
349 1279 439 1308 secum
456 1279 559 1306 vinctus
571 1298 579 1309 ‚
600 1278 753 1315 cinctusque
766 1278 838 1307 ess'et.
865 1278 984 1305 Catullus
1000 1278 1028 1305 in
1042 1279 1140 1315 nuptiis
1155 1278 1231 1316 Juliae
1244 1281 1270 1307 &
1287 1280 1380 1308 Manlii
1393 1301 1400 1312 ,
1430 1284 1457 1310 &
1469 1281 1522 1308 alii.
1551 1282 1681 1310 Arnobius

95 1316 142 1344 lib.
155 1327 179 1354 3.
194 1317 317 1345 adversus
333 1320 443 1346 Gentes.
463 1321 587 1344 Coronam
600 1316 667 1343 item
681 1327 714 1343 ex
727 1316 839 1344 verbenis
852 1316 866 1344 ἐι
880 1316 906 1343 se
921 1316 994 1344 leetis
1008 1317 1185 1353 compositam
1202 1326 1272 1344 nova
1287 1327 1382 1356 nupta,
1403 1321 1484 1347 Sexto
1499 1321 1632 1357 Pompcjo
1642 1329 1684 1349 te-

95 1355 132 1382 ste
148 1376 154 1386 ,
180 1354 226 1382 sub
247 1356 366 1385 amiculo
387 1355 495 1383 ferebat.
529 1354 651 1381 Eandem
670 1357 696 1382 &
713 1355 784 1387 soccos
802 1356 881 1381 luteos
893 1354 1001 1390 gestasse
1016 1355 1135 1381 Catullus
1150 1354 1333 1391 suspicandum
1350 1356 1484 1394 relinquit.
1520 1359 1574 1385 Velo
1587 1367 1679 1387 autern

94 1391 183 1420 obnubi
196 1393 312 1427 solebat,
331 1403 393 1422 cum
407 1394 439 1421 ad
453 1393 541 1420 virum
557 1392 740 1420 deduceretur.
765 1392 937 1419 Tertullianus
951 1392 1020 1419 libro
1034 1392 1067 1419 de
1085 1393 1230 1430 virginibus
1245 1393 1371 1422 velandis.
1409 1397 1445 1422 At
1459 1397 1524 1432 quin
1536 1398 1618 1424 etiam
1633 1407 1678 1423 ve-

92 1430 150 1457 late.
163 1431 196 1459 ad
211 1442 299 1460 virum
314 1432 454 1460 ducuntur.
488 1431 567 1457 Unde
579 1431 736 1466 nuptiarum
750 1440 851 1458 nomen
864 1431 976 1458 ductum
988 1431 1031 1457 est.
1065 1430 1163 1457 Nubere
1177 1432 1250 1458 enim
1267 1434 1293 1460 δε
1305 1432 1442 1460 obnubere
1454 1434 1543 1469 priscis
1556 1434 1639 1461 velare
1652 1437 1679 1463 &

95 1470 201 1506 operire
215 1469 376 1507 fignificabat
389 1490 396 1501 ‚
416 1477 446 1496 ut
458 1468 543 1503 Festus
557 1470 687 1503 Pompejus
700 1478 754 1496 non
768 1477 824 1495 uno
838 1468 914 1499 loco,
934 1472 1030 1495 Nonius
1043 1469 1178 1495 Marcellus
1192 1471 1218 1497 δε
1233 1469 1275 1497 alii
1288 1470 1439 1506 complures
1454 1480 1558 1500 notant.
1591 1477 1678 1506 Caper

94 1507 123 1534 in
137 1507 206 1536 libro
219 1509 253 1536 de
266 1507 473 1545 Orthographia.
502 1507 552 1534 Vir
565 1507 654 1537 ducit,
676 1507 773 1534 mulier
786 1507 878 1538 nubit,
899 1508 960 1543 quia
972 1506 1053 1543 pallio
1065 1507 1179 1534 obnubit
1191 1515 1269 1543 caput
1282 1507 1358 1536 suum
1372 1507 1512 1545 genasque.
1535 1510 1621 1537 Velum
1635 1520 1679 1537 au-

94 1552 152 1573 tem
176 1546 202 1573 id
216 1566 224 1577 ‚
250 1556 304 1583 quo
323 1554 411 1581 nuptae
425 1552 504 1581 caput
518 1544 687 1580 operiebatur
701 1565 708 1576 ,
729 1543 879 1584 flammeum
894 1544 1038 1573 vocabatur
1051 1555 1056 1572 ·,
1083 1554 1138 1581 quo
1152 1545 1216 1572 boni
1232 1546 1331 1574 ominis
1344 1548 1428 1584 gratia
1442 1556 1484 1574 eas
1499 1547 1578 1575 velari
1593 1548 1680 1577 solitas

92 1586 166 1610 Sext.
185 1585 314 1618 Pompeius
333 1584 432 1615 tradit,
458 1583 560 1610 idcirco
573 1603 580 1614 ‚
601 1583 674 1620 quod
693 1593 727 1611 eo
747 1583 843 1610 assidue
856 1581 986 1621 flaminica
1005 1591 1143 1616 uteretur,
1165 1584 1207 1610 cui
1225 1584 1374 1612 divortium
1394 1585 1481 1612 facere
1500 1596 1555 1613 non
1575 1586 1680 1615 licebat.

94 1620 255 1648 flammeum
274 1630 365 1649 autem
386 1621 438 1649 hoc
452 1628 508 1648 erat
519 1620 638 1652 luteum,
658 1630 688 1649 ut
701 1620 802 1648 Plinius
814 1621 860 1648 lib.
870 1632 912 1649 21.
926 1623 1016 1658 cap.8.
1030 1621 1069 1648 his
1084 1621 1171 1650 verbis
1186 1622 1279 1650 docet:
1300 1622 1392 1654 Lutei,
1412 1624 1514 1660 inquit,
1536 1625 1615 1652 video
1630 1625 1680 1652 ho-

96 1668 192 1686 norem
212 1660 424 1697 antiquiss‘imum
444 1659 473 1686 in
486 1657 638 1693 nuptialibus
645 1657 772 1697 flammeis
786 1668 876 1687 totum
891 1659 1011 1687 foeminis
1026 1661 1179 1687 concessum
1193 1680 1201 1692 ,
1231 1663 1258 1689 ἃ
1272 1659 1384 1689 fortaffis
1398 1662 1458 1688 ideo
1472 1671 1527 1689 non
1543 1663 1679 1690 numerari

94 1697 164 1724 inter
176 1698 349 1735 principales,
368 1697 419 1725 hoc
433 1697 483 1728 est,
505 1706 666 1724 communes
680 1697 798 1725 maribus
811 1707 840 1724 ac
855 1697 983 1726 foeminis.
1014 1699 1153 1735 Qoniarn
1168 1698 1278 1727 societas
1291 1700 1472 1737 principatum
1486 1700 1568 1728 dedit.
1598 1701 1679 1729 Unde

94 1738 210 1763 Lucanus
221 1736 266 1763 lib.
277 1747 302 1764 2.
317 1737 350 1764 de
365 1735 434 1763 bello
450 1734 605 1762 Pharsalico:

403 1777 460 1801 Non
470 1771 593 1801 timidum
605 1781 684 1808 nuptu
696 1770 786 1800 leviter
798 1774 895 1801 tec‘iura
901 1774 1023 1807 pudorem

402 1816 485 1839 Lutea
496 1809 609 1848 demffis
620 1812 738 1838 velarunt
744 1810 866 1850 flammea
880 1812 976 1840 vultur.

139 1851 289 1888 Qiomodo
300 1853 382 1880 etiam
397 1858 543 1885 raperentur
555 1848 675 1877 nubentes
688 1860 721 1878 ex
734 1851 841 1887 gremio
856 1851 949 1878 matris
963 1859 1008 1880 aut
1020 1852 1151 1888 proximae
1165 1852 1326 1884 necessariae,
1345 1850 1425 1888 paulo
1433 1858 1494 1880 ante
1502 1851 1676 1881 ostendimus.

99 1888 163 1926 Qo
176 1889 318 1926 respiciens
332 1888 451 1917 Catullus
463 1889 499 1917 fic
512 1888 611 1925 scripsit
623 1889 651 1916 in
665 1888 836 1926 epithalamio
849 1889 923 1927 Juliae
938 1893 965 1918 δι
979 1890 1089 1919 Manlii:

404 1926 460 1966 Qi
472 1936 539 1961 rapts
550 1935 663 1954 teneram
676 1928 713 1954 ad
724 1926 809 1954 virum
822 1927 956 1964 virginem.

135 1967 198 1994 Hoc
212 1966 298 1994 modo
308 1974 397 1994 ornata
409 1976 474 1993 nova
487 1973 570 2001 nupta
583 1966 611 1992 in
624 1965 673 1993 viri
687 1966 803 1993 domum
817 1986 824 1998 ,
849 1973 977 2003 tanquam
989 1965 1109 2003 conjugii
1123 1966 1290 1994 mansionem
1300 1987 1308 1998 ,
1327 1975 1358 1994 ac
1371 1965 1540 1993 domicilium
1555 1967 1674 1995 traduce-

95 2004 173 2032 batur
185 2014 192 2031 :
219 2013 300 2041 quem
314 2014 420 2032 morem
434 2004 568 2041 eleganter
581 2003 721 2040 explicavit
735 2024 742 2034 ‚
767 2006 793 2032 &
810 2004 901 2032 multis
914 2003 1167 2042 Jurisconsultorum
1179 2013 1258 2041 atque
1271 2004 1386 2032 alioruin
1400 2003 1542 2032 authorum
1556 2006 1677 2033 testimo-

96 2043 148 2070 niis
162 2042 285 2078 probavit
299 2042 428 2070 Barnabas
441 2043 590 2080 Bri-aonias,
611 2042 656 2069 iib-
670 2053 692 2070 ι.
712 2040 875 2069 selectarum
884 2052 916 2071 ex
922 2044 982 2079 jure
992 2041 1064 2070 civili
1071 2042 1261 2079 antiquitatum
1271 2063 1278 2074 ‚
1299 2052 1357 2079 cap.
1371 2044 1411 2070 18.
1432 2043 1512 2070 Unde
1518 2053 1621 2070 uxorem
1628 2043 1676 2069 du-

95 2090 162 2112 cere,
183 2080 253 2118 quafi
268 2081 382 2108 domum
396 2082 507 2113 ducere,
530 2081 618 2109 Latini
631 2082 736 2112 dicunt,
757 2081 988 2117 quemadmodum
997 2090 1030 2108 ex
1040 2080 1222 2117 compluribus
1230 2081 1482 2116 Plautilocispatet.
1501 2081 1675 2110 Deduceban-

95 2127 140 2147 tur
154 2127 242 2147 autem
258 2118 365 2156 vespere
378 2119 392 2147 a
400 2118 556 2153 pretextati:
562 2128 648 2153 pueris
654 2118 775 2154 patrimis
787 2119 885 2152 tribus,
906 2128 1023 2157 quorum
1037 2128 1104 2147 unus
1117 2118 1207 2147 facem
1219 2119 1375 2158 praeferebat
1389 2128 1423 2146 ex
1435 2118 1509 2156 spina
1523 2119 1593 2153 alba,
1614 2119 1675 2147 reli-

95 2158 142 2194 qui
154 2157 208 2184 duo
220 2157 346 2185 tenebant
361 2158 513 2185 ducentem.

136 2199 212 2222 Faces
229 2203 320 2223 autem
334 2195 523 2223 adhibebantur
536 2196 578 2224 vel
589 2195 617 2224 in
627 2197 742 2224 honorem
757 2195 869 2229 Cereris,
889 2197 928 2225 uti
943 2195 1027 2232 Festus
1041 2196 1137 2224 tradit:
1158 2196 1201 2225 vel
1214 2197 1287 2234 quod
1301 2206 1356 2224 non
1369 2195 1417 2224 nisi
1431 2196 1475 2223 ubi
1489 2194 1676 2225 contenebras-

96 2233 150 2265 set,
173 2234 201 2261 in
216 2234 305 2262 mariti
319 2235 434 2261 domum
448 2233 541 2269 sponsa
554 2235 743 2266 deduceretur,
764 2235 835 2272 quod
849 2240 951 2262 Seri-ius
965 2246 997 2264 ex
1012 2239 1149 2267 Varrone,
1170 2238 1196 2264 &
1207 2235 1469 2264 Plutarchusdocent.
1489 2235 1567 2262 Idem
1578 2235 1675 2262 Plutar-

98 2271 162 2300 chus
176 2272 204 2299 in
218 2272 412 2309 Quaestionibus
430 2272 561 2299 Romanis
574 2294 582 2305 ‚
609 2274 750 2310 quaestione
762 2283 786 2300 2.
800 2273 888 2301 scribit
901 2295 908 2305 ,
932 2283 1044 2312 qumque
1057 2281 1161 2302 tanturn
1169 2273 1240 2310 faces
1253 2296 1260 2306 ‚
1280 2270 1337 2310 five
1350 2281 1425 2300 cereos
1440 2274 1467 2300 in
1480 2274 1579 2309 nuptiis
1593 2293 1599 2303 ‚
1620 2281 1675 2300 non

96 2309 198 2346 plures,
219 2320 267 2338 nec
283 2312 420 2347 pauciores
434 2310 542 2337 accendi
554 2312 729 2339 consueviffe:
750 2312 856 2349 ejusque
870 2315 953 2340 moris
961 2312 1203 2349 canstsinquirens,
1224 2313 1260 2341 ait
1267 2313 1293 2340 id
1300 2319 1442 2350 propterea
1450 2311 1520 2343 fieri,
1543 2311 1598 2341 vel,
1619 2319 1677 2347 qua:

94 2348 211 2377 Varrwis
233 2350 325 2387 opinio
346 2349 391 2382 fit,
413 2348 486 2387 quod
506 2348 538 2377 ab
552 2349 672 2383 edilibus,
692 2351 738 2389 qui
758 2351 873 2387 plun'bus
894 2360 976 2389 quam
989 2358 1135 2419 Ρτκτὲτὲε,
1155 2352 1200 2391 qui
1210 2350 1284 2381 trinu
1297 2357 1402 2380 tantum
1410 2349 1509 2386 facibus
1522 2349 1680 2391 utebantur,

1021 2392 1048 2419 H
1120 2399 1136 2418 2
1586 2395 1678 2425 ignem
