2075 2734
398 124 454 158 ‘752
698 109 1685 149 Anrtqvirnti-UMROMAN'ARUMLmX.

401 173 505 200 dierum
528 170 601 199 nullo
621 177 681 198 ante
700 169 771 198 bello
793 169 906 197 decretae
927 174 1011 196 erant.
1051 169 1086 195 At
1101 175 1166 195 vero
1180 170 1227 193 Cn.
1243 167 1356 201 Pompey‘o
1379 165 1564 195 Mithridatico
1583 165 1654 194 bello
1677 165 1802 196 confecto
1817 168 1980 202 duodecim:⁴

399 209 489 244 Caestv'i
505 209 574 237 bello
588 209 692 236 Gallico
705 229 710 239 ,
730 209 851 244 primum
868 207 1023 243 quindecim
1040 227 1047 237 ,
1068 206 1126 241 post
1141 205 1237 243 viginti
1250 215 1254 231 z
1276 204 1379 236 Hirtio,
1404 206 1500 240 Punflz,
1522 207 1548 233 ὃς
1562 203 1651 239 Caeffiri
1666 205 1806 233 otvaviano
1821 210 1924 238 Mutina
1936 222 1980 240 ω-

398 248 471 275 101113
489 248 596 275 11001313
611 268 617 278 ,
639 247 829 283 quinquaginta
843 246 947 272 dierum
963 245 1074 272 decretae
1089 244 1148 271 sunt
1162 263 1168 274 ‚
1189 244 1216 270 in
1231 252 1284 280 quo
1298 244 1467 271 decernendo
1481 252 1543 271 cum
1564 243 1754 280 magnitudinis
1766 245 1881 274 vistoriae
1893 270 1899 279 ,
1921 257 1980 278 tum

400 287 537 324 dignitatis
564 286 681 312 hominis
706 284 820 312 habuisse
846 283 978 310 rationem
1006 283 1138 310 videntur.
1188 285 1250 309 Hoc
1275 281 1383 309 honoris
1409 291 1491 319 genus
1518 280 1629 309 Ciceroni
1655 291 1761 319 quoque
1785 283 1902 313 habitum
1930 287 1981 315 fuit

401 325 508 361 quando
525 322 708 350 Catilmmm
728 320 923 358 conjurationem
935 321 1070 357 repreffit,
1092 328 1121 348 ut
1137 319 1190 357 ipse
1205 320 1331 348 meminit
1351 321 1377 347 in
1393 330 1417 356 3.
1440 322 1466 349 ὃς
1485 328 1513 354 4.
1533 319 1689 346 Catilmarm
1701 340 1708 351 ‚
1736 321 1763 347 in
1787 331 1811 348 2.
1832 322 1982 358 Philippica,

403 364 430 391 ὃ(
446 362 514 389 alibi.

442 399 593 432 Triumphus
608 399 721 426 eximius
734 398 844 435 quidam
861 397 948 426 honor
963 397 1013 425 fuit
1028 418 1034 428 ‚
1054 406 1134 434 quem
1151 398 1171 424 is
1184 416 1190 425 .
1211 397 1255 434 qui
1269 395 1383 431 auspicio
1398 395 1443 423 suo
1457 395 1540 423 hostes
1553 395 1644 432 praelio
1659 395 1794 436 devicisset
1806 418 1814 428 ,
1835 399 1863 425 in
1877 399 1979 429 Urbem

403 447 466 465 cum
483 436 615 465 incolumi
629 437 746 465 exercitu
760 437 878 469 rediens,
899 436 1001 464 senatus
1014 436 1133 472 primum
1147 437 1271 466 decreto,
1292 434 1350 471 post
1362 434 1443 461 etiam
1457 433 1549 470 populi
1567 434 1634 470 juss‘u
1650 434 1866 470 conlequebatur.
1903 438 1984 468 Erant

403 483 495 503 autem
509 476 563 502 duo
575 475 759 509 triumphorum
771 483 885 512 genera,
906 484 972 502 unus
985 475 1077 508 mnjor,
1099 473 1143 510 qui
1159 473 1288 509 praecipue
1299 471 1440 506 triumphus
1453 493 1460 503 ‚
1480 474 1545 499 31101·
1557 471 1637 499 minor
1651 492 1659 502 ,
1679 481 1736 508 quae
1749 472 1832 500 ovatio
1847 476 1984 505 nominata

404 514 450 540 est.
470 514 509 541 Ex
523 513 562 541 his
577 521 665 541 autem
681 513 724 541 alii
738 512 876 549 terrestres,
898 512 1067 540 aliinamles:
1087 512 1207 548 itemque
1220 511 1263 538 alii
1278 511 1305 537 in
1319 511 1406 541 Urbe,
1429 509 1471 537 alii
1484 510 1511 538 in
1524 517 1618 538 monte
1630 509 1733 538 Albano
1746 510 1797 537 acti
1809 510 1877 540 sunt.
1897 518 1984 541 Terre.

394 550 462 589 strcs
476 551 648 583 dicebantur,
670 553 716 588 qui
731 558 815 579 terra:
836 551 942 578 navales
955 551 999 588 qui
1014 551 1080 577 mari
1098 550 1174 577 rebus
1189 549 1302 577 feliciter
1316 549 1393 585 gestis
1408 548 1562 585 agebantur.

445 590 550 617 Primus
562 590 679 616 navalem
695 589 852 624 triumphum
867 591 921 627 egit
942 593 973 615 C.
986 589 1091 615 Dtciltus
1107 596 1177 615 anno
1193 587 1273 615 Urbis
1296 595 1397 614 cnxcir
1408 597 1429 614 1.
1449 587 1482 613 de
1496 595 1550 623 quo
1566 587 1601 614 ita
1614 586 1704 614 scribit
1724 587 1837 615 Valerius
1850 589 1982 617 Maximus

405 627 474 655 libro
491 639 513 662 3.
529 637 586 664 cap.
602 631 627 655 6.
647 629 724 662 Cujus
739 627 856 657 Duilius,
877 628 922 664 qui
936 627 1038 663 primus
1054 626 1173 654 navalem
1189 625 1356 661 triumphum
1371 635 1402 652 ex
1418 625 1506 652 Poenis
1522 624 1627 656 retulit,
1648 624 1852 663 quotiescunque
1866 628 1984 663 epulatu-

406 676 450 693 rus
464 661 519 694 erht
532 668 563 693 ad
579 665 696 693 funalem
711 675 834 697 cereum,
855 672 988 702 praeunte
1002 665 1109 692 tibicine
1127 667 1151 693 ὃς
1166 664 1272 692 fidicine
1285 684 1293 695 ‚
1315 663 1328 690 zi
1342 672 1418 690 coms
1432 664 1548 690 domurn
1562 663 1659 690 reverti
1672 661 1760 690 solitus
1774 665 1809 691 est
1823 685 1831 696 ‚
1852 666 1982 702 inlignem

403 703 505 732 bellicae
520 705 558 731 rei
570 703 713 733 successum
730 705 861 733 ηοὲὶυῑῃῑι
877 703 1054 731 celebratione
1067 703 1195 730 testando.
1237 702 1424 730 Meminerunt
1437 701 1514 737 hujus
1528 703 1553 729 ἃ
1568 703 1658 727 Levius
1671 700 1741 736 Epit.
1751 708 1795 738 17.
1816 706 1846 729 L.
1854 704 1940 731 Florus
1953 704 1984 731 li-

407 741 458 770 bro
473 753 498 770 2.
510 752 567 779 cap.
580 752 604 769 2.
627 742 710 769 Cicero
724 743 750 770 in
767 744 870 770 Catone
883 742 1001 778 Majore,
1024 740 1173 775 Eutropius,
1195 738 1308 776 Orosius,
1329 739 1444 768 Plinius,
1466 742 1491 767 &
1507 738 1558 766 alii.

449 783 480 808 111
492 781 595 808 Alba-no
608 782 711 818 primus
725 781 899 817 triumphaxit
916 778 1032 814 Papirius
1045 782 1128 813 Mitto,
1150 788 1220 806 anno
1237 778 1316 805 Urbis
1328 786 1424 805 mxxii.
1438 778 1471 805 de
1485 787 1539 814 quo
1554 777 1626 804 idem
1643 776 1755 804 Valerius
1768 777 1901 806 Maximus
1916 779 1984 808 libro

412 829 437 856 3.
452 820 538 855 capite
552 822 578 847 6.
599 819 714 854 Papirms
728 819 836 855 quidem
853 817 928 846 Maso
943 839 950 849 ,
972 827 1033 845 cum
1049 817 1116 844 bene
1130 818 1199 854 gesta
1219 816 1353 851 republica
1371 815 1538 851 triumphum
1560 815 1572 842 ἓι
1587 815 1675 843 senatu
1689 824 1743 842 non
1757 816 1918 852 impetrasset
1928 839 1935 849 .
1956 819 1983 846 in

409 857 514 885 Albano
529 864 623 885 monte
637 856 819 893 triumphandi
835 858 860 883 ἃ
876 856 929 892 ipse
949 856 1054 882 initium
1077 855 1141 882 fecit
1155 876 1163 886 ‚
1192 857 1217 883 &
1235 855 1335 881 caeteris
1348 855 1436 889 possea
1455 853 1609 888 exemplum
1624 852 1751 893 praebuir:
1781 863 1885 891 proque
1897 855 1985 883 laurea

409 903 512 928 corona,
535 904 596 922 cum
612 894 689 923 alicui
702 893 850 931 speAEtacqu
864 893 997 922 interess‘et
1009 914 1017 925 ,
1037 901 1133 930 myrtea
1149 893 1254 928 semper
1266 891 1324 918 111115
1341 892 1386 923 est.
1426 892 1555 919 Meminit
1568 894 1593 920 δή
1605 891 1683 927 hujus
1695 891 1794 918 l'lmius
1806 891 1875 920 libro
1890 903 1931 930 15.
1945 901 1986 929 ca}

429 941 465 961 110
483 943 497 960 2
522 952 528 959 .

408 942 426 969 P
448 944 536 998 Ovu9¹as
551 972 653 1007 primus
667 972 793 1008 ingressus
808 972 843 999 est
857 972 960 999 Urbem
978 969 1048 996 Publ.
1060 966 1215 1004 Posthumices
1225 968 1349 996 Tubertus
1363 967 1462 996 Consul
1476 968 1613 1000 secundus,
1624 977 1693 997 anno
1706 967 1787 996 Urbis
1800 969 1986 997 ducentesimo

412 1010 635 1046 quinquagesimo
648 1030 654 1040 ‚
676 1011 709 1037 de
723 1019 777 1046 quo
790 1010 817 1036 in
829 1009 899 1037 hunc
913 1009 1028 1036 modum
1044 1006 1144 1034 Plimus
1156 1006 1225 1033 libro
1244 1017 1253 1033 1
1263 1012 1284 1042 ς.
1296 1016 1351 1044 cap.
1366 1016 1411 1042 29.
1430 1006 1531 1033 Bellicis
1551 1006 1577 1033 se
1590 1016 1696 1044 quoque
1707 1005 1784 1033 rebus
1803 1014 1906 1044 myrtus
1919 1007 1987 1035 inse-

411 1048 480 1079 ruit,
503 1046 721 1084 triumphansque
738 1048 772 1074 de
785 1047 886 1075 Sabinis
900 1044 1057 1083 Posthumius
1070 1043 1193 1071 Tubertus
1206 1045 1233 1071 in
1248 1044 1392 1072 Consulatu
1413 1045 1476 1080 (qui
1489 1044 1590 1080 primus
1605 1045 1729 1072 omnium
1742 1054 1818 1071 ovans
1831 1045 1934 1073 Urbem
1946 1046 1988 1073 in-

407 1086 507 1122 gressus
521 1085 557 1112 est
569 1098 574 1112 z
595 1087 723 1121 quoniam
739 1095 797 1113 rem
814 1084 908 1113 leviter
920 1085 974 1112 fine
987 1092 1082 1112 cruore
1095 1082 1225 1120 gesserat)
1251 1089 1344 1119 myrto
1357 1083 1470 1110 Veneris
1484 1082 1601 1110 vistricis
1614 1088 1756 1110 coronatus
1769 1083 1888 1115 incessit,
1909 1090 1985 1120 opta-

410 1123 548 1160 bilemque
562 1122 686 1151 arborem
702 1124 782 1152 etiam
797 1123 913 1151 hostibus
928 1123 1001 1150 fecit.

451 1162 524 1198 Qid
539 1169 629 1189 autem
643 1161 726 1189 ovatio
743 1161 773 1189 iit
788 1182 795 1193 ‚
815 1163 886 1189 unde
898 1170 1001 1189 nomen
1014 1159 1107 1188 habeat
1121 1180 1130 1191 ‚
1151 1161 1177 1188 ὃ(
1195 1159 1336 1198 quomodo
1354 1159 1368 1187 ἐι
1381 1158 1502 1194 triumpho
1514 1161 1606 1195 majore
1620 1179 1626 1191 ‚
1648 1159 1682 1187 de
1698 1168 1752 1196 quo
1770 1159 1855 1195 capite
1868 1159 1986 1197 sequenti

409 1209 536 1237 agemus,
557 1199 675 1231 differat,
697 1201 785 1236 paucis
798 1200 985 1236 explicandum
999 1199 1044 1226 est.
1080 1203 1206 1228 Ovantes.
1226 1198 1316 1226 scribit
1330 1197 1428 1233 Ffflm,
1448 1199 1563 1227 mantes
1575 1197 1640 1229 else,
1662 1197 1693 1225 ab
1706 1207 1740 1224 eo
1753 1197 1884 1230 clamore,
1903 1208 1985 1235 quem

409 1239 520 1266 mittant
534 1238 673 1266 redeuntes
686 1238 700 1265 e
715 1246 803 1275 pugna
817 1239 932 1266 1116101οε
948 1236 1058 1268 milites,
1078 1238 1215 1274 geminata
1227 1236 1303 1264 litera
1315 1238 1356 1268 O,
1377 1237 1450 1273 quod
1464 1237 1537 1264 idem
1551 1235 1637 1272 placet
1651 1236 1733 1263 etiam
1746 1234 1857 1276 Difflifflfl
1871 1236 1987 1264 Halicar-

408 1276 489 1313 mſjeo
503 1287 512 1303 .·
534 1276 613 1312 Qali
635 1277 721 1313 inquit
735 1297 742 1308 ‚
764 1278 884 1304 Romani
898 1282 996 1312 ἐὶασμὲν
1011 1278 1169 1303 Graecorum
1189 1284 1284 1303 rocem
1299 1295 1306 1306 ,
1328 1284 1385 1311 quae
1402 1274 1549 1302 clamorem
1571 1274 1698 1311 fignificat
1712 1295 1719 1305 ,
1738 1273 1859 1301 ovanom's
1875 1276 1986 1303 nomine

409 1315 542 1342 voluerint
557 1315 731 1351 interpretari.
763 1315 798 1342 At
813 1315 962 1342 Plutarchus
974 1315 1001 1342 in
1016 1313 1144 1341 Marcello
1158 1312 1225 1340 hanc
1237 1314 1393 1350 opinionem
1410 1313 1506 1340 refellit
1518 1334 1526 1345 ,
1549 1314 1575 1340 δε
1587 1311 1709 1339 ovatiom's
1723 1320 1824 1339 nomen
1838 1311 1870 1339 ab
1882 1323 1926 1339 ove
1938 1313 1985 1341 du·
2002 1325 2005 1328 ⁴

409 1352 486 1380 6111111
505 1359 599 1388 putat:
620 1361 700 1389 quam
714 1374 721 1385 ,
742 1354 787 1389 qui
807 1352 859 1381 hoc
878 1362 977 1391 genere
997 1351 1128 1388 triumphi
1149 1351 1307 1382 ornabatur,
1335 1351 1495 1379 sacrificabat
1510 1372 1518 1383 ,
1539 1351 1771 1388 quemadmodum
1790 1351 1835 1387 qui
1852 1351 1986 1387 majorem

409 1389 568 1425 triumphum
581 1391 689 1427 agebat,
710 1398 815 1418 taurum
827 1411 834 1420 ,
847 1392 874 1419 in
889 1390 1054 1428 Capitolium
1073 1390 1180 1417 veniens
1193 1411 1201 1421 ,
1222 1389 1390 1417 immolabat.
1411 1389 1509 1417 Differ-t
1521 1398 1610 1417 autem
1625 1388 1708 1415 ovatio
1719 1388 1732 1415 zi
1747 1387 1871 1422 triumpho
1881 1410 1890 1421 ,
1909 1396 1939 1417 ut
1950 1390 1986 1417 ait

411 1426 543 1466 Dioqfius
557 1427 761 1466 Halicarnaffeus
774 1449 781 1458 ,
802 1430 874 1466 quod
889 1431 933 1466 qui
947 1438 1030 1456 ovans
1043 1428 1193 1465 ingreditur
1205 1449 1211 1459 ‚
1233 1429 1254 1455 is
1268 1437 1318 1455 nec
1331 1437 1409 1455 curru
1427 1428 1518 1454 vectus
1529 1446 1537 1456 ,
1558 1436 1607 1453 nec
1619 1426 1738 1453 trabeam
1751 1446 1759 1457 ,
1779 1435 1829 1453 nec
1841 1434 1932 1464 togam
1946 1427 1987 1464 pi-

411 1466 483 1493 &am
498 1467 605 1494 indutus
616 1467 726 1502 pedibus
734 1467 838 1494 Urbem
853 1468 970 1494 exercitu
984 1474 1118 1502 prxeunte
1131 1466 1217 1493 iniret.
1241 1465 1389 1492 Plutarchus
1402 1473 1491 1493 autem
1505 1465 1619 1491 eundem
1634 1472 1683 1490 nec
1695 1465 1827 1500 quadrigis
1840 1465 1988 1496 invedhxm,

409 1514 460 1532 nec
473 1504 559 1531 laurea
574 1512 732 1532 coronatum
742 1525 750 1535 ‚
770 1514 820 1532 nec
832 1504 902 1532 tubis
915 1504 1129 1532 concinentibus:
1151 1502 1193 1530 sed
1202 1503 1311 1537 pedibus
1325 1502 1470 1529 calceatum
1482 1523 1488 1533 ,
1504 1509 1607 1537 myrtea
1622 1510 1721 1528 corona
1730 1501 1895 1536 redimitum,
1914 1503 1985 1531 tibiis

410 1541 623 1572 modulantibus,
645 1541 748 1569 Urbem
766 1543 849 1569 iniisse
860 1542 948 1569 scribit
961 1562 967 1573 ‚
988 1551 1050 1568 cum
1066 1550 1119 1576 quo
1134 1543 1161 1568 ἃ.
1176 1540 1287 1573 lems,
1308 1539 1402 1574 Festus,
1427 1543 1453 1568 ἃ
1466 1538 1577 1576 Agellius
1590 1538 1712 1566 sentiunt.
1982 1556 1985 1564 t

454 1581 497 1607 De
512 1580 591 1607 caulis
610 1579 686 1614 hujus
700 1580 860 1607 decernendi
874 1579 983 1606 honoris
997 1579 1032 1606 ita
1046 1578 1134 1606 scribit
1148 1578 1263 1615 Agellzus
1276 1578 1345 1604 libro
1360 1588 1385 1613 5.
1400 1587 1453 1614 cap.
1467 1582 1492 1605 6.
1522 1576 1626 1604 Ovandi
1637 1598 1645 1609 ,
1666 1587 1721 1604 non
1733 1576 1905 1612 triumphandi
1915 1578 1989 1607 causa

414 1619 466 1649 est,
487 1627 548 1646 cum
564 1625 607 1645 aut
621 1617 689 1644 bella
702 1627 757 1645 non
774 1619 825 1645 rite
835 1617 947 1648 indicta,
968 1626 1054 1653 neque
1068 1626 1129 1643 cum
1143 1615 1213 1651 justo
1224 1615 1297 1642 hoste
1310 1617 1381 1652 gesta
1394 1616 1452 1643 sunt
1465 1636 1472 1646 ‚
1493 1623 1537 1642 aut
1550 1624 1612 1642 cum
1626 1615 1741 1642 hostiurn
1756 1625 1857 1642 nomen
1869 1616 1989 1650 humile,

414 1658 441 1684 ὃς
456 1665 511 1683 non
530 1656 657 1683 idoneum
673 1656 723 1686 est,
744 1663 772 1682 ut
786 1655 922 1682 servorum
932 1676 938 1685 ,
960 1656 1174 1690 piratarumque,
1195 1660 1240 1681 aut
1254 1654 1392 1681 deditione
1406 1662 1516 1690 repente
1531 1652 1612 1684 ncta,
1634 1652 1760 1687 impuli-ere
1782 1653 1827 1687 (ut
1841 1654 1893 1681 dici
1904 1654 1989 1690 iblet)

413 1694 605 1729 incruentaque
621 1693 733 1720 victoria
746 1692 864 1721 obvenit.
886 1694 937 1720 Cui
950 1692 1068 1720 facilitati
1079 1698 1169 1728 aptam
1185 1691 1234 1720 effe
1249 1693 1362 1719 Veneris
1376 1691 1503 1719 frondem
1516 1691 1696 1723 crediderunt,
1717 1692 1789 1728 quod
1806 1701 1860 1719 non
1868 1692 1989 1726 Martius,

412 1731 457 1760 sed
472 1732 541 1768 quasi
556 1735 670 1758 Venerius
683 1730 825 1764 triumphus
839 1730 947 1767 quidam
964 1729 1043 1758 foret.

454 1773 531 1798 Hanc
550 1778 673 1808 myrteam
693 1778 822 1796 coronam
842 1773 944 1795 Marcus
963 1768 1064 1805 Crnysus
1083 1768 1154 1796 bello
1174 1768 1350 1804 fugitivorum
1373 1768 1498 1796 confecto
1510 1788 1518 1799 ,
1540 1777 1603 1795 cum
1615 1778 1691 1795 ovans
1709 1768 1827 1800 rediret,
1848 1768 1989 1798 insolenter

414 1807 563 1846 aspernatus
578 1808 613 1834 est
626 1828 633 1839 ,
655 1806 808 1842 senatusque
821 1806 972 1833 conssiltum
987 1806 1138 1833 faciendum
1154 1815 1200 1841 per
1214 1807 1327 1842 gratiam
1341 1807 1442 1833 curavit
1455 1827 1461 1836 .
1484 1814 1512 1833 ut
1530 1805 1602 1831 lauro
1617 1826 1625 1838 ‚
1645 1816 1700 1833 non
1713 1814 1791 1843 ngyrto
1807 1815 1990 1836 coronaretur.

415 1847 518 1883 Adjicit
531 1845 695 1874 Plutarchus,
715 1854 777 1872 cum
794 1843 881 1870 verbis
894 1846 920 1872 ἃ
934 1845 1064 1871 comitate
1076 1853 1117 1870 res
1129 1852 1191 1871 cum
1206 1843 1323 1871 hostibus
1335 1843 1462 1872 tranasta
1471 1864 1478 1874 ‚
1495 1846 1520 1871 ὃ(
1535 1842 1602 1869 bene
1612 1844 1682 1880 gesta
1695 1845 1772 1875 01101,
1793 1851 1852 1871 111111
1867 1854 1896 1873 ut
1910 1856 1990 1873 ornn-
2011 1866 2013 1869 .

414 1893 452 1911 tes
464 1884 576 1915 inirent,
598 1886 623 1911 ἃ
642 1884 716 1910 istam
730 1891 860 1918 pompam
871 1902 878 1913 ,
900 1881 986 1909 bellici
1000 1888 1135 1918 apparatus
1149 1887 1286 1917 expertem
1301 1884 1328 1910 ὃς
1342 1882 1463 1908 festivam
1478 1882 1619 1912 ducerent,
1640 1881 1714 1908 fuiss'e
1725 1882 1892 1917 permissum.
1913 1885 1988 1911 Nam

415 1924 444 1950 &
458 1922 522 1950 tibia
537 1943 543 1954 ‚
564 1923 652 1958 inquit
665 1942 671 1952 ,
688 1929 756 1955 pacts
778 1922 813 1947 011
828 1941 835 1951 ,
856 1922 882 1948 ὃ(
899 1927 1002 1956 myrtus
1020 1923 1119 1946 Venerss
1136 1919 1213 1947 arbor
1225 1941 1232 1951 ‚
1253 1928 1311 1956 quae
1329 1920 1377 1948 dea
1398 1919 1516 1947 maxime
1536 1919 1688 1946 violentiam
1707 1922 1734 1947 ὃ(
1749 1919 1815 1946 00113
1830 1921 1898 1948 odit.
1939 1921 1988 1949 His

413 1961 496 1992 adde,
517 1970 579 1987 cum
600 1961 636 1987 ait
656 1960 683 1986 in
703 1958 786 1986 3110113
804 1958 957 1994 provincia,
977 1964 1021 1985 aut
1040 1957 1130 1984 31101115
1149 1957 1281 1994 3111910115,
1302 1964 1346 1985 aut
1366 1967 1429 1985 cum
1450 1958 1503 1985 fine
1522 1958 1674 1994 magistratu
1694 1967 1734 1984 res
1752 1957 1823 1994 gesta
1843 1958 1916 1987 effet-
1944 1959 1997 1988 Fen

414 1998 491 2062 ‹biibus
509 2006 600 2026 autem
620 2007 652 2025 311
673 2007 742 2034 equo
761 1997 831 2025 vecti
849 2004 952 2024 orantes
971 1996 1173 2033 ingrederentur
1187 2017 1193 2027 ,
1221 2003 1318 2033 magna
1338 1997 1444 2033 quaestio
1463 1997 1500 2024 est
1513 2016 1520 2027 ‚
1546 1996 1580 2023 de
1599 2004 1649 2032 qua
1667 1995 1702 2023 fic
1721 1998 1804 2024 etiam
1823 1996 1941 2035 Agellius
1957 1997 1988 2026 li-

436 2046 465 2062 ro
478 2048 501 2071 5.
513 2045 569 2072 cap.
578 2039 603 2063 ό.

458 2074 672 2102 Praetereundum
688 2083 744 2101 non
754 2073 804 2105 cst,
825 2073 898 2109 quod
912 2072 943 2100 ad
956 2071 1099 2100 ovationem
1112 2074 1220 2106 attinet,
1232 2071 1306 2109 super
1319 2081 1373 2110 quo
1385 2072 1522 2100 diffenfiffe
1535 2079 1635 2100 veteres
1649 2072 1788 2109 scriptores
1801 2072 1862 2102 scio.
1889 2074 1986 2103 Partim
2001 2094 2006 2099 ·

420 2111 493 2138 enim
509 2112 664 2148 scripserunt
673 2131 680 2141 ,
700 2112 745 2148 qui
756 2120 855 2143 siniret,
865 2111 976 2139 introire
988 2110 1095 2138 lolitum
1109 2120 1179 2148 equo
1192 2110 1346 2139 vehentem.
1367 2112 1401 2138 Et
1411 2109 1517 2137 Sabinus
1528 2110 1663 2147 Massurius
1677 2111 1787 2148 pedibus
1800 2113 1903 2150 ingredi
1915 2121 1990 2140 ovan-

417 2156 455 2176 tes
468 2149 546 2179 dicit,
566 2150 734 2186 sequentibus
751 2158 797 2176 eos
811 2170 817 2181 ‚
838 2159 892 2177 non
907 2148 1036 2176 militibus
1049 2169 1055 2180 ,
1078 2148 1122 2176 1001
1136 2148 1257 2176 universo
1270 2147 1368 2176 senatu.
1401 2151 1465 2176 Haec
1480 2148 1604 2185 Agelltus.
1631 2151 1724 2186 Itaque
1736 2149 1867 2191 Divvfim
1878 2150 1986 2188 pedibus

418 2186 560 2223 ingrelle,
580 2192 628 2214 Dio
640 2197 709 2224 equo
724 2188 814 2215 vectos
826 2187 958 2224 intelligit.
988 2187 1097 2215 Etenim
1111 2195 1228 2214 ovanoem
1243 2187 1362 2223 ingredi,
1382 2196 1452 2224 equo
1465 2187 1525 2214 vehi
1539 2191 1589 2214 Dm
1601 2188 1722 2224 appellat.
1758 2188 1886 2228 Dm'fvfim
1898 2195 1984 2218 autem
2026 2196 2030 2201 ·

417 2224 567 2266 pedestrem
582 2225 750 2262 triumphum
762 2225 904 2254 ovationem
918 2233 1009 2257 vocat,
1030 2226 1096 2253 dum
1110 2226 1144 2266 de
1159 2225 1225 2252 Aula
1243 2224 1339 2252 Manlio
1351 2233 1442 2252 ovante
1454 2234 1525 2252 anno
1538 2226 1721 2254 ducentefimo
1736 2225 1925 2266 septuagesimo
1939 2235 1985 2265 130-

419 2271 456 2299 no
468 2261 594 2301 loquitur.
620 2264 755 2295 Hactenus
769 2265 803 2295 de
816 2263 938 2295 ovatione.
965 2265 1089 2305 Sequitur
1104 2264 1246 2300 triumphas
1260 2263 1363 2302 major,
1382 2264 1416 2293 de
1426 2272 1480 2302 quo
1494 2265 1579 2302 capite
1590 2264 1719 2304 sequenti3

1858 2380 1989 2426 „CAR

2060 1474 2073 1537 „2:25
2054 1459 2055 1462 Α

2055 1622 2067 1720 *An-AX
2054 1572 2069 1607 ab.
