2075 2734
284 85 403 115 Ll-:ees
425 93 622 114 nunnae-rm
640 81 829 111 Tuum:
848 91 919 112 cum
942 94 1045 113 natm
1066 86 1253 115 commen-ri
1293 87 1371 116 Che.
1393 89 1419 118 6.
1591 97 1643 128 561

62 149 94 168 ne
105 135 240 176 respergito.
261 135 343 173 Qod
355 134 463 164 finxisse
477 133 552 162 illum
565 137 675 176 propter
682 130 802 166 inopiam
811 130 849 157 rei
857 139 941 159 nemo
948 132 1063 177 dubitet.
1082 135 1122 164 Ex
1129 135 1223 163 eadem
1233 134 1306 173 lege,
1328 146 1360 165 ex
1369 138 1498 174 imputata
1507 137 1562 166 vite
1570 136 1646 172 libari

59 179 122 206 vina
129 177 190 208 diis,
207 174 281 203 nefas
290 175 392 206 statuit,
406 173 509 201 ratione
518 176 667 207 excogitata
674 189 683 201 ‚
695 175 724 196 ut
731 176 824 204 putare
832 177 992 209 cogerentur
1000 192 1007 202 ,
1015 171 1074 199 alias
1083 181 1212 205 aratores,
1224 175 1250 202 δε
1259 175 1328 211 pigri
1335 176 1404 203 circa
1412 176 1528 212 pericula
1537 176 1645 210 arbusti,

61 211 241 246 Haecl’linius.
259 212 346 242 Aliter
353 221 413 241 eam
422 212 531 249 accipit,
550 209 777 244 &interpretatur
783 205 870 244 Justus
877 205 973 244 Lipsius
980 208 1025 237 lib.
1034 220 1055 247 3.
1074 212 1421 248 Antiqummnlefflonum,
1435 223 1518 252 quem
1527 214 1642 247 consule-

648 269 720 302 Lex
735 269 845 302 Numae
860 267 1046 317 dejudiciis.

100 347 155 375 SEI
176 347 273 385 QJID
293 345 434 375 HORUM
453 342 553 371 FUAT
574 341 693 370 UNUM
713 341 862 379 JUDICEI
884 342 1108 370 ARBITROVE
1124 364 1132 376 ‚
1159 345 1304 376 REOVE,
1332 347 1415 375 DIES
1434 348 1641 378 DIFFUNSUS

57 385 79 413 E
95 407 181 452 Testis
193 422 270 459 hujus
283 421 347 458 legis
361 419 396 447 est
410 418 508 453 Festus,
531 420 558 446 in
567 428 633 447 voce
645 423 720 450 Reus,
735 417 803 455 apud
817 425 898 454 quem
913 417 947 444 fic
960 417 1086 454 legimus:
1107 422 1173 446 Reus
1186 430 1249 447 nunc
1260 422 1354 449 dicitur
1363 421 1514 462 quicausam
1521 423 1598 452 dicit:
1612 428 1638 454 &

55 461 124 489 item
138 463 183 499 qui
196 461 258 499 quid
272 457 407 496 promisit,
428 457 620 494 spoponditve,
641 463 670 484 ut
682 457 771 486 debet.
804 457 841 483 At
854 455 942 483 Gallus
954 456 1032 483 AElius
1046 456 1091 484 lib.
1102 466 1128 485 2.
1159 458 1389 494 significationum
1404 462 1563 495 verborum,
1584 473 1641 501 quae

56 499 88 526 ad
102 500 144 535 jus
156 499 302 536 pertinent,
323 497 372 524 ait:
393 499 461 523 Reus
473 495 519 534 ψ,
538 497 584 534 qus
598 505 655 523 cum
667 495 745 523 altero
758 494 830 522 litem
843 492 1003 531 contestatam
1016 493 1087 521 habet
1096 512 1103 522 ,
1114 492 1170 532 five
1184 506 1205 522 rs
1218 498 1281 532 egit,
1292 497 1350 535 five
1357 509 1412 525 cum
1419 498 1584 538 eoagfumest„
1606 502 1646 530 Ee

56 537 137 573 paulo
149 538 220 574 post;
240 537 276 563 At
290 533 382 568 Capito
395 535 496 568 Attejus
510 534 537 561 in
551 534 645 562 eadem
661 535 770 572 quidem
787 532 914 568 opinione
927 532 978 572 est}
999 531 1041 560 sed
1056 532 1183 568 exemplo
1194 535 1302 573 adjuvat
1310 537 1565 572 interpretationem.
1583 543 1640 566 Nu-

55 585 100 602 ma
119 576 146 602 in
161 574 271 602 fiecunda
283 572 386 604 tabula,
406 572 520 600 secunda
533 571 607 609 lege,
628 573 656 600 in
670 581 720 609 qua
735 571 861 608 scriptum
876 570 928 599 est:
949 573 977 596 St
990 569 1056 609 quid
1067 570 1234 606 horumfutt,
1254 571 1315 604 &a
1341 570 1468 604 Meminit
1482 576 1559 614 hujus
1572 577 1637 615 legis

55 612 157 645 Jacobm
171 612 287 647 cnjactus
302 610 528 639 Observationum
543 610 588 639 lib.
600 621 624 648 3.
637 619 693 648 cap.
703 620 749 646 40.
764 618 877 646 eamque
891 618 940 636 nos
955 608 1190 646 interpretabimur
1204 610 1231 637 in
1246 619 1276 637 xi
1287 620 1307 638 1.
1322 611 1422 639 tabulis.

639 676 707 710 Lex
723 676 832 708 Numae
849 671 886 706 de
900 675 1051 707 terminis.

95 739 189 778 QJEI
210 738 427 768 TERMINOM
449 738 668 771 EXARASSIT,
689 739 803 770 IPSUS,
825 738 873 765 ET
894 738 1002 765 BOVIS
1022 737 1156 765 SACREI
1177 737 1317 765 SUNTO.

94 778 130 806 Et
142 777 195 807 hoc
208 786 285 815 caput
300 786 372 807 extat
385 779 454 815 apud
468 777 567 814 festum
578 798 585 809 ,
607 777 681 813 cujus
695 776 750 805 hacc
763 775 822 804 sunt
836 775 916 803 verba
929 787 937 802 :-
955 775 1073 803 Termino
1083 773 1271 812 Ji'acrficabant,
1291 775 1362 814 quod
1373 774 1400 803 in
1413 778 1466 811 ejus
1478 778 1558 806 tutela
1566 779 1634 818 fiam

54 825 172 852 agrorum
183 815 229 854 effe
237 816 371 851 putabant.
401 817 524 853 Denique
539 817 631 844 Numa
646 814 791 851 Pompilius
804 815 906 845 statuit,
927 823 991 841 eum
1005 815 1051 851 qui
1064 814 1212 841 terminum
1226 813 1364 843 exarafl'et,
1385 816 1411 842 &
1425 814 1510 850 ipsum
1520 837 1527 847 ,
1549 819 1574 845 ὃς
1590 818 1638 845 bo-

54 862 101 881 ves
113 853 198 883 sacros
213 856 271 882 esse.
292 855 419 883 Meminit
433 855 490 890 ejus
503 856 530 882 ὃς
542 851 674 892 Dionystus
686 852 887 889 Ht‘altcm'nnffius
900 851 941 880 his
953 851 1051 880 verbis:
1074 852 1220 879 Terminus
1235 852 1252 879 fi
1267 852 1324 888 quis
1338 851 1480 880 transferre
1495 855 1567 882 ausus
1578 855 1639 883 fniss-

54 889 106 922 set,
127 900 171 921 aut
190 892 296 924 tollere,
316 893 375 929 Iege
394 892 459 924 lata,
479 892 531 919 deo
549 891 683 919 terminali
704 897 782 927 caput
801 892 857 927 ejus
875 891 922 927 qui
942 889 993 918 tale
1006 890 1069 927 quid
1084 891 1207 927 patrass‘et
1220 891 1329 919 devovit
1346 893 1452 920 Numa,
1471 892 1638 922 interfeston'

55 929 133 965 ipfius
146 938 273 967 tanquam
288 930 405 968 sacrilegi
419 931 579 966 impunitate
590 929 732 966 promiffi,
753 931 779 957 &
795 930 908 965 puritate
920 927 934 956 ἔι
947 928 1056 959 scelere,
1078 931 1130 956 &c-

95 969 263 997 Memoratur
280 971 307 997 &
324 968 378 996 hoec
391 978 422 996 ex
436 971 522 995 Numa.
536 967 639 1005 legibus
653 968 721 1004 apud
735 964 882 1003 Dionyfium
897 969 923 995 δε
938 966 1102 994 Plutarchum
1119 977 1126 994 :
1155 967 1181 994 Si
1195 973 1269 1003 pater
1283 966 1339 994 filio
1353 968 1509 996 concesserit
1521 966 1637 999 uxorem

54 1005 151 1070 discere
163 1027 171 1040 ,
197 1006 314 1035 futuram
328 1006 464 1036 sacrorum
478 1016 508 1035 ac
521 1006 656 1035 bonorum
671 1007 746 1043 jum
760 1004 832 1044 leges
844 1005 1003 1043 participem
1016 1025 1023 1037 ,
1049 1005 1118 1041 patri
1136 1004 1245 1042 posthac
1260 1005 1363 1034 nullum
1380 1007 1419 1037 ius
1433 1006 1487 1035 esto
1501 1008 1636 1038 vendendi

53 1043 152 1077 frium,
174 1047 226 1074 &a

95 1083 426 1121 Nequepraetermittenda
439 1085 474 1113 est
482 1084 529 1114 ‘lex
544 1083 639 1122 Regia,
660 1084 693 1112 de
711 1090 822 1112 mortuo
836 1093 890 1111 non
905 1083 1061 1115 inferendo,
1082 1092 1139 1120 quae
1152 1081 1165 1110 ὲ
1178 1081 1296 1110 Marcello
1307 1082 1422 1113 refertur
1435 1082 1494 1121 lege
1504 1083 1616 1113 secunda
1625 1106 1635 1117 ,

53 1119 82 1147 ff.
102 1121 136 1148 de
154 1130 237 1150 mort.
256 1123 334 1151 infer.
371 1128 410 1150 Ne
428 1122 522 1151 mulier
541 1133 594 1162 qua
610 1132 736 1160 praegnans
754 1129 855 1150 mortua
874 1121 949 1160 effit,
976 1123 1145 1153 humaretur,
1166 1128 1305 1160 antequam
1318 1129 1409 1155 partus
1426 1122 1449 1149 ei
1469 1122 1634 1151 excideretur.

57 1159 111 1196 Q
122 1168 215 1189 contra
228 1160 341 1194 faceret,
362 1161 436 1199 spem
450 1163 594 1190 animantis
605 1170 669 1189 cum
683 1161 790 1198 gravida
803 1160 943 1197 perentiss'e
960 1160 1105 1192 videretur,
1127 1162 1178 1188 ἃς.
1199 1163 1303 1187 Verum
1315 1158 1329 1186 ἐι
1342 1169 1396 1200 quo
1411 1159 1462 1189 lata
1473 1160 1528 1188 haec
1541 1160 1582 1188 lex
1593 1161 1633 1195 fit,

54 1205 110 1224 non
122 1199 227 1227 additur
240 1211 246 1227 z
266 1210 316 1228 nec
329 1201 414 1228 adhuc
429 1201 500 1228 inter
511 1201 668 1228 eruditiores
684 1199 819 1227 convenit.
849 1201 1037 1225 Hottomannus
1050 1206 1125 1233 putat
1136 1218 1143 1229 ‚
1164 1205 1269 1234 partem
1283 1207 1344 1226 earn
1358 1198 1432 1227 tuisse
1444 1198 1552 1236 alicujus
1565 1198 1633 1237 legis

53 1234 183 1267 Romuli,
203 1244 247 1265 aut
261 1239 361 1265 Numae
375 1237 514 1274 Pompilii,
535 1238 568 1264 de
580 1246 630 1273 qua
640 1236 774 1262 Marcellus
788 1237 815 1262 in
827 1235 1002 1272 superioribus
1015 1235 1164 1272 disputavit.

94 1275 200 1310 Legum
212 1274 295 1301 Servii
309 1274 388 1302 Tuilii
402 1275 435 1303 de
450 1275 629 1303 contraetibus
642 1274 770 1301 meminit
783 1272 883 1309 Dionffi
893 1272 938 1300 lib.
948 1283 975 1309 4.
990 1275 1016 1301 δε
1027 1283 1053 1309 5.
1066 1272 1109 1301 sed
1124 1273 1224 1302 nullam
1239 1284 1270 1302 ex
1286 1274 1316 1302 iis
1330 1274 1432 1302 recitat.

92 1312 228 1340 Caeterurn
242 1320 271 1340 ut
286 1316 368 1341 finem
382 1313 488 1341 dicendi
502 1312 546 1341 hic
562 1313 674 1343 faciam,
696 1312 797 1340 nullam
815 1313 888 1339 enim
909 1318 1004 1347 praeter
1024 1311 1069 1339 has
1087 1311 1194 1349 Regiam
1207 1313 1285 1350 legem
1306 1322 1351 1340 me
1365 1313 1491 1342 invenisse
1504 1315 1631 1343 memini:

49 1347 116 1377 illud
131 1359 185 1377 non
197 1351 302 1387 possum
316 1351 420 1379 filontio
433 1352 567 1389 praeterire
580 1371 588 1382 ,
610 1349 684 1377 fuiss'e
697 1349 832 1387 plerasque
846 1352 944 1387 Regum
961 1353 1131 1376 Romanorum
1144 1350 1208 1388 leges
1220 1371 1227 1382 ‚
1253 1350 1397 1387 praesertim
1417 1351 1471 1380 illas
1483 1373 1490 1384 ‚
1517 1361 1631 1389 quarum

52 1388 160 1424 aequitas
175 1388 313 1416 manifesta
327 1389 377 1418 fuit
390 1389 417 1416 in
432 1399 461 1416 xi
473 1399 494 1416 1.
509 1389 608 1416 tabulas
621 1388 714 1416 relata:
733 1388 760 1416 id
775 1388 846 1425 quod
864 1394 959 1424 praeter
970 1385 1074 1425 Diotyfi
1085 1387 1302 1424 Haltcarnaffeum
1315 1410 1322 1421 ,
1343 1390 1424 1417 ctiam
1437 1389 1540 1422 jacobus
1553 1393 1632 1426 Cuju-

49 1433 115 1457 cms,
136 1428 162 1454 δε
176 1425 299 1463 Josephus
311 1426 420 1463 Scaliger
432 1427 482 1454 viri
495 1426 629 1455 clariffimi
644 1427 771 1454 testantur
780 1446 787 1457 ,
807 1435 923 1463 quorum
939 1425 1019 1452 verba
1032 1434 1087 1453 non
1101 1426 1202 1463 pigebit
1215 1426 1267 1454 hoc
1280 1426 1341 1455 loco
1353 1427 1508 1455 adscribere.
1527 1430 1570 1457 Sic
1584 1430 1634 1467 igi-

51 1470 94 1490 tur
105 1463 207 1496 ‚Iacobus
220 1464 336 1498 cajanus
346 1486 353 1496 ‚
374 1464 443 1492 libro
458 1464 682 1493 Observationum
698 1467 724 1493 &
738 1464 966 1491 Emendationum
980 1463 1062 1491 tertio
1074 1484 1083 1495 ,
1105 1464 1190 1501 capite
1202 1465 1402 1501 quadragesimo
1415 1476 1420 1491 ·.
1444 1467 1568 1498 Constat,
1591 1469 1632 1495 in-

52 1501 123 1536 quit,
145 1511 176 1529 ex
189 1501 371 1541 Halicarnassei
382 1502 451 1530 libro
463 1502 578 1530 secundo
592 1504 617 1531 &
631 1503 740 1530 decimo
755 1523 762 1534 ‚
784 1511 816 1528 ex
829 1500 918 1537 legibus
932 1501 1016 1537 Regiis
1029 1521 1039 1533 ,
1059 1504 1086 1529 δε
1102 1511 1136 1528 ex
1153 1502 1273 1529 moribus
1287 1502 1378 1538 populi
1393 1503 1511 1530 Romani
1533 1505 1632 1532 multae

53 1538 202 1567 decemviros
214 1541 284 1577 leges
298 1541 324 1568 in
337 1551 369 1569 xx
379 1551 400 1568 1.
413 1541 512 1569 tabulas
525 1539 679 1570 transtulisse
691 1561 698 1572 ‚
718 1540 771 1568 hoc
783 1538 905 1567 censente
917 1538 1025 1575 populo.
1065 1539 1254 1575 Qamobrem
1271 1541 1396 1567 existimo
1417 1542 1443 1568 ὃς
1459 1540 1515 1568 illas
1530 1542 1630 1571 Numa:

51 1574 124 1612 leges
141 1577 173 1603 de
191 1587 217 1604 eo
235 1577 281 1615 qui
290 1577 370 1611 fiiem
388 1578 511 1605 hominem
530 1574 634 1606 hbe'h'am
653 1578 728 1606 morti
745 1576 818 1606 duit:
839 1579 866 1605 δί
885 1577 916 1604 de
929 1585 1004 1611 poerm
1018 1576 1109 1612 pelltcis
1120 1596 1127 1606 ,
1149 1577 1190 1609 <9⁶
1209 1578 1242 1604 de
1259 1578 1357 1604 homine
1369 1577 1480 1613 siclmine
1498 1579 1580 1613 occiso,
1601 1583 1630 1610 ὅς

52 1613 84 1640 de
98 1613 204 1641 termino
216 1623 321 1642 exarato
332 1635 340 1648 ,
360 1615 391 1642 ab
404 1616 500 1642 eodem
513 1615 586 1645 Sext.
599 1616 733 1652 Pompejo
747 1614 815 1652 Festo
830 1615 923 1644 relatas
937 1635 944 1647 ‚
963 1625 1026 1642 X11.
1047 1614 1141 1643 tabulis
1161 1614 1345 1644 adscribendas
1363 1616 1421 1643 elle.
1460 1618 1572 1651 Jofiphas
1583 1627 1628 1646 au-

50 1657 109 1678 tem
123 1651 230 1690 Scaliger
245 1653 466 1690 Castigationibus
480 1654 507 1680 in
520 1654 624 1681 Festum
637 1674 644 1685 ,
666 1654 699 1681 ad
715 1663 812 1681 vocem
827 1673 834 1685 ‚
855 1651 961 1688 Nuptias
973 1672 980 1682 .
999 1653 1057 1689 post
1068 1652 1118 1681 alia
1130 1663 1187 1691 quae
1200 1654 1390 1682 confirmandae
1403 1654 1481 1688 hujus
1493 1655 1629 1684 tententiae

49 1688 125 1718 causa
139 1691 167 1718 in
179 1691 300 1718 medium
316 1690 440 1719 attulerat
452 1712 461 1723 ,
481 1692 518 1719 ita
530 1691 682 1723 concludit,:
701 1692 741 1719 Ex
756 1691 797 1718 his
811 1700 866 1718 non
877 1691 990 1719 dubium
1004 1691 1041 1718 est
1053 1711 1060 1722 ‚
1080 1691 1144 1729 leges
1155 1690 1246 1730 Regias
1258 1692 1285 1719 in
1300 1702 1362 1720 x11.
1379 1691 1478 1719 tabulas
1491 1692 1503 1719 ἐι
1519 1694 1627 1722 decem-

51 1728 114 1757 viris
128 1729 264 1764 conjeetas
279 1729 365 1756 fuisse.
388 1731 414 1758 &
426 1729 524 1762 prima,
538 1730 662 1764 secunda,
682 1729 761 1757 tertia
773 1728 860 1757 tabula
869 1729 894 1756 le
914 1739 941 1757 es
956 1730 1054 1766 Regias
1073 1731 1213 1758 contineri.
1244 1731 1319 1765 Qin
1335 1728 1406 1766 leges
1422 1731 1519 1766 Regias
1532 1732 1567 1759 de
1579 1742 1627 1770 pa-

50 1768 100 1795 tria
114 1767 242 1803 potestate
254 1767 282 1794 in
294 1774 416 1803 quartam
433 1766 550 1796 tabulam
562 1767 671 1801 relataS,
689 1767 784 1798 author
800 1766 881 1808 Diozgv
891 1778 946 1798 ms,
966 1769 1019 1798 διε.
1039 1770 1104 1797 Haec
1119 1767 1236 1806 Scaliger.
1267 1768 1355 1805 Atque
1371 1768 1404 1796 de
1419 1767 1510 1806 legibus
1522 1770 1625 1808 Regiis,

49 1804 101 1834 five
113 1806 173 1845 jure
186 1803 319 1840 Papiriano
330 1804 463 1834 haetenus.
1622 1805 1626 1809 ’

645 1885 1018 1914 CAPUTVI.

365 1955 466 2002 Leges
481 1952 639 1989 duodecim
657 1954 831 1990 tabularum
846 1966 914 1990 cum
930 1953 1018 1990 brevi
1038 1955 1295 1989 commentatione.

52 2040 112 2102 A
132 2039 233 2077 legibus
247 2039 338 2076 Regiis
351 2040 382 2067 ad
397 2050 429 2070 xi
438 2052 459 2070 π.
471 2041 569 2070 tabulas
582 2042 704 2070 venimus
718 2052 723 2068 :
744 2041 793 2069 illae
808 2042 882 2070 enim
895 2042 1058 2078 praecipuum
1074 2045 1189 2068 Romana
1201 2040 1398 2075 jurisprudentia
1411 2044 1485 2080 caput
1499 2044 1619 2078 fuerunt}

132 2080 171 2107 uti
184 2077 262 2114 paulo
274 2078 331 2113 post
343 2079 462 2109 adduetis
475 2080 575 2118 aliquot
587 2080 793 2109 clariffimorum
806 2081 927 2108 virorum
940 2079 1099 2108 testimoniis
1116 2079 1297 2116 probabimus.
1338 2081 1398 2116 Qa
1412 2083 1549 2111 occafione
1560 2084 1623 2112 scri-

50 2123 103 2152 ptae
119 2117 167 2144 illae
179 2116 272 2144 tabulae
284 2115 395 2148 fuerint,
415 2118 555 2156 diligenter
569 2118 582 2146 ἐι
595 2118 672 2147 nobis
684 2119 721 2146 est
736 2119 883 2147 indicatum
899 2116 969 2146 libro
981 2117 1098 2155 septimo
1112 2117 1207 2145 harum
1222 2118 1435 2157 Antiquitatum,
1454 2122 1541 2157 capite
1550 2122 1623 2150 deci-

51 2163 190 2186 monono,
211 2155 239 2182 in
254 2163 307 2190 quo
321 2155 354 2182 de
365 2155 510 2183 decemviris
521 2156 721 2193 disputavimus.
762 2156 903 2194 Propofitae
916 2162 1006 2184 autem
1023 2155 1081 2184 sunt
1095 2156 1229 2192 primurn,
1251 2158 1276 2184 ὃς
1288 2160 1301 2183 a
1314 2157 1414 2192 populo
1424 2158 1622 2195 comprobatae,

50 2192 132 2221 decem
147 2202 251 2222 tantum
266 2191 368 2223 tabula,
387 2202 457 2221 anno
470 2193 501 2222 ab
516 2195 591 2223 Urbe
605 2196 713 2224 condita
726 2205 803 2223 cccii.
824 2195 949 2232 Sequenti
963 2203 1034 2221 :inno
1052 2203 1113 2221 cum
1128 2193 1213 2221 adhuc
1227 2192 1298 2231 leges
1313 2196 1432 2231 quaedam
1447 2197 1532 2225 deesse
1547 2200 1618 2227 vidc-

51 2239 142 2259 rentur
160 2232 192 2260 ad
211 2232 275 2267 juris
294 2230 488 2266 perfeetionem
501 2253 510 2265 ‚
540 2233 635 2262 additae
653 2233 712 2262 sunt
731 2232 763 2260 ab
784 2232 878 2261 iisdem
899 2231 1043 2259 decemwis
1061 2231 1147 2259 adhuc
1170 2242 1210 2259 ιι.
1234 2241 1291 2269 quae
1310 2233 1442 2269 prioribus
1462 2245 1487 2262 x.
1506 2237 1620 2269 addit-x,

52 2279 83 2297 xi
93 2280 114 2297 ι.
130 2279 275 2298 numerum
289 2269 442 2298 effecerunt.
462 2272 504 2297 De
512 2280 624 2308 quarum
638 2271 793 2301 excellentia
805 2274 831 2300 ὃς
843 2271 989 2308 praestantia
1002 2269 1087 2298 multa
1100 2271 1152 2298 dici
1164 2270 1266 2305 possent
1281 2281 1286 2297 z
1308 2270 1351 2299 sed
1365 2281 1426 2299 cum
1442 2273 1508 2300 mihi
1521 2282 1619 2309 propo-

51 2307 129 2336 situm
142 2309 173 2336 fit
186 2307 312 2336 brevitati
323 2308 425 2335 studere
436 2329 443 2341 ,
464 2307 558 2337 hortor
572 2309 697 2338 studiosos
711 2310 823 2338 leEtores
838 2330 845 2340 ,
865 2316 894 2338 ut
914 2308 1018 2336 illarum
1037 2310 1167 2343 praeconia
1181 2309 1250 2343 apud
1264 2307 1366 2336 Livium
1380 2331 1387 2342 ,
1408 2308 1551 2348 ‘Dionfium
1562 2331 1570 2340 ,
1591 2316 1619 2341 ὅτ.

51 2346 114 2375 alios
125 2346 171 2384 ipsi
184 2346 281 2385 legant.
301 2345 384 2376 Cicero
395 2353 480 2381 certe,
499 2347 573 2385 cujus
585 2348 769 2389 testimonium
779 2348 849 2388 apud
860 2357 908 2378 nos
921 2346 1070 2414 plurggtffi
1082 2346 1170 2388 valere
1182 2345 1276 2386 debet,
1295 2346 1339 2377 lib·
1354 2356 1379 2388 λς
1389 2348 1421 2377 de
1433 2344 1551 2380 orhtore,
1572 2349 1619 2378 sub

975 2421 989 2423 d
1559 2396 1620 2428 per:
