2075 2734
388 116 440 153 723
680 103 1115 142 AnffiQurrii-um
1155 103 1665 133 stoniiuanuirLinmx

388 165 501 206 gravius
506 161 648 192 acciderit,
670 159 754 187 modo
767 160 799 188 ad
813 158 916 188 scutum
931 159 1108 191 declinantes,
1129 159 1214 189 modo
1228 159 1260 187 ad
1274 158 1390 190 hastam,
1410 157 1562 196 producunt
1576 157 1649 195 signa
1660 161 1756 200 praeter
1770 155 1966 195 impedimenta

390 205 422 231 ad
436 201 550 229 hostium
563 198 715 236 aspectum,
734 198 862 234 brevique
873 205 1011 235 tempore,
1032 205 1111 234 atque
1119 206 1170 225 una
1184 198 1307 225 motione
1320 204 1487 225 armatorum
1503 197 1571 224 ordo
1578 196 1679 232 recepit
1692 196 1868 225 instrue'tionis
1879 197 1967 234 dispo-

390 242 529 269 sitionem.
549 245 725 275 praeterquam
739 236 756 263 11
773 235 916 272 aliquando
927 235 1034 274 hastatos
1049 236 1203 264 evolutione
1216 237 1254 263 uti
1269 236 1428 272 oportuerit
1456 237 1650 278 jumentorum
1666 242 1774 265 autem,
1797 242 1970 264 caeterorum-

391 288 443 315 que
458 287 486 305 ea
496 276 659 314 sequentium
676 274 836 305 multitudo,
857 276 914 310 post
928 275 1068 302 instru&os
1081 273 1133 302 sese
1148 274 1335 305 subducentes,
1356 273 1446 302 locum
1461 273 1588 300 obtinet
1581 282 1608 300 111
1617 272 1740 309 periculis
1755 281 1969 308 competentem.

391 319 464 344 Cum
481 324 544 342 vero
561 313 711 341 incedentes
732 313 1004 350 appropinquaverint
1024 313 1056 340 ad
1078 313 1168 340 locum
1192 313 1319 340 idoneum
1342 311 1460 339 locandis
1479 311 1588 342 castris,
1609 310 1763 352 praecedunt
1782 310 1920 344 tribunus,
1940 315 1968 341 &

387 364 446 389 pm
438 362 509 387 cipes
523 352 647 379 ordinum
664 350 814 386 quicunque
830 350 888 378 huic
904 360 1008 379 muneri
1023 351 1119 379 assidue
1135 350 1233 377 fuerint
1247 350 1360 378 addicti:
1381 350 1426 386 qui
1440 350 1611 386 posteaquam
1627 347 1814 384 conspexerint
1826 356 1916 378 totum
1930 349 1974 377 10-

393 401 471 421 cum,
493 391 536 426 qui
551 388 682 425 optandus
696 388 726 415 fit
734 389 865 423 ponendis
877 390 980 421 castris,
1000 390 1128 426 deputant
1142 389 1277 425 primum,
1296 388 1340 416 ubi
1353 387 1383 415 fit
1399 388 1554 423 ponendum
1565 388 1715 415 tentorium
1729 387 1899 420 Imperatoris,
1912 389 1970 424 post

395 430 458 459 alia,
475 430 526 456 &a
546 427 680 454 Haustenus
695 424 777 459 Polyb
816 427 882 464 Qae
898 435 989 455 tamen
1001 437 1058 455 non
1075 428 1111 454 ita
1125 425 1296 469 intelligenda
1310 425 1391 456 sunt,
1412 424 1482 461 quali
1497 424 1601 461 semper
1615 425 1658 452 hic
1672 424 1762 452 ordo
1756 434 1783 452 in
1798 425 1970 461 expeditione

395 467 427 495 fit
441 465 601 493 observatus.
641 464 667 490 Is
679 465 753 492 enim
767 464 949 503 saepenumero
964 473 1081 494 mutatus
1097 467 1123 493 ὃ(
1138 466 1223 492 varius
1236 466 1302 496 fuit,
1322 464 1361 492 uti
1375 462 1416 490 vel
1427 473 1460 491 ex
1474 462 1552 491 solius
1564 462 1622 498 Caji
1634 462 1698 495 Julii
1711 462 1814 497 Caestm's
1827 473 1972 492 commen-

394 505 467 532 tariis
480 502 629 539 intelligere
644 501 714 531 licet.
754 497 816 541 Qa
829 504 862 530 de
873 513 916 536 re,
937 505 981 541 qui
994 503 1082 534 volet,
1103 503 1171 540 legat
1186 502 1256 529 Petri
1270 507 1346 529 Ramt
1361 501 1460 529 librum
1474 501 1508 528 de
1524 501 1619 529 Militia
1631 502 1663 529 C.
1669 501 1733 544 Julii
1748 500 1855 528 Caelaris
1869 509 1935 539 part.
1944 512 1970 531 2.

395 543 429 570 Et
443 542 497 569 haec
511 549 551 569 tei
553 541 638 568 restris
658 540 759 569 itineris
775 542 843 569 ratio
858 550 924 570 erat.
962 541 1083 569 Flamma
1096 549 1187 569 autem
1208 549 1320 577 quatuor
1339 548 1364 566 ιν
1364 538 1528 574 isiciehnnmr
1543 539 1653 570 modis,
1672 540 1793 582 primum
1803 547 1879 573 ponte
1893 560 1900 571 ,
1926 541 1972 577 qui

392 580 535 617 quomodo
547 578 660 606 construi
676 579 789 611 soleret,
814 581 913 613 Casar'
907 590 933 608 m
950 580 1162 607 Commentariis
1176 578 1226 606 suis
1238 579 1332 615 paffim
1346 579 1441 609 docet,
1465 580 1491 605 &
1506 581 1599 604 Petrus
1616 580 1727 610 Ramus,
1749 577 1775 604 in
1791 587 1824 604 eo
1839 587 1920 614 quem
1936 579 1970 606 de

395 618 505 646 Casaris
519 617 614 644 militia
628 617 746 657 {cripsit‚
767 617 877 648 libello,
902 626 932 647 ut
946 619 1054 646 interim
1075 618 1108 646 de
1121 617 1178 645 aliis
1197 624 1310 645 taceam.
1350 599 1484 643 Secundus
1503 615 1600 642 modus
1616 615 1766 651 trajiciendi
1785 615 1905 643 fluminis
1920 617 1970 648 est,

395 657 503 700 quando
522 656 652 683 exercitus
667 654 773 683 navibus
791 656 946 684 traducitur.
987 657 1094 684 Tertius
1114 656 1172 687 est,
1193 665 1255 683 cum
1274 655 1377 682 flumen
1398 655 1425 681 in
1442 652 1530 689 plures
1542 654 1630 680 alveos
1648 652 1808 684 diduCtum,
1830 654 1970 682 tranfitum

396 695 523 722 exercitui
536 693 645 729 praebet.
665 696 782 730 Quartus
798 703 860 722 cum
876 695 1007 731 equitatus
1020 695 1046 721 in
1061 695 1175 721 flumine
1188 693 1339 730 dispolitus,
1361 693 1418 720 vim
1434 692 1500 719 illius
1516 689 1660 728 infringit,
1680 698 1709 717 ut
1721 690 1853 726 peditatus
1866 699 1970 721 tranare

395 733 538 761 incolumis
551 732 790 769 poffit.Q10rum
806 732 952 760 modorum
967 734 1092 760 omnium
1107 731 1231 768 exempla
1244 736 1302 759 lunt
1315 731 1385 767 apud
1399 730 1528 764 Casium-

437 772 572 799 Caeterum
588 772 614 798 &c
630 769 693 798 illud
709 770 761 798 hoc
774 770 835 798 loco
849 780 904 798 non
919 771 954 798 est
969 771 1071 799 silentio
1084 770 1315 807 praetereundum.
1337 768 1462 796 usitatum
1477 767 1566 798 fuisse,
1586 773 1616 794 ut
1629 764 1726 793 milites
1736 765 1868 804 legionarii
1880 766 1971 797 secum

396 808 498 837 ferrent
514 818 568 836 non
584 807 669 835 solum
683 817 770 840 arma,
791 808 836 836 sed
853 811 879 837 ὃ(
898 809 1010 840 vallum,
1030 812 1056 837 ἃ
1070 809 1174 836 cibaria.
1219 809 1298 835 Unde
1312 811 1363 834 σιτ.
1379 806 1424 834 lib.
1434 815 1457 833 2.
1472 805 1644 834 Tuiculanar.
1663 805 1846 848 quaestionum.
1877 805 1971 835 Nostri

394 849 540 877 exercitus,
563 846 662 882 inquit,
684 847 803 882 primum
815 847 886 874 unde
900 857 1002 875 nomen
1017 846 1142 878 habeant,
1163 846 1257 874 vides·
1269 845 1366 873 deinde
1380 845 1425 882 qui
1439 843 1528 875 labor,
1548 851 1661 879 quantus
1676 844 1808 880 agminis,
1829 843 1898 871 ferre
1914 845 1972 887 plus

395 885 529 912 dimidiati
544 884 639 912 mensis
653 884 763 915 cibaria5
785 884 867 917 ferre,
887 885 905 912 fi
919 886 981 922 quid
996 886 1027 913 ad
1041 885 1116 912 usum
1131 885 1227 915 velint3
1251 883 1320 911 ferie
1336 882 1443 910 vallum.
1465 883 1538 908 Nam
1546 882 1590 915 ch
1592 889 1663 912 tum
1676 881 1812 918 gladmm,
1828 882 1950 919 galezm
1944 892 1972 910 in

396 932 479 950 onere
491 922 570 950 nostri
585 923 682 950 milites
696 932 751 950 non
765 924 821 959 plus
835 932 991 954 numemnt,
1013 933 1093 960 quam
1108 923 1250 952 humeros,
1272 922 1404 952 lacet-,tos
1426 930 1451 946 n
1456 929 1529 947 anus.
1569 923 1656 945 Arma
1670 928 1758 950 enim,
1781 920 1906 947 membra
1921 922 1974 949 mi·

395 961 449 989 litis
463 960 513 988 esse
526 961 631 988 dicunt:
653 970 710 997 quae
723 961 854 997 quidem
848 970 884 989 ita
897 969 1026 996 geruntur
1040 969 1100 997 apte
1116 981 1122 992 ,
1147 969 1176 988 ut
1189 960 1206 987 fi
1220 959 1278 986 usus
1302 960 1371 987 toiet
1385 979 1393 990 ,
1423 958 1534 998 abjec'tis
1554 957 1696 986 oneribus.
1727 957 1856 999 expeditis
1876 960 1973 989 armis.

398 999 531 1026 membris
547 1007 665 1035 pugnare
679 999 786 1034 possint.
810 1001 874 1026 Haec
888 999 987 1026 Tullius
999 1000 1033 1026 de
1047 1000 1083 1025 lui
1097 999 1227 1034 temporis
1241 996 1344 1024 militia.
1370 1000 1460 1023 Limus
1473 1004 1539 1021 vero
1551 1003 1626 1022 antea
1641 1004 1697 1022 non
1708 995 1839 1022 dimidiat'
1833 1004 1855 1026 1,
1875 995 1940 1024 sed'
1933 1006 1972 1024 lu-

396 1038 467 1075 tegri
483 1036 579 1064 meniis
593 1036 690 1063 cibaria
704 1036 819 1064 militem
838 1036 908 1064 ferre
920 1036 1028 1064 solitum
1043 1037 1124 1064 docet
1137 1036 1180 1063 lib.
1193 1046 1239 1071 44.
1271 1035 1319 1063 His
1332 1035 1414 1072 igitur
1430 1033 1506 1059 rebus
1523 1033 1608 1059 onusti
1623 1032 1741 1064 milites,
1761 1040 1853 1061 tamen
1866 1033 1972 1071 singulis

397 1075 490 1103 diebus
504 1074 547 1102 ubi
560 1083 627 1110 opus
641 1083 710 1105 erat,
732 1075 846 1111 viginti,
866 1082 911 1103 aut
925 1075 1021 1112 viginti
1036 1082 1150 1112 quatuor
1165 1073 1248 1101 millia
1260 1072 1381 1109 pastuum
1396 1070 1615 1100 emetiebantur,
1635 1071 1868 1126 quemadmodum
1884 1079 1973 1111 vege-

394 1115 463 1146 tius,
485 1115 511 1142 &
526 1122 588 1141 cum
603 1122 636 1140 eo
649 1113 693 1141 alii
706 1113 821 1142 tradunt.
847 1115 936 1151 Atque
949 1114 981 1141 de
994 1112 1149 1148 expeditione
1163 1112 1298 1140 haetenus

1061 1184 1085 1211 C
1113 1193 1128 1210 A
1158 1194 1180 1211 Ρ,
1226 1182 1305 1210 XII.

801 1239 853 1272 De
870 1235 1131 1282 castrametatione
1146 1261 1156 1277 ‚
1183 1243 1230 1270 Θ·
1247 1234 1412 1282 castrorum
1429 1236 1567 1270 motione.

463 1320 504 1341 uae
517 1319 583 1338 vero
595 1308 729 1346 castrorum
743 1309 832 1338 forma
846 1310 943 1343 fuerit,
963 1312 1106 1349 quomodo
1118 1322 1148 1339 ea
1162 1312 1192 1340 fit
1205 1311 1345 1349 disposita.
1367 1313 1504 1341 audiemus
1519 1323 1551 1340 ex
1566 1310 1661 1345 Polybio
1676 1311 1804 1352 scriptore
1816 1311 1975 1339 accuratissi-

485 1358 533 1376 mo
546 1351 571 1377 8<
584 1350 760 1386 gravissimo,
781 1349 857 1385 cujus
871 1349 962 1378 locum
977 1350 1026 1378 hae
1040 1350 1073 1378 de
1093 1361 1122 1378 re
1137 1352 1273 1388 integrum
1295 1360 1326 1379 ex
1340 1351 1559 1392 interpretatione
1579 1349 1639 1383 Jani
1656 1351 1767 1385 Lafcms
1787 1350 1885 1383 (aliam
1899 1350 1974 1377 enim

489 1387 579 1414 videre
593 1387 661 1414 mihi
674 1387 798 1415 haetenus
810 1397 866 1415 non
881 1389 1015 1426 contigit)
1031 1387 1188 1417 adscribam.
1216 1390 1309 1417 Genus
1321 1389 1451 1425 castramet
1454 1398 1545 1417 monn
1562 1398 1673 1419 eorum,
1694 1389 1779 1425 inquit
1794 1388 1919 1423 Polybius,
1939 1388 1976 1415 est

400 1424 563 1460 hujusmodi.
602 1427 669 1454 Loci
683 1426 752 1461 ejus,
774 1427 819 1462 qui
835 1428 954 1454 maxime
966 1428 1077 1454 idoneus
1095 1428 1200 1455 videtur
1215 1428 1246 1454 ad
1259 1426 1511 1462 castrametandum,
1532 1427 1693 1469 aptiffimam
1707 1435 1811 1462 partem
1826 1427 1857 1453 ad
1871 1425 1977 1462 prospi-

400 1464 549 1493 ciendum,
569 1463 853 1506 praesepiendumque,
880 1465 1038 1498 [mperatum
1057 1466 1206 1493 tentorium
1227 1474 1349 1508 occupat.
1391 1466 1531 1510 Politoque
1547 1465 1642 1501 ligno,
1663 1464 1707 1491 ubi
1723 1464 1786 1491 illud
1808 1463 1884 1490 fixuri
1903 1463 1977 1494 sunt,

403 1502 552 1528 metiuntur
567 1510 634 1527 cuca
650 1501 751 1537 lignum
769 1501 881 1536 ipatium
897 1502 1054 1538 quadratum
1069 1503 1125 1533 fic,
1154 1510 1183 1530 ut
1196 1504 1287 1529 omnia
1300 1504 1382 1530 latera
1396 1502 1517 1530 distent
1509 1513 1522 1530 a
1537 1502 1611 1539 signo
1625 1502 1704 1537 pedes
1716 1509 1844 1530 centurn
1865 1501 1975 1536 planum

402 1547 459 1575 eJus
476 1538 506 1565 iit
521 1545 633 1574 quatuor
646 1541 764 1565 actuum.
806 1541 840 1566 At
856 1539 932 1575 hujus
949 1540 1038 1576 figurae
1057 1539 1162 1576 semper
1177 1550 1259 1567 unum
1274 1540 1430 1576 aipestum,
1451 1550 1588 1577 unumque
1603 1539 1684 1570 latuS‚
1705 1540 1778 1576 quod
1792 1538 1879 1567 visum
1898 1538 1978 1565 fuerit

400 1576 567 1612 aptissimum
582 1576 778 1612 aquationibus,
798 1576 1061 1615 pabulationibusque
1073 1578 1195 1607 locantur
1212 1583 1326 1605 Romana
1338 1578 1444 1614 legiones
1463 1580 1490 1605 in
1507 1578 1577 1605 hunc
1592 1579 1715 1604 modum.
1746 1578 1872 1610 Cumfix
1884 1574 1982 1603 tribum·

404 1614 454 1641 lint
470 1615 497 1640 in
511 1623 665 1650 unaquaque
677 1614 805 1652 legione,
826 1615 936 1652 duaeque
953 1617 1083 1644 Romanae
1095 1616 1213 1653 legiones
1232 1625 1378 1653 utrumque
1393 1615 1523 1651 ConJulem
1542 1615 1683 1652 lequantur
1698 1635 1705 1646 ,
1735 1614 1904 1650 peiipicunm
1926 1615 1978 1645 est,

405 1651 548 1680 duodecim
561 1650 672 1678 tribunos
685 1653 828 1680 necessario
842 1653 958 1681 militaie
972 1653 1017 1681 sub
1035 1663 1149 1691 utroque
1164 1655 1246 1688 Confi!
1229 1654 1278 1680 tle.
1320 1655 1426 1681 Ponunt
1441 1662 1531 1682 autem
1547 1653 1644 1681 horum
1659 1654 1775 1681 tentoria
1792 1655 1823 1679 ad
1840 1661 1920 1680 unam
1938 1661 1978 1679 re-

405 1691 478 1717 etam
494 1690 590 1717 lineam
609 1691 714 1722 onmia,
735 1699 792 1727 quae
804 1691 834 1718 sit
847 1692 1010 1728 aequidistans
1028 1692 1102 1720 lateri
1120 1693 1239 1735 quadrat-i
1251 1700 1415 1735 praeoptato,
1436 1693 1531 1729 distetq
1534 1701 1567 1719 ue
1586 1692 1618 1719 ab
1632 1702 1664 1719 eo
1682 1692 1761 1727 pedes
1776 1691 1980 1728 quinquaginta,

404 1729 480 1764 equis
494 1729 605 1764 pariter,
624 1728 819 1764 jumentilque‚
840 1731 865 1757 δε
880 1730 986 1766 reliquis
998 1729 1156 1757 tribunorum
1171 1730 1277 1758 iai-cinis
1291 1730 1409 1758 locandis
1422 1731 1532 1758 idoneus
1546 1730 1627 1758 locus.
1647 1730 1777 1757 Tentoria
1791 1727 1879 1756 aversa
1894 1729 1982 1766 figun-

405 1773 448 1794 tur
462 1777 475 1793 a
488 1766 605 1802 praediffl
617 1767 734 1802 quadrati
746 1767 841 1799 latere,
864 1766 1005 1803 spectantia
1014 1769 1175 1796 exteriorem
1190 1768 1344 1805 aspectum,
1365 1769 1409 1805 qui
1423 1770 1538 1795 omnino
1551 1768 1692 1799 dicendus,
1715 1766 1900 1803 vocandusque
1910 1772 1981 1794 iem-

405 1813 453 1840 pei
468 1815 480 1831 a
495 1804 571 1831 nobis
585 1804 620 1831 est
634 1805 686 1833 toti
700 1804 790 1841 figurae
806 1806 951 1841 oppositus
993 1807 1094 1833 Dillant
1109 1808 1178 1834 inter
1192 1805 1217 1833 se
1235 1806 1396 1833 tribunorum
1409 1814 1516 1833 tentoria
1530 1806 1622 1843 aequali
1637 1805 1687 1841 1pa
1694 1807 1737 1836 io,
1757 1813 1836 1841 atque
1851 1814 1883 1831 eo
1899 1804 1981 1841 usJue

405 1843 599 1873 extenduntur,
620 1850 649 1870 ut
663 1850 748 1870 totam
763 1844 946 1870 Romanarum
960 1844 1096 1881 legionum
1112 1845 1280 1872 tendentium
1296 1844 1464 1872 latitudinem
1478 1844 1576 1872 assidue
1589 1850 1736 1886 occupent·
1758 1841 1881 1870 dimenso
1895 1842 1982 1871 rurlus

406 1880 489 1916 spatio
504 1888 612 1908 centum
629 1881 749 1917 pedum
742 1890 769 1908 in
784 1881 945 1909 anteriorem
962 1891 1066 1919 partem
1083 1882 1114 1910 ab
1125 1882 1250 1910 omnibus
1264 1883 1402 1914 tentoriis,
1422 1882 1534 1919 postea
1526 1893 1538 1909 a
1550 1882 1663 1926 praetini
1660 1890 1712 1908 nte
1727 1881 1794 1909 hanc
1811 1881 1981 1909 latitudinem

407 1919 478 1946 reeta
490 1918 580 1949 linea,
599 1928 656 1956 quae
672 1919 703 1946 fit
717 1919 880 1955 aequidistans
894 1919 1050 1948 tribunorum
1064 1922 1206 1949 tentoriis:
1227 1919 1258 1947 ab
1272 1920 1341 1948 hac
1334 1929 1443 1956 inquam
1461 1920 1547 1948 facere
1566 1921 1696 1956 incipiunt
1709 1919 1846 1957 legionum
1862 1919 1984 1947 taberna-

408 1966 448 1984 cu
452 1967 478 1985 a
501 1958 627 1985 struentes
636 1957 726 1985 hunc
720 1966 747 1984 tn
762 1958 886 1986 modum.
928 1960 1000 1986 Cum
1014 1958 1145 1986 secuerint
1159 1958 1282 1986 bifariam
1303 1958 1404 1986 rectam
1420 1958 1517 1986 lineam
1534 1959 1565 1986 ab
1580 1968 1612 1985 eo
1625 1958 1726 1994 ρυηίὶο
1740 1958 1819 1986 rectis
1833 1958 1865 1985 ad
1882 1958 1982 1985 lineam

409 1994 526 2031 angulis,
546 1994 641 2034 equites
661 1995 795 2031 utriusque
814 1996 926 2033 legionis
945 1997 1081 2034 oppofitos
1099 1998 1170 2025 inter
1190 1996 1216 2023 se
1237 1997 1340 2028 locant,
1361 1998 1441 2033 pedes
1453 1997 1642 2035 quinquaginta
1659 1998 1728 2024 inter
1744 1995 1769 2024 se
1787 1996 1924 2027 distantes,
1943 1995 1986 2023 se-

410 2032 499 2059 ctione
518 2033 544 2059 in
565 2035 657 2061 medio
675 2034 805 2061 intervalli
826 2034 928 2062 habita:
956 2036 998 2062 Est
1018 2044 1107 2063 autem
1129 2034 1244 2074 equitum
1257 2035 1314 2069 ped.
1309 2044 1427 2074 ,tumque
1445 2035 1545 2063 locatio
1565 2036 1745 2063 tentoriorum
1766 2034 1876 2062 similis:
1897 2034 1987 2062 reddi-

412 2076 456 2096 tur
474 2072 546 2097 enim
567 2079 623 2098 tota
644 2071 739 2107 lpecies
759 2080 814 2099 tam
836 2073 869 2109 sig
857 2074 920 2105 ni,
954 2082 1034 2116 quam
1061 2082 1156 2101 turma:
1174 2095 1181 2104 ,
1212 2075 1346 2109 quadrata.
1383 2076 1450 2101 Haec
1469 2082 1559 2101 autem
1582 2073 1687 2109 retpicit
1708 2075 1811 2101 viarum
1831 2073 1985 2105 intervalla,

410 2105 541 2141 habetque
565 2109 721 2143 praefinitam
745 2102 941 2147 longitudinem
965 2113 1012 2138 via:
1039 2111 1217 2139 adhaerentem
1234 2122 1241 2138 ι
1271 2112 1308 2138 est
1329 2112 1401 2138 enim
1429 2119 1537 2138 centum
1565 2112 1674 2147 pedum.
1715 2112 1875 2146 Plerumque
1901 2113 1985 2139 etiam

413 2145 581 2172 altitudinem
595 2155 686 2181 parem
703 2147 787 2174 tacere
801 2149 903 2176 student
918 2158 1092 2192 praeterquam
1109 2149 1253 2177 socios-‚um
1294 2149 1375 2186 Qod
1395 2148 1414 2175 11
1434 2149 1582 2184 majoribus
1600 2157 1708 2177 utantur
1727 2150 1906 2190 exercitibuS‚
1925 2157 1985 2177 tam

413 2183 478 2219 iont
470 2184 590 2212 itudini.
609 2192 688 2218 quarn
702 2184 834 2213 altitudini
849 2187 948 2214 addunt
963 2188 995 2214 ad
1010 2189 1174 2223 portionem.
1216 2190 1287 2214 Cum
1304 2195 1394 2215 autem
1408 2188 1525 2217 accidat,
1547 2197 1576 2215 ut
1589 2187 1764 2223 respondeant
1776 2186 1891 2226 equitum
1903 2187 1986 2214 taher-

412 2221 500 2248 natali
516 2221 609 2247 mediis
624 2221 792 2251 tllbun01um
808 2226 948 2255 tentoriis,
970 2226 1085 2254 efficitur
1099 2224 1257 2263 quafistriga
1269 2225 1390 2262 quaedam
1411 2225 1472 2259 (vel
1492 2225 1578 2260 vicus)
1599 2225 1743 2254 tranlverla
1761 2227 1794 2254 ad
1809 2226 1984 2262 tupradidtam

413 2259 514 2287 rectam
534 2259 630 2285 lineam
648 2279 654 2289 ‚
686 2262 711 2287 ’ὀί
732 2260 822 2289 locum
842 2271 903 2289 ante
923 2262 1033 2291 tribunos
1054 2274 1178 2292 vacuum
1221 2266 1293 2291 Nam
1320 2274 1360 2291 r.e
1369 2272 1412 2290 era
1431 2263 1516 2305 strigis
1539 2264 1679 2301 perlimilis
1705 2264 1734 2291 fit
1754 2264 1853 2292 tra-stus
1873 2262 1984 2292 univerfi

412 2298 518 2334 species.
540 2298 647 2333 Qippe
662 2305 724 2324 cum
739 2307 771 2325 ex
788 2307 896 2335 utraque
914 2310 988 2343 parte
1002 2302 1026 2329 h
1030 2312 1063 2330 nc
1077 2301 1220 2338 manipuli,
1240 2303 1354 2342 indeque
1368 2301 1416 2329 sint
1434 2311 1530 2330 turmae
1549 2303 1703 2339 productim
1721 2302 1897 2339 interpoiitae:
1919 2310 1986 2337 prae-

412 2344 535 2372 terquam
551 2335 622 2371 quod
637 2334 694 2369 post
708 2336 846 2370 praedietos
862 2340 960 2373 equites
975 2340 1110 2376 utrimque
1129 2340 1241 2377 legionis
1258 2349 1356 2366 trlarlos
1377 2339 1409 2366 ad
1428 2340 1539 2377 singulas
1559 2348 1660 2367 turmas
1676 2339 1774 2377 fingula
1787 2341 1858 2377 ligna
1869 2359 1876 2371 ,
1896 2338 1987 2366 forma

414 2382 544 2411 peiquam
559 2372 637 2401 fimili
651 2371 807 2406 collocant,
827 2375 1054 2412 figuri1queiese
1047 2379 1165 2408 invicem
1180 2377 1397 2417 contingentibus
1410 2397 1419 2412 ,
1439 2362 1484 2408 sed
1497 2377 1714 2415 respicientibus
1707 2388 1735 2407 111
1746 2378 1854 2406 alteram
1865 2385 1987 2414 partem,

1896 2416 1990 2445 averiis

1817 0 2075 795 l
