<?xml version="1.0" encoding="UTF-8"?>
<!DOCTYPE html PUBLIC "-//W3C//DTD XHTML 1.0 Transitional//EN"
    "http://www.w3.org/TR/xhtml1/DTD/xhtml1-transitional.dtd">
<html xmlns="http://www.w3.org/1999/xhtml" xml:lang="en" lang="en">
 <head>
  <title>
</title>
<meta http-equiv="Content-Type" content="text/html;charset=utf-8" />
  <meta name='ocr-system' content='tesseract 3.04.00' />
  <meta name='ocr-capabilities' content='ocr_page ocr_carea ocr_par ocr_line ocrx_word'/>
</head>
<body>
  <div class='ocr_page' id='page_1' title='image "./johannisrosinian00rosi/johannisrosinian00rosi_0721.png"; bbox 0 0 2075 2734; ppageno 0'>
   <div class='ocr_carea' id='block_1_1' title="bbox 262 123 1630 165">
    <p class='ocr_par' dir='ltr' id='par_1_1' title="bbox 262 123 1630 165">
     <span class='ocr_line' id='line_1_1' title="bbox 262 123 1630 165; baseline -0.001 -11"><span class='ocrx_word' id='word_1_1' title='bbox 262 123 1387 165; x_wconf 67' lang='lat' dir='ltr'>DnJunxcrnuszzci-:Nnrs‚&amp;c.CAr.20.&amp;2r.</span> <span class='ocrx_word' id='word_1_2' title='bbox 1576 129 1630 165; x_wconf 75' lang='lat'>687</span> 
     </span>
    </p>
   </div>
   <div class='ocr_carea' id='block_1_2' title="bbox 721 198 953 227">
    <p class='ocr_par' dir='ltr' id='par_1_2' title="bbox 721 198 953 227">
     <span class='ocr_line' id='line_1_2' title="bbox 721 198 953 227; baseline 0.009 -2"><span class='ocrx_word' id='word_1_3' title='bbox 721 198 745 226; x_wconf 96' lang='lat' dir='ltr'>C</span> <span class='ocrx_word' id='word_1_4' title='bbox 773 208 789 225; x_wconf 74' lang='lat' dir='ltr'>A</span> <span class='ocrx_word' id='word_1_5' title='bbox 818 209 842 226; x_wconf 80' lang='lat' dir='ltr'>r.</span> <span class='ocrx_word' id='word_1_6' title='bbox 881 200 953 227; x_wconf 87' lang='lat' dir='ltr'>XX.</span> 
     </span>
    </p>
   </div>
   <div class='ocr_carea' id='block_1_3' title="bbox 93 259 1616 357">
    <p class='ocr_par' dir='ltr' id='par_1_3' title="bbox 93 259 1616 357">
     <span class='ocr_line' id='line_1_3' title="bbox 93 259 1616 315; baseline -0.025 -13"><span class='ocrx_word' id='word_1_7' title='bbox 93 268 144 302; x_wconf 89' lang='lat' dir='ltr'>De</span> <span class='ocrx_word' id='word_1_8' title='bbox 151 264 310 315; x_wconf 84' lang='lat' dir='ltr'>judicibus</span> <span class='ocrx_word' id='word_1_9' title='bbox 326 261 476 313; x_wconf 83' lang='lat' dir='ltr'>legendis,</span> <span class='ocrx_word' id='word_1_10' title='bbox 487 260 663 306; x_wconf 75' lang='lat' dir='ltr'>sortitione,</span> <span class='ocrx_word' id='word_1_11' title='bbox 687 259 858 301; x_wconf 57' lang='lat' dir='ltr'>reiet‘lione,</span> <span class='ocrx_word' id='word_1_12' title='bbox 896 259 1101 304; x_wconf 71' lang='lat' dir='ltr'>absortitione,</span> <span class='ocrx_word' id='word_1_13' title='bbox 1121 268 1167 295; x_wconf 54' lang='grc' dir='ltr'>(γ’</span> <span class='ocrx_word' id='word_1_14' title='bbox 1184 274 1305 294; x_wconf 73' lang='lat' dir='ltr'>numero</span> <span class='ocrx_word' id='word_1_15' title='bbox 1315 260 1477 308; x_wconf 63' lang='lat' dir='ltr'>judicum:</span> <span class='ocrx_word' id='word_1_16' title='bbox 1507 266 1580 300; x_wconf 82' lang='lat' dir='ltr'>item</span> <span class='ocrx_word' id='word_1_17' title='bbox 1614 306 1616 308; x_wconf 17' lang='lat' dir='ltr'>v</span> 
     </span>
     <span class='ocr_line' id='line_1_4' title="bbox 431 307 1217 357; baseline -0.004 -11"><span class='ocrx_word' id='word_1_18' title='bbox 431 311 484 357; x_wconf 81' lang='lat' dir='ltr'>qui</span> <span class='ocrx_word' id='word_1_19' title='bbox 509 316 556 343; x_wconf 75' lang='lat'>(7‘</span> <span class='ocrx_word' id='word_1_20' title='bbox 578 307 698 356; x_wconf 83' lang='lat' dir='ltr'>quando</span> <span class='ocrx_word' id='word_1_21' title='bbox 719 309 820 356; x_wconf 80' lang='lat' dir='ltr'>jurati</span> <span class='ocrx_word' id='word_1_22' title='bbox 843 319 897 343; x_wconf 83' lang='lat' dir='ltr'>aut</span> <span class='ocrx_word' id='word_1_23' title='bbox 922 311 1053 353; x_wconf 78' lang='lat' dir='ltr'>injurati</span> <span class='ocrx_word' id='word_1_24' title='bbox 1069 309 1217 355; x_wconf 81' lang='lat' dir='ltr'>sederent.</span> 
     </span>
    </p>
   </div>
   <div class='ocr_carea' id='block_1_4' title="bbox 43 387 1628 509">
    <p class='ocr_par' dir='ltr' id='par_1_4' title="bbox 43 387 1628 509">
     <span class='ocr_line' id='line_1_5' title="bbox 124 387 1625 432; baseline -0.001 -13"><span class='ocrx_word' id='word_1_25' title='bbox 124 396 152 425; x_wconf 81' lang='lat' dir='ltr'>bi</span> <span class='ocrx_word' id='word_1_26' title='bbox 166 406 230 425; x_wconf 75' lang='lat' dir='ltr'>vero</span> <span class='ocrx_word' id='word_1_27' title='bbox 243 400 340 432; x_wconf 83' lang='lat' dir='ltr'>praetor</span> <span class='ocrx_word' id='word_1_28' title='bbox 353 390 479 419; x_wconf 82' lang='lat' dir='ltr'>assederat</span> <span class='ocrx_word' id='word_1_29' title='bbox 492 410 498 421; x_wconf 84' lang='lat'>‚</span> <span class='ocrx_word' id='word_1_30' title='bbox 521 391 547 418; x_wconf 62' lang='grc' dir='ltr'>ὃς</span> <span class='ocrx_word' id='word_1_31' title='bbox 561 388 711 422; x_wconf 68' lang='lat' dir='ltr'>acmffitores</span> <span class='ocrx_word' id='word_1_32' title='bbox 725 407 731 417; x_wconf 90' lang='lat'>,</span> <span class='ocrx_word' id='word_1_33' title='bbox 751 398 807 414; x_wconf 72' lang='lat' dir='ltr'>reus</span> <span class='ocrx_word' id='word_1_34' title='bbox 821 409 829 422; x_wconf 90' lang='lat'>,</span> <span class='ocrx_word' id='word_1_35' title='bbox 851 390 877 416; x_wconf 85' lang='lat'>&amp;</span> <span class='ocrx_word' id='word_1_36' title='bbox 886 387 989 422; x_wconf 76' lang='lat' dir='ltr'>patroni</span> <span class='ocrx_word' id='word_1_37' title='bbox 1003 389 1158 425; x_wconf 87' lang='lat' dir='ltr'>prodierant</span> <span class='ocrx_word' id='word_1_38' title='bbox 1172 411 1179 422; x_wconf 91' lang='lat'>‚</span> <span class='ocrx_word' id='word_1_39' title='bbox 1199 391 1231 417; x_wconf 78' lang='lat' dir='ltr'>de</span> <span class='ocrx_word' id='word_1_40' title='bbox 1244 389 1371 424; x_wconf 66' lang='lat' dir='ltr'>judicibus</span> <span class='ocrx_word' id='word_1_41' title='bbox 1385 391 1510 428; x_wconf 79' lang='lat' dir='ltr'>agebatur</span> <span class='ocrx_word' id='word_1_42' title='bbox 1524 414 1531 425; x_wconf 82' lang='lat'>‚</span> <span class='ocrx_word' id='word_1_43' title='bbox 1552 397 1625 432; x_wconf 81' lang='lat' dir='ltr'>quod</span> 
     </span>
     <span class='ocr_line' id='line_1_6' title="bbox 43 397 1628 472; baseline 0.004 -17"><span class='ocrx_word' id='word_1_44' title='bbox 43 397 117 463; x_wconf 85' lang='lat' dir='ltr'>U</span> <span class='ocrx_word' id='word_1_45' title='bbox 144 444 241 462; x_wconf 63' lang='lat' dir='ltr'>munus</span> <span class='ocrx_word' id='word_1_46' title='bbox 254 434 410 470; x_wconf 74' lang='lat' dir='ltr'>plerumque</span> <span class='ocrx_word' id='word_1_47' title='bbox 428 428 513 470; x_wconf 66' lang='lat' dir='ltr'>judici</span> <span class='ocrx_word' id='word_1_48' title='bbox 527 427 674 470; x_wconf 64' lang='lat' dir='ltr'>quaestionis</span> <span class='ocrx_word' id='word_1_49' title='bbox 690 426 873 463; x_wconf 81' lang='lat' dir='ltr'>affignabatur.</span> <span class='ocrx_word' id='word_1_50' title='bbox 913 429 1043 454; x_wconf 73' lang='lat' dir='ltr'>Numerus</span> <span class='ocrx_word' id='word_1_51' title='bbox 1065 436 1154 455; x_wconf 82' lang='lat' dir='ltr'>autem</span> <span class='ocrx_word' id='word_1_52' title='bbox 1169 428 1454 472; x_wconf 40' lang='lat' dir='ltr'>julittam-legebatur,</span> <span class='ocrx_word' id='word_1_53' title='bbox 1483 433 1527 468; x_wconf 90' lang='lat' dir='ltr'>qui</span> <span class='ocrx_word' id='word_1_54' title='bbox 1541 432 1554 461; x_wconf 71' lang='grc' dir='ltr'>ἐι</span> <span class='ocrx_word' id='word_1_55' title='bbox 1569 434 1628 471; x_wconf 82' lang='lat' dir='ltr'>lege</span> 
     </span>
     <span class='ocr_line' id='line_1_7' title="bbox 148 464 1624 509; baseline -0.001 -11"><span class='ocrx_word' id='word_1_56' title='bbox 148 480 203 501; x_wconf 84' lang='lat' dir='ltr'>erat</span> <span class='ocrx_word' id='word_1_57' title='bbox 215 470 378 509; x_wconf 68' lang='lat' dir='ltr'>praescriptus</span> <span class='ocrx_word' id='word_1_58' title='bbox 396 488 403 508; x_wconf 56' lang='lat'><em>3</em></span> <span class='ocrx_word' id='word_1_59' title='bbox 417 476 473 508; x_wconf 53' lang='lat' dir='ltr'>⁴qua</span> <span class='ocrx_word' id='word_1_60' title='bbox 486 466 618 503; x_wconf 77' lang='lat' dir='ltr'>judicium</span> <span class='ocrx_word' id='word_1_61' title='bbox 632 464 697 492; x_wconf 72' lang='lat' dir='ltr'>illud</span> <span class='ocrx_word' id='word_1_62' title='bbox 711 464 881 493; x_wconf 72' lang='lat' dir='ltr'>exercebatur</span> <span class='ocrx_word' id='word_1_63' title='bbox 896 486 903 497; x_wconf 91' lang='lat'>,</span> <span class='ocrx_word' id='word_1_64' title='bbox 926 466 951 493; x_wconf 64' lang='grc' dir='ltr'>ἃ</span> <span class='ocrx_word' id='word_1_65' title='bbox 967 467 1109 502; x_wconf 83' lang='lat' dir='ltr'>quomodo</span> <span class='ocrx_word' id='word_1_66' title='bbox 1124 474 1179 495; x_wconf 79' lang='lat' dir='ltr'>erat</span> <span class='ocrx_word' id='word_1_67' title='bbox 1196 466 1388 504; x_wconf 77' lang='lat' dir='ltr'>praescriptum.</span> <span class='ocrx_word' id='word_1_68' title='bbox 1427 470 1521 497; x_wconf 75' lang='lat' dir='ltr'><em>Modus</em></span> <span class='ocrx_word' id='word_1_69' title='bbox 1533 479 1624 501; x_wconf 83' lang='lat' dir='ltr'>autem</span> 
     </span>
    </p>
   </div>
   <div class='ocr_carea' id='block_1_5' title="bbox 40 505 968 590">
    <p class='ocr_par' dir='ltr' id='par_1_5' title="bbox 40 505 968 590">
     <span class='ocr_line' id='line_1_8' title="bbox 40 505 943 550; baseline -0.017 -11"><span class='ocrx_word' id='word_1_70' title='bbox 40 509 92 539; x_wconf 85' lang='lat' dir='ltr'>fuit</span> <span class='ocrx_word' id='word_1_71' title='bbox 104 511 199 550; x_wconf 89' lang='lat' dir='ltr'>duplex</span> <span class='ocrx_word' id='word_1_72' title='bbox 204 508 303 545; x_wconf 75' lang='lat' dir='ltr'>firtitio</span> <span class='ocrx_word' id='word_1_73' title='bbox 317 509 344 535; x_wconf 68' lang='grc' dir='ltr'>ὅτ,</span> <span class='ocrx_word' id='word_1_74' title='bbox 358 505 442 534; x_wconf 83' lang='lat' dir='ltr'>edmo.</span> <span class='ocrx_word' id='word_1_75' title='bbox 749 544 754 550; x_wconf 91' lang='lat'>.</span> <span class='ocrx_word' id='word_1_76' title='bbox 776 544 780 549; x_wconf 23' lang='grc' dir='ltr'>ἰ</span> <span class='ocrx_word' id='word_1_77' title='bbox 878 544 886 550; x_wconf 44' lang='grc'><strong>.</strong></span> <span class='ocrx_word' id='word_1_78' title='bbox 938 543 943 548; x_wconf 44' lang='grc'><em>.</em></span> 
     </span>
     <span class='ocr_line' id='line_1_9' title="bbox 671 540 968 590; baseline 0 -15"><span class='ocrx_word' id='word_1_79' title='bbox 671 544 795 575; x_wconf 76' lang='lat' dir='ltr'>Somno</span> <span class='ocrx_word' id='word_1_80' title='bbox 805 568 815 585; x_wconf 89' lang='lat'>,</span> <span class='ocrx_word' id='word_1_81' title='bbox 841 540 968 590; x_wconf 67' lang='lat' dir='ltr'>reyefho.</span> 
     </span>
    </p>
   </div>
   <div class='ocr_carea' id='block_1_6' title="bbox 40 603 2045 731">
    <p class='ocr_par' dir='ltr' id='par_1_6' title="bbox 40 603 2045 731">
     <span class='ocr_line' id='line_1_10' title="bbox 79 603 1623 644; baseline -0.001 -6"><span class='ocrx_word' id='word_1_82' title='bbox 79 608 182 638; x_wconf 81' lang='lat' dir='ltr'>Sortitio</span> <span class='ocrx_word' id='word_1_83' title='bbox 198 608 249 636; x_wconf 86' lang='lat' dir='ltr'>fuit</span> <span class='ocrx_word' id='word_1_84' title='bbox 262 605 395 644; x_wconf 87' lang='lat' dir='ltr'>ejusmodi</span> <span class='ocrx_word' id='word_1_85' title='bbox 411 615 418 632; x_wconf 76' lang='lat' dir='ltr'><strong><em>z</em></strong></span> <span class='ocrx_word' id='word_1_86' title='bbox 432 613 522 640; x_wconf 69' lang='lat' dir='ltr'>prator</span> <span class='ocrx_word' id='word_1_87' title='bbox 532 624 540 634; x_wconf 93' lang='lat'>,</span> <span class='ocrx_word' id='word_1_88' title='bbox 561 611 606 632; x_wconf 88' lang='lat' dir='ltr'>aut</span> <span class='ocrx_word' id='word_1_89' title='bbox 611 604 696 638; x_wconf 81' lang='lat' dir='ltr'>judex</span> <span class='ocrx_word' id='word_1_90' title='bbox 709 605 857 641; x_wconf 75' lang='lat' dir='ltr'>quaestionis</span> <span class='ocrx_word' id='word_1_91' title='bbox 880 605 907 632; x_wconf 90' lang='lat' dir='ltr'>in</span> <span class='ocrx_word' id='word_1_92' title='bbox 920 613 1016 631; x_wconf 85' lang='lat' dir='ltr'>urnam</span> <span class='ocrx_word' id='word_1_93' title='bbox 1038 603 1198 640; x_wconf 81' lang='lat' dir='ltr'>conjiciebat</span> <span class='ocrx_word' id='word_1_94' title='bbox 1217 614 1313 633; x_wconf 85' lang='lat' dir='ltr'>omnes</span> <span class='ocrx_word' id='word_1_95' title='bbox 1327 607 1430 643; x_wconf 84' lang='lat' dir='ltr'>judices</span> <span class='ocrx_word' id='word_1_96' title='bbox 1445 608 1555 638; x_wconf 60' lang='lat' dir='ltr'>selectos</span> <span class='ocrx_word' id='word_1_97' title='bbox 1567 630 1574 641; x_wconf 85' lang='lat'>‚</span> <span class='ocrx_word' id='word_1_98' title='bbox 1595 612 1623 641; x_wconf 82' lang='lat' dir='ltr'>id</span> 
     </span>
     <span class='ocr_line' id='line_1_11' title="bbox 43 642 2045 687; baseline -0.003 -11"><span class='ocrx_word' id='word_1_99' title='bbox 43 649 94 680; x_wconf 90' lang='lat' dir='ltr'>est,</span> <span class='ocrx_word' id='word_1_100' title='bbox 113 649 158 686; x_wconf 90' lang='lat' dir='ltr'>qui</span> <span class='ocrx_word' id='word_1_101' title='bbox 170 647 202 675; x_wconf 89' lang='lat' dir='ltr'>ad</span> <span class='ocrx_word' id='word_1_102' title='bbox 218 647 317 683; x_wconf 83' lang='lat' dir='ltr'>judicia</span> <span class='ocrx_word' id='word_1_103' title='bbox 330 645 387 682; x_wconf 86' lang='lat' dir='ltr'>ejus</span> <span class='ocrx_word' id='word_1_104' title='bbox 400 645 462 672; x_wconf 87' lang='lat' dir='ltr'>anni</span> <span class='ocrx_word' id='word_1_105' title='bbox 477 644 491 673; x_wconf 69' lang='lat' dir='ltr'>a</span> <span class='ocrx_word' id='word_1_106' title='bbox 503 642 659 680; x_wconf 83' lang='lat' dir='ltr'>praetoribus</span> <span class='ocrx_word' id='word_1_107' title='bbox 671 652 704 670; x_wconf 87' lang='lat' dir='ltr'>ex</span> <span class='ocrx_word' id='word_1_108' title='bbox 717 643 776 680; x_wconf 85' lang='lat' dir='ltr'>lege</span> <span class='ocrx_word' id='word_1_109' title='bbox 789 642 894 672; x_wconf 85' lang='lat' dir='ltr'>fuerant</span> <span class='ocrx_word' id='word_1_110' title='bbox 906 642 1053 683; x_wconf 70' lang='lat' dir='ltr'>delecti‚ac</span> <span class='ocrx_word' id='word_1_111' title='bbox 1065 642 1138 686; x_wconf 78' lang='lat' dir='ltr'>forte</span> <span class='ocrx_word' id='word_1_112' title='bbox 1147 652 1211 687; x_wconf 73' lang='lat' dir='ltr'>eum</span> <span class='ocrx_word' id='word_1_113' title='bbox 1227 653 1374 673; x_wconf 85' lang='lat' dir='ltr'>numerum</span> <span class='ocrx_word' id='word_1_114' title='bbox 1389 647 1624 686; x_wconf 73' lang='lat' dir='ltr'>educebat‚quem</span> <span class='ocrx_word' id='word_1_115' title='bbox 1675 667 1680 672; x_wconf 83' lang='grc'><em>,</em></span> <span class='ocrx_word' id='word_1_116' title='bbox 1701 668 1725 681; x_wconf 61' lang='lat' dir='ltr'>v</span> <span class='ocrx_word' id='word_1_117' title='bbox 1754 670 1761 681; x_wconf 45' lang='lat' dir='ltr'><em>s</em></span> <span class='ocrx_word' id='word_1_118' title='bbox 1857 670 1865 677; x_wconf 48' lang='lat' dir='ltr'><em>l</em></span> <span class='ocrx_word' id='word_1_119' title='bbox 1906 661 1929 682; x_wconf 56' lang='lat'>»7</span> <span class='ocrx_word' id='word_1_120' title='bbox 1946 679 1951 684; x_wconf 75' lang='lat'><em>,</em></span> <span class='ocrx_word' id='word_1_121' title='bbox 2040 666 2045 670; x_wconf 75' lang='grc'><em>,</em></span> 
     </span>
     <span class='ocr_line' id='line_1_12' title="bbox 40 670 2024 731; baseline -0.007 -16"><span class='ocrx_word' id='word_1_122' title='bbox 40 687 83 715; x_wconf 80' lang='lat' dir='ltr'>lex</span> <span class='ocrx_word' id='word_1_123' title='bbox 96 686 149 724; x_wconf 84' lang='lat' dir='ltr'>ipsa</span> <span class='ocrx_word' id='word_1_124' title='bbox 162 684 353 723; x_wconf 73' lang='lat' dir='ltr'>praescribebat.</span> <span class='ocrx_word' id='word_1_125' title='bbox 379 684 443 721; x_wconf 85' lang='lat' dir='ltr'>Qo</span> <span class='ocrx_word' id='word_1_126' title='bbox 455 683 528 712; x_wconf 67' lang='lat' dir='ltr'>faeto</span> <span class='ocrx_word' id='word_1_127' title='bbox 544 681 655 711; x_wconf 86' lang='lat' dir='ltr'>dabatur</span> <span class='ocrx_word' id='word_1_128' title='bbox 667 682 782 718; x_wconf 86' lang='lat' dir='ltr'>potestas</span> <span class='ocrx_word' id='word_1_129' title='bbox 794 692 835 709; x_wconf 88' lang='lat' dir='ltr'>reo</span> <span class='ocrx_word' id='word_1_130' title='bbox 847 702 856 714; x_wconf 89' lang='lat'>‚</span> <span class='ocrx_word' id='word_1_131' title='bbox 876 684 903 711; x_wconf 70' lang='grc' dir='ltr'>ὃ(</span> <span class='ocrx_word' id='word_1_132' title='bbox 917 682 1049 716; x_wconf 73' lang='lat' dir='ltr'>accufizton</span> <span class='ocrx_word' id='word_1_133' title='bbox 1063 681 1203 718; x_wconf 78' lang='lat' dir='ltr'>reJ1c1end1</span> <span class='ocrx_word' id='word_1_134' title='bbox 1212 702 1223 714; x_wconf 94' lang='lat'>,</span> <span class='ocrx_word' id='word_1_135' title='bbox 1251 691 1318 720; x_wconf 87' lang='lat' dir='ltr'>quos</span> <span class='ocrx_word' id='word_1_136' title='bbox 1331 693 1426 720; x_wconf 85' lang='lat' dir='ltr'>parum</span> <span class='ocrx_word' id='word_1_137' title='bbox 1440 685 1487 714; x_wconf 86' lang='lat' dir='ltr'>fibi</span> <span class='ocrx_word' id='word_1_138' title='bbox 1499 684 1693 723; x_wconf 50' lang='lat' dir='ltr'>putarent-:lm</span> <span class='ocrx_word' id='word_1_139' title='bbox 1702 670 2024 731; x_wconf 42' lang='lat' dir='ltr'>5245waAE</span> 
     </span>
    </p>
   </div>
   <div class='ocr_carea' id='block_1_7' title="bbox 37 724 907 804">
    <p class='ocr_par' dir='ltr' id='par_1_7' title="bbox 37 724 907 804">
     <span class='ocr_line' id='line_1_13' title="bbox 37 724 161 754; baseline -0.016 0"><span class='ocrx_word' id='word_1_140' title='bbox 37 724 161 754; x_wconf 83' lang='lat' dir='ltr'>idoneos.</span> 
     </span>
     <span class='ocr_line' id='line_1_14' title="bbox 723 757 907 804; baseline -0.005 -12"><span class='ocrx_word' id='word_1_141' title='bbox 723 757 907 804; x_wconf 72' lang='lat' dir='ltr'>SubfhrtitiO.</span> 
     </span>
    </p>
   </div>
   <div class='ocr_carea' id='block_1_8' title="bbox 30 796 2040 1245">
    <p class='ocr_par' dir='ltr' id='par_1_8' title="bbox 30 796 2040 1245">
     <span class='ocr_line' id='line_1_15' title="bbox 80 796 2040 862; baseline -0.007 -7"><span class='ocrx_word' id='word_1_142' title='bbox 80 829 113 856; x_wconf 92' lang='lat' dir='ltr'>In</span> <span class='ocrx_word' id='word_1_143' title='bbox 127 827 219 855; x_wconf 86' lang='lat' dir='ltr'>locum</span> <span class='ocrx_word' id='word_1_144' title='bbox 233 835 300 854; x_wconf 89' lang='lat' dir='ltr'>vero</span> <span class='ocrx_word' id='word_1_145' title='bbox 310 825 476 862; x_wconf 47' lang='lat' dir='ltr'>rejectorum</span> <span class='ocrx_word' id='word_1_146' title='bbox 488 825 566 857; x_wconf 84' lang='lat' dir='ltr'>alios,</span> <span class='ocrx_word' id='word_1_147' title='bbox 588 823 640 851; x_wconf 81' lang='lat' dir='ltr'>sive</span> <span class='ocrx_word' id='word_1_148' title='bbox 649 830 738 857; x_wconf 69' lang='lat' dir='ltr'>prator</span> <span class='ocrx_word' id='word_1_149' title='bbox 750 843 758 854; x_wconf 89' lang='lat'>,</span> <span class='ocrx_word' id='word_1_150' title='bbox 779 822 833 850; x_wconf 87' lang='lat' dir='ltr'>five</span> <span class='ocrx_word' id='word_1_151' title='bbox 845 822 927 858; x_wconf 85' lang='lat' dir='ltr'>judex</span> <span class='ocrx_word' id='word_1_152' title='bbox 942 822 1089 860; x_wconf 66' lang='lat' dir='ltr'>quaestionis</span> <span class='ocrx_word' id='word_1_153' title='bbox 1103 821 1318 852; x_wconf 80' lang='lat' dir='ltr'>subsortiebatur.</span> <span class='ocrx_word' id='word_1_154' title='bbox 1357 825 1447 861; x_wconf 84' lang='lat' dir='ltr'>Qem</span> <span class='ocrx_word' id='word_1_155' title='bbox 1464 835 1571 855; x_wconf 84' lang='lat' dir='ltr'>morem</span> <span class='ocrx_word' id='word_1_156' title='bbox 1585 796 1981 859; x_wconf 43' lang='lat' dir='ltr'>hist&#39;urtqsstamffn-QAEZA</span> <span class='ocrx_word' id='word_1_157' title='bbox 1993 804 2010 821; x_wconf 45' lang='lat' dir='ltr'><em>f</em></span> <span class='ocrx_word' id='word_1_158' title='bbox 2035 851 2040 855; x_wconf 38' lang='grc' dir='ltr'><strong><em>ι</em></strong></span> 
     </span>
     <span class='ocr_line' id='line_1_16' title="bbox 40 860 1703 903; baseline -0.001 -9"><span class='ocrx_word' id='word_1_159' title='bbox 40 865 129 894; x_wconf 85' lang='lat' dir='ltr'>verbis</span> <span class='ocrx_word' id='word_1_160' title='bbox 142 866 253 902; x_wconf 87' lang='lat' dir='ltr'>exponit</span> <span class='ocrx_word' id='word_1_161' title='bbox 265 863 384 899; x_wconf 73' lang='lat' dir='ltr'>Afionim</span> <span class='ocrx_word' id='word_1_162' title='bbox 397 875 406 890; x_wconf 92' lang='lat'>.·</span> <span class='ocrx_word' id='word_1_163' title='bbox 435 865 507 890; x_wconf 92' lang='lat' dir='ltr'>Cum</span> <span class='ocrx_word' id='word_1_164' title='bbox 521 862 600 890; x_wconf 85' lang='lat' dir='ltr'>multi</span> <span class='ocrx_word' id='word_1_165' title='bbox 612 862 717 898; x_wconf 87' lang='lat' dir='ltr'>judices</span> <span class='ocrx_word' id='word_1_166' title='bbox 730 860 757 889; x_wconf 89' lang='lat' dir='ltr'>in</span> <span class='ocrx_word' id='word_1_167' title='bbox 773 861 881 888; x_wconf 88' lang='lat' dir='ltr'>confilio</span> <span class='ocrx_word' id='word_1_168' title='bbox 895 871 959 889; x_wconf 86' lang='lat' dir='ltr'>cum</span> <span class='ocrx_word' id='word_1_169' title='bbox 977 869 1090 897; x_wconf 77' lang='lat' dir='ltr'>praetore</span> <span class='ocrx_word' id='word_1_170' title='bbox 1104 860 1150 888; x_wconf 92' lang='lat' dir='ltr'>suo</span> <span class='ocrx_word' id='word_1_171' title='bbox 1162 861 1308 896; x_wconf 84' lang='lat' dir='ltr'>judicaturi</span> <span class='ocrx_word' id='word_1_172' title='bbox 1327 862 1409 891; x_wconf 78' lang='lat' dir='ltr'>essent</span> <span class='ocrx_word' id='word_1_173' title='bbox 1423 884 1431 895; x_wconf 91' lang='lat'><em>‚</em></span> <span class='ocrx_word' id='word_1_174' title='bbox 1454 866 1500 901; x_wconf 89' lang='lat' dir='ltr'>qui</span> <span class='ocrx_word' id='word_1_175' title='bbox 1515 860 1703 903; x_wconf 37' lang='lat' dir='ltr'>qufflmrsbks</span> 
     </span>
     <span class='ocr_line' id='line_1_17' title="bbox 40 898 1626 938; baseline -0.001 -6"><span class='ocrx_word' id='word_1_176' title='bbox 40 903 128 933; x_wconf 86' lang='lat' dir='ltr'>fuisset</span> <span class='ocrx_word' id='word_1_177' title='bbox 141 905 169 932; x_wconf 91' lang='lat' dir='ltr'>in</span> <span class='ocrx_word' id='word_1_178' title='bbox 182 902 255 931; x_wconf 73' lang='lat' dir='ltr'>causa</span> <span class='ocrx_word' id='word_1_179' title='bbox 267 902 386 938; x_wconf 84' lang='lat' dir='ltr'>publica,</span> <span class='ocrx_word' id='word_1_180' title='bbox 408 900 510 929; x_wconf 86' lang='lat' dir='ltr'>necesse</span> <span class='ocrx_word' id='word_1_181' title='bbox 523 900 609 928; x_wconf 88' lang='lat' dir='ltr'>fuerat</span> <span class='ocrx_word' id='word_1_182' title='bbox 622 920 631 931; x_wconf 94' lang='lat'><em>‚</em></span> <span class='ocrx_word' id='word_1_183' title='bbox 649 909 695 927; x_wconf 85' lang='lat' dir='ltr'>cos</span> <span class='ocrx_word' id='word_1_184' title='bbox 709 901 828 935; x_wconf 88' lang='lat' dir='ltr'>primum</span> <span class='ocrx_word' id='word_1_185' title='bbox 844 899 877 927; x_wconf 89' lang='lat' dir='ltr'>de</span> <span class='ocrx_word' id='word_1_186' title='bbox 890 900 961 927; x_wconf 90' lang='lat' dir='ltr'>curia</span> <span class='ocrx_word' id='word_1_187' title='bbox 975 899 1104 928; x_wconf 84' lang='lat' dir='ltr'>senatoria</span> <span class='ocrx_word' id='word_1_188' title='bbox 1116 898 1246 928; x_wconf 89' lang='lat' dir='ltr'>conscribi</span> <span class='ocrx_word' id='word_1_189' title='bbox 1261 921 1268 932; x_wconf 92' lang='lat'>,</span> <span class='ocrx_word' id='word_1_190' title='bbox 1288 910 1351 928; x_wconf 86' lang='lat' dir='ltr'>cum</span> <span class='ocrx_word' id='word_1_191' title='bbox 1365 900 1468 929; x_wconf 89' lang='lat' dir='ltr'>senatus</span> <span class='ocrx_word' id='word_1_192' title='bbox 1480 903 1626 938; x_wconf 83' lang='lat' dir='ltr'>judicaret:</span> 
     </span>
     <span class='ocr_line' id='line_1_18' title="bbox 39 936 1627 977; baseline -0.001 -7"><span class='ocrx_word' id='word_1_193' title='bbox 39 942 137 970; x_wconf 89' lang='lat' dir='ltr'>deinde</span> <span class='ocrx_word' id='word_1_194' title='bbox 149 942 176 969; x_wconf 90' lang='lat' dir='ltr'>in</span> <span class='ocrx_word' id='word_1_195' title='bbox 189 949 284 968; x_wconf 86' lang='lat' dir='ltr'>umam</span> <span class='ocrx_word' id='word_1_196' title='bbox 298 940 388 972; x_wconf 87' lang='lat' dir='ltr'>mitti,</span> <span class='ocrx_word' id='word_1_197' title='bbox 409 946 439 968; x_wconf 81' lang='lat' dir='ltr'>ut</span> <span class='ocrx_word' id='word_1_198' title='bbox 455 939 488 967; x_wconf 90' lang='lat' dir='ltr'>de</span> <span class='ocrx_word' id='word_1_199' title='bbox 499 938 619 975; x_wconf 87' lang='lat' dir='ltr'>pluribus</span> <span class='ocrx_word' id='word_1_200' title='bbox 630 938 786 966; x_wconf 73' lang='lat' dir='ltr'>necessarius</span> <span class='ocrx_word' id='word_1_201' title='bbox 800 947 928 966; x_wconf 88' lang='lat' dir='ltr'>numerus</span> <span class='ocrx_word' id='word_1_202' title='bbox 948 936 1052 967; x_wconf 84' lang='lat' dir='ltr'>sortitio</span> <span class='ocrx_word' id='word_1_203' title='bbox 1065 938 1162 966; x_wconf 86' lang='lat' dir='ltr'>confici</span> <span class='ocrx_word' id='word_1_204' title='bbox 1173 938 1259 975; x_wconf 83' lang='lat' dir='ltr'>poffet</span> <span class='ocrx_word' id='word_1_205' title='bbox 1273 949 1277 965; x_wconf 83' lang='lat' dir='ltr'><em>z</em></span> <span class='ocrx_word' id='word_1_206' title='bbox 1299 939 1382 967; x_wconf 84' lang='lat' dir='ltr'>tertio</span> <span class='ocrx_word' id='word_1_207' title='bbox 1396 941 1519 976; x_wconf 80' lang='lat' dir='ltr'>permitti</span> <span class='ocrx_word' id='word_1_208' title='bbox 1529 942 1627 977; x_wconf 68' lang='lat' dir='ltr'>accufit-</span> 
     </span>
     <span class='ocr_line' id='line_1_19' title="bbox 38 976 1626 1015; baseline 0 -8"><span class='ocrx_word' id='word_1_209' title='bbox 38 978 91 1007; x_wconf 76' lang='lat' dir='ltr'>rori</span> <span class='ocrx_word' id='word_1_210' title='bbox 103 981 129 1008; x_wconf 71' lang='grc' dir='ltr'>ὃς</span> <span class='ocrx_word' id='word_1_211' title='bbox 145 989 199 1009; x_wconf 86' lang='lat' dir='ltr'>reo,</span> <span class='ocrx_word' id='word_1_212' title='bbox 219 985 250 1007; x_wconf 88' lang='lat' dir='ltr'>ut</span> <span class='ocrx_word' id='word_1_213' title='bbox 264 987 296 1005; x_wconf 90' lang='lat' dir='ltr'>ex</span> <span class='ocrx_word' id='word_1_214' title='bbox 307 977 353 1006; x_wconf 87' lang='lat' dir='ltr'>illo</span> <span class='ocrx_word' id='word_1_215' title='bbox 366 986 484 1006; x_wconf 89' lang='lat' dir='ltr'>numero</span> <span class='ocrx_word' id='word_1_216' title='bbox 498 977 636 1013; x_wconf 79' lang='lat' dir='ltr'>rejiciant,</span> <span class='ocrx_word' id='word_1_217' title='bbox 656 985 723 1014; x_wconf 87' lang='lat' dir='ltr'>quos</span> <span class='ocrx_word' id='word_1_218' title='bbox 736 977 888 1015; x_wconf 77' lang='lat' dir='ltr'>putaverint</span> <span class='ocrx_word' id='word_1_219' title='bbox 900 976 947 1003; x_wconf 85' lang='lat' dir='ltr'>fibi</span> <span class='ocrx_word' id='word_1_220' title='bbox 963 984 1007 1005; x_wconf 84' lang='lat' dir='ltr'>aut</span> <span class='ocrx_word' id='word_1_221' title='bbox 1020 977 1146 1004; x_wconf 86' lang='lat' dir='ltr'>inimicos</span> <span class='ocrx_word' id='word_1_222' title='bbox 1158 996 1165 1006; x_wconf 86' lang='lat'>,</span> <span class='ocrx_word' id='word_1_223' title='bbox 1188 985 1232 1005; x_wconf 90' lang='lat' dir='ltr'>aut</span> <span class='ocrx_word' id='word_1_224' title='bbox 1247 986 1279 1005; x_wconf 91' lang='lat' dir='ltr'>ex</span> <span class='ocrx_word' id='word_1_225' title='bbox 1290 976 1374 1014; x_wconf 88' lang='lat' dir='ltr'>aliqua</span> <span class='ocrx_word' id='word_1_226' title='bbox 1387 989 1415 1006; x_wconf 91' lang='lat' dir='ltr'>re</span> <span class='ocrx_word' id='word_1_227' title='bbox 1430 979 1626 1008; x_wconf 82' lang='lat' dir='ltr'>incommodos</span> 
     </span>
     <span class='ocr_line' id='line_1_20' title="bbox 36 1013 1625 1054; baseline 0.001 -9"><span class='ocrx_word' id='word_1_228' title='bbox 36 1016 106 1046; x_wconf 83' lang='lat' dir='ltr'>fore.</span> <span class='ocrx_word' id='word_1_229' title='bbox 144 1015 286 1053; x_wconf 67' lang='lat' dir='ltr'>RejeHione</span> <span class='ocrx_word' id='word_1_230' title='bbox 298 1015 443 1048; x_wconf 85' lang='lat' dir='ltr'>celebrata,</span> <span class='ocrx_word' id='word_1_231' title='bbox 463 1017 490 1044; x_wconf 89' lang='lat' dir='ltr'>in</span> <span class='ocrx_word' id='word_1_232' title='bbox 505 1025 601 1043; x_wconf 88' lang='lat' dir='ltr'>eorum</span> <span class='ocrx_word' id='word_1_233' title='bbox 615 1015 722 1046; x_wconf 67' lang='lat' dir='ltr'>locum„</span> <span class='ocrx_word' id='word_1_234' title='bbox 744 1016 789 1052; x_wconf 90' lang='lat' dir='ltr'>qui</span> <span class='ocrx_word' id='word_1_235' title='bbox 803 1015 896 1050; x_wconf 67' lang='lat' dir='ltr'>rejetsti</span> <span class='ocrx_word' id='word_1_236' title='bbox 910 1014 1028 1047; x_wconf 83' lang='lat' dir='ltr'>fuerant,</span> <span class='ocrx_word' id='word_1_237' title='bbox 1049 1013 1254 1044; x_wconf 87' lang='lat' dir='ltr'>subsortiebatur</span> <span class='ocrx_word' id='word_1_238' title='bbox 1262 1024 1350 1049; x_wconf 70' lang='lat' dir='ltr'>prator</span> <span class='ocrx_word' id='word_1_239' title='bbox 1364 1017 1428 1045; x_wconf 86' lang='lat' dir='ltr'>alios</span> <span class='ocrx_word' id='word_1_240' title='bbox 1445 1038 1451 1048; x_wconf 92' lang='lat'><strong><em>‚</em></strong></span> <span class='ocrx_word' id='word_1_241' title='bbox 1473 1017 1567 1054; x_wconf 87' lang='lat' dir='ltr'>quibus</span> <span class='ocrx_word' id='word_1_242' title='bbox 1579 1017 1625 1046; x_wconf 87' lang='lat' dir='ltr'>ille</span> 
     </span>
     <span class='ocr_line' id='line_1_21' title="bbox 30 1053 1626 1093; baseline 0.001 -11"><span class='ocrx_word' id='word_1_243' title='bbox 30 1056 149 1090; x_wconf 82' lang='lat' dir='ltr'>judicum</span> <span class='ocrx_word' id='word_1_244' title='bbox 160 1065 280 1082; x_wconf 81' lang='lat' dir='ltr'>numerus</span> <span class='ocrx_word' id='word_1_245' title='bbox 293 1054 422 1093; x_wconf 76' lang='lat' dir='ltr'>legitimus</span> <span class='ocrx_word' id='word_1_246' title='bbox 436 1054 628 1091; x_wconf 86' lang='lat' dir='ltr'>compleretur.</span> <span class='ocrx_word' id='word_1_247' title='bbox 644 1056 671 1082; x_wconf 88' lang='lat'>&amp;</span> <span class='ocrx_word' id='word_1_248' title='bbox 691 1053 753 1081; x_wconf 88' lang='lat' dir='ltr'>alibi</span> <span class='ocrx_word' id='word_1_249' title='bbox 766 1065 771 1080; x_wconf 81' lang='lat' dir='ltr'>z</span> <span class='ocrx_word' id='word_1_250' title='bbox 792 1054 906 1082; x_wconf 83' lang='lat' dir='ltr'>Sortitus</span> <span class='ocrx_word' id='word_1_251' title='bbox 919 1063 974 1082; x_wconf 88' lang='lat' dir='ltr'>erat</span> <span class='ocrx_word' id='word_1_252' title='bbox 985 1054 1087 1090; x_wconf 86' lang='lat' dir='ltr'>judices</span> <span class='ocrx_word' id='word_1_253' title='bbox 1097 1061 1187 1087; x_wconf 69' lang='lat' dir='ltr'>prator</span> <span class='ocrx_word' id='word_1_254' title='bbox 1201 1056 1298 1081; x_wconf 86' lang='lat' dir='ltr'>Verres</span> <span class='ocrx_word' id='word_1_255' title='bbox 1312 1056 1340 1082; x_wconf 89' lang='lat' dir='ltr'>in</span> <span class='ocrx_word' id='word_1_256' title='bbox 1354 1064 1450 1083; x_wconf 89' lang='lat' dir='ltr'>eorum</span> <span class='ocrx_word' id='word_1_257' title='bbox 1461 1056 1553 1084; x_wconf 87' lang='lat' dir='ltr'>locum</span> <span class='ocrx_word' id='word_1_258' title='bbox 1569 1077 1575 1087; x_wconf 88' lang='lat'>,</span> <span class='ocrx_word' id='word_1_259' title='bbox 1595 1063 1626 1083; x_wconf 88' lang='lat' dir='ltr'>ut</span> 
     </span>
     <span class='ocr_line' id='line_1_22' title="bbox 37 1091 1625 1130; baseline 0.001 -8"><span class='ocrx_word' id='word_1_260' title='bbox 37 1103 99 1122; x_wconf 89' lang='lat' dir='ltr'>mos</span> <span class='ocrx_word' id='word_1_261' title='bbox 109 1095 158 1126; x_wconf 89' lang='lat' dir='ltr'>est,</span> <span class='ocrx_word' id='word_1_262' title='bbox 179 1093 252 1122; x_wconf 86' lang='lat' dir='ltr'>alios.</span> <span class='ocrx_word' id='word_1_263' title='bbox 293 1093 397 1130; x_wconf 85' lang='lat' dir='ltr'>Qibus</span> <span class='ocrx_word' id='word_1_264' title='bbox 411 1094 497 1121; x_wconf 84' lang='lat' dir='ltr'>verbis</span> <span class='ocrx_word' id='word_1_265' title='bbox 511 1093 625 1121; x_wconf 83' lang='lat' dir='ltr'>ostendit</span> <span class='ocrx_word' id='word_1_266' title='bbox 638 1091 706 1120; x_wconf 89' lang='lat' dir='ltr'>hanc</span> <span class='ocrx_word' id='word_1_267' title='bbox 718 1091 864 1119; x_wconf 63' lang='lat' dir='ltr'>lectionem</span> <span class='ocrx_word' id='word_1_268' title='bbox 881 1092 1027 1119; x_wconf 87' lang='lat' dir='ltr'>multarum</span> <span class='ocrx_word' id='word_1_269' title='bbox 1039 1092 1106 1119; x_wconf 86' lang='lat' dir='ltr'>adeo</span> <span class='ocrx_word' id='word_1_270' title='bbox 1121 1091 1228 1129; x_wconf 85' lang='lat' dir='ltr'>legum,</span> <span class='ocrx_word' id='word_1_271' title='bbox 1248 1101 1279 1120; x_wconf 81' lang='lat' dir='ltr'>ac</span> <span class='ocrx_word' id='word_1_272' title='bbox 1291 1093 1465 1130; x_wconf 73' lang='lat' dir='ltr'>quaestionum</span> <span class='ocrx_word' id='word_1_273' title='bbox 1482 1093 1571 1126; x_wconf 70' lang='lat' dir='ltr'>fuiffe,</span> <span class='ocrx_word' id='word_1_274' title='bbox 1593 1101 1625 1123; x_wconf 78' lang='lat' dir='ltr'>ut</span> 
     </span>
     <span class='ocr_line' id='line_1_23' title="bbox 37 1129 1625 1167; baseline 0.001 -8"><span class='ocrx_word' id='word_1_275' title='bbox 37 1141 115 1160; x_wconf 87' lang='lat' dir='ltr'>more</span> <span class='ocrx_word' id='word_1_276' title='bbox 129 1132 197 1160; x_wconf 59' lang='lat' dir='ltr'>facta</span> <span class='ocrx_word' id='word_1_277' title='bbox 209 1132 320 1159; x_wconf 88' lang='lat' dir='ltr'>dicatur.</span> <span class='ocrx_word' id='word_1_278' title='bbox 359 1132 390 1158; x_wconf 93' lang='lat' dir='ltr'>In</span> <span class='ocrx_word' id='word_1_279' title='bbox 406 1131 454 1159; x_wconf 88' lang='lat' dir='ltr'>hac</span> <span class='ocrx_word' id='word_1_280' title='bbox 466 1140 557 1160; x_wconf 89' lang='lat' dir='ltr'>tamen</span> <span class='ocrx_word' id='word_1_281' title='bbox 571 1140 599 1158; x_wconf 90' lang='lat' dir='ltr'>re</span> <span class='ocrx_word' id='word_1_282' title='bbox 613 1131 744 1158; x_wconf 85' lang='lat' dir='ltr'>variatum</span> <span class='ocrx_word' id='word_1_283' title='bbox 759 1130 810 1158; x_wconf 78' lang='lat' dir='ltr'>esse</span> <span class='ocrx_word' id='word_1_284' title='bbox 826 1132 851 1158; x_wconf 86' lang='lat' dir='ltr'>vi</span> <span class='ocrx_word' id='word_1_285' title='bbox 871 1130 961 1167; x_wconf 79' lang='lat' dir='ltr'>legum</span> <span class='ocrx_word' id='word_1_286' title='bbox 978 1151 985 1162; x_wconf 93' lang='lat'>,</span> <span class='ocrx_word' id='word_1_287' title='bbox 1006 1129 1065 1157; x_wconf 78' lang='lat' dir='ltr'>satis</span> <span class='ocrx_word' id='word_1_288' title='bbox 1079 1130 1167 1166; x_wconf 77' lang='lat' dir='ltr'>postea</span> <span class='ocrx_word' id='word_1_289' title='bbox 1179 1131 1323 1166; x_wconf 83' lang='lat' dir='ltr'>apparebit.</span> <span class='ocrx_word' id='word_1_290' title='bbox 1361 1131 1508 1166; x_wconf 61' lang='lat' dir='ltr'>Rey&#39;ediom‘a</span> <span class='ocrx_word' id='word_1_291' title='bbox 1524 1133 1625 1160; x_wconf 66' lang='lat' dir='ltr'>memi-</span> 
     </span>
     <span class='ocr_line' id='line_1_24' title="bbox 35 1167 1621 1207; baseline 0.001 -10"><span class='ocrx_word' id='word_1_292' title='bbox 35 1170 76 1198; x_wconf 90' lang='lat' dir='ltr'>nit</span> <span class='ocrx_word' id='word_1_293' title='bbox 89 1170 172 1198; x_wconf 85' lang='lat' dir='ltr'>Cicero</span> <span class='ocrx_word' id='word_1_294' title='bbox 186 1179 235 1206; x_wconf 89' lang='lat' dir='ltr'>pro</span> <span class='ocrx_word' id='word_1_295' title='bbox 250 1169 320 1205; x_wconf 75' lang='lat' dir='ltr'>Syna</span> <span class='ocrx_word' id='word_1_296' title='bbox 332 1190 339 1201; x_wconf 94' lang='lat'>,</span> <span class='ocrx_word' id='word_1_297' title='bbox 360 1171 387 1198; x_wconf 73' lang='grc' dir='ltr'>ὃ(</span> <span class='ocrx_word' id='word_1_298' title='bbox 401 1171 428 1198; x_wconf 91' lang='lat' dir='ltr'>in</span> <span class='ocrx_word' id='word_1_299' title='bbox 445 1171 522 1198; x_wconf 87' lang='lat' dir='ltr'>tertia</span> <span class='ocrx_word' id='word_1_300' title='bbox 541 1171 569 1196; x_wconf 89' lang='lat' dir='ltr'>in</span> <span class='ocrx_word' id='word_1_301' title='bbox 584 1173 709 1196; x_wconf 85' lang='lat' dir='ltr'>Verrem.</span> <span class='ocrx_word' id='word_1_302' title='bbox 748 1170 790 1196; x_wconf 88' lang='lat' dir='ltr'>De</span> <span class='ocrx_word' id='word_1_303' title='bbox 805 1169 922 1196; x_wconf 81' lang='lat' dir='ltr'>editione</span> <span class='ocrx_word' id='word_1_304' title='bbox 941 1169 1045 1196; x_wconf 78' lang='lat' dir='ltr'>mentio</span> <span class='ocrx_word' id='word_1_305' title='bbox 1063 1168 1092 1196; x_wconf 85' lang='lat' dir='ltr'>fit</span> <span class='ocrx_word' id='word_1_306' title='bbox 1109 1169 1136 1195; x_wconf 86' lang='lat' dir='ltr'>in</span> <span class='ocrx_word' id='word_1_307' title='bbox 1150 1167 1201 1205; x_wconf 81' lang='lat' dir='ltr'>lege</span> <span class='ocrx_word' id='word_1_308' title='bbox 1216 1168 1325 1196; x_wconf 74' lang='lat' dir='ltr'>Servilia</span> <span class='ocrx_word' id='word_1_309' title='bbox 1338 1169 1458 1202; x_wconf 69' lang='lat' dir='ltr'>Glaucia,</span> <span class='ocrx_word' id='word_1_310' title='bbox 1480 1179 1530 1207; x_wconf 83' lang='lat' dir='ltr'>qua</span> <span class='ocrx_word' id='word_1_311' title='bbox 1543 1170 1621 1206; x_wconf 86' lang='lat' dir='ltr'>jube-</span> 
     </span>
     <span class='ocr_line' id='line_1_25' title="bbox 35 1206 1660 1245; baseline 0.001 -9"><span class='ocrx_word' id='word_1_312' title='bbox 35 1214 92 1240; x_wconf 85' lang='lat' dir='ltr'>tur,</span> <span class='ocrx_word' id='word_1_313' title='bbox 113 1217 143 1237; x_wconf 90' lang='lat' dir='ltr'>ut</span> <span class='ocrx_word' id='word_1_314' title='bbox 155 1208 229 1236; x_wconf 62' lang='lat' dir='ltr'>adtor</span> <span class='ocrx_word' id='word_1_315' title='bbox 245 1217 277 1236; x_wconf 89' lang='lat' dir='ltr'>ex</span> <span class='ocrx_word' id='word_1_316' title='bbox 290 1217 355 1236; x_wconf 75' lang='lat' dir='ltr'>cot..</span> <span class='ocrx_word' id='word_1_317' title='bbox 367 1207 499 1244; x_wconf 85' lang='lat' dir='ltr'>judicibus</span> <span class='ocrx_word' id='word_1_318' title='bbox 513 1215 624 1235; x_wconf 86' lang='lat' dir='ltr'>centum</span> <span class='ocrx_word' id='word_1_319' title='bbox 637 1207 711 1239; x_wconf 83' lang='lat' dir='ltr'>edat,</span> <span class='ocrx_word' id='word_1_320' title='bbox 731 1217 791 1235; x_wconf 85' lang='lat' dir='ltr'>reus</span> <span class='ocrx_word' id='word_1_321' title='bbox 805 1217 838 1236; x_wconf 79' lang='lat' dir='ltr'>ex</span> <span class='ocrx_word' id='word_1_322' title='bbox 852 1215 960 1236; x_wconf 67' lang='lat' dir='ltr'>centum</span> <span class='ocrx_word' id='word_1_323' title='bbox 974 1207 1035 1235; x_wconf 80' lang='lat' dir='ltr'>edat</span> <span class='ocrx_word' id='word_1_324' title='bbox 1049 1207 1254 1244; x_wconf 80' lang='lat' dir='ltr'>quinquaginta,</span> <span class='ocrx_word' id='word_1_325' title='bbox 1275 1206 1351 1236; x_wconf 81' lang='lat' dir='ltr'>ficuti</span> <span class='ocrx_word' id='word_1_326' title='bbox 1364 1208 1419 1237; x_wconf 90' lang='lat' dir='ltr'>alio</span> <span class='ocrx_word' id='word_1_327' title='bbox 1429 1208 1493 1237; x_wconf 88' lang='lat' dir='ltr'>loco</span> <span class='ocrx_word' id='word_1_328' title='bbox 1509 1217 1539 1240; x_wconf 85' lang='lat' dir='ltr'>ea</span> <span class='ocrx_word' id='word_1_329' title='bbox 1551 1210 1621 1245; x_wconf 51' lang='lat' dir='ltr'>reci-g</span> <span class='ocrx_word' id='word_1_330' title='bbox 1656 1226 1660 1228; x_wconf 61' lang='lat'>&gt;</span> 
     </span>
    </p>
   </div>
   <div class='ocr_carea' id='block_1_9' title="bbox 36 1247 879 1318">
    <p class='ocr_par' dir='ltr' id='par_1_9' title="bbox 36 1247 879 1318">
     <span class='ocr_line' id='line_1_26' title="bbox 36 1247 148 1275; baseline 0.009 -1"><span class='ocrx_word' id='word_1_331' title='bbox 36 1252 90 1274; x_wconf 88' lang='lat' dir='ltr'>tata</span> <span class='ocrx_word' id='word_1_332' title='bbox 103 1247 148 1275; x_wconf 89' lang='lat' dir='ltr'>est.</span> 
     </span>
     <span class='ocr_line' id='line_1_27' title="bbox 758 1283 879 1318; baseline -0.017 0"><span class='ocrx_word' id='word_1_333' title='bbox 758 1283 879 1318; x_wconf 86' lang='lat' dir='ltr'>Editio.</span> 
     </span>
    </p>
   </div>
   <div class='ocr_carea' id='block_1_10' title="bbox 32 1344 1623 1763">
    <p class='ocr_par' dir='ltr' id='par_1_10' title="bbox 37 1344 1622 1423">
     <span class='ocr_line' id='line_1_28' title="bbox 76 1344 1622 1383; baseline 0.004 -12"><span class='ocrx_word' id='word_1_334' title='bbox 76 1344 180 1372; x_wconf 87' lang='lat' dir='ltr'>Eadem</span> <span class='ocrx_word' id='word_1_335' title='bbox 195 1346 298 1374; x_wconf 80' lang='lat' dir='ltr'>ratione</span> <span class='ocrx_word' id='word_1_336' title='bbox 311 1345 353 1372; x_wconf 81' lang='lat' dir='ltr'>lex</span> <span class='ocrx_word' id='word_1_337' title='bbox 365 1344 464 1373; x_wconf 75' lang='lat' dir='ltr'>Licinia</span> <span class='ocrx_word' id='word_1_338' title='bbox 477 1346 510 1374; x_wconf 88' lang='lat' dir='ltr'>de</span> <span class='ocrx_word' id='word_1_339' title='bbox 529 1345 653 1374; x_wconf 84' lang='lat' dir='ltr'>sodalitiis</span> <span class='ocrx_word' id='word_1_340' title='bbox 666 1345 827 1382; x_wconf 85' lang='lat' dir='ltr'>potestatem</span> <span class='ocrx_word' id='word_1_341' title='bbox 847 1345 921 1373; x_wconf 83' lang='lat' dir='ltr'>dedit</span> <span class='ocrx_word' id='word_1_342' title='bbox 937 1345 1081 1375; x_wconf 84' lang='lat' dir='ltr'>accusatori</span> <span class='ocrx_word' id='word_1_343' title='bbox 1095 1345 1191 1374; x_wconf 81' lang='lat' dir='ltr'>edendi</span> <span class='ocrx_word' id='word_1_344' title='bbox 1203 1345 1307 1383; x_wconf 83' lang='lat' dir='ltr'>judices</span> <span class='ocrx_word' id='word_1_345' title='bbox 1321 1355 1368 1374; x_wconf 87' lang='lat' dir='ltr'>reo</span> <span class='ocrx_word' id='word_1_346' title='bbox 1381 1367 1389 1378; x_wconf 90' lang='lat'>,</span> <span class='ocrx_word' id='word_1_347' title='bbox 1411 1355 1506 1375; x_wconf 87' lang='lat' dir='ltr'>verum</span> <span class='ocrx_word' id='word_1_348' title='bbox 1521 1356 1577 1376; x_wconf 88' lang='lat' dir='ltr'>non</span> <span class='ocrx_word' id='word_1_349' title='bbox 1589 1345 1622 1377; x_wconf 67' lang='lat' dir='ltr'>ei</span> 
     </span>
     <span class='ocr_line' id='line_1_29' title="bbox 37 1381 1582 1423; baseline 0.003 -14"><span class='ocrx_word' id='word_1_350' title='bbox 37 1381 146 1411; x_wconf 67' lang='lat' dir='ltr'>delestis</span> <span class='ocrx_word' id='word_1_351' title='bbox 158 1384 189 1411; x_wconf 90' lang='lat' dir='ltr'>ad</span> <span class='ocrx_word' id='word_1_352' title='bbox 203 1384 378 1420; x_wconf 86' lang='lat' dir='ltr'>judicandum</span> <span class='ocrx_word' id='word_1_353' title='bbox 388 1405 396 1416; x_wconf 91' lang='lat'>,</span> <span class='ocrx_word' id='word_1_354' title='bbox 416 1384 459 1412; x_wconf 83' lang='lat' dir='ltr'>sed</span> <span class='ocrx_word' id='word_1_355' title='bbox 475 1394 505 1411; x_wconf 87' lang='lat' dir='ltr'>ex</span> <span class='ocrx_word' id='word_1_356' title='bbox 520 1383 644 1413; x_wconf 87' lang='lat' dir='ltr'>universo</span> <span class='ocrx_word' id='word_1_357' title='bbox 657 1383 766 1422; x_wconf 86' lang='lat' dir='ltr'>populo.</span> <span class='ocrx_word' id='word_1_358' title='bbox 787 1385 847 1421; x_wconf 84' lang='lat' dir='ltr'>Qa</span> <span class='ocrx_word' id='word_1_359' title='bbox 861 1384 894 1412; x_wconf 90' lang='lat' dir='ltr'>de</span> <span class='ocrx_word' id='word_1_360' title='bbox 908 1393 936 1411; x_wconf 87' lang='lat' dir='ltr'>re</span> <span class='ocrx_word' id='word_1_361' title='bbox 948 1385 1102 1421; x_wconf 81' lang='lat' dir='ltr'>gravissime</span> <span class='ocrx_word' id='word_1_362' title='bbox 1115 1385 1289 1422; x_wconf 83' lang='lat' dir='ltr'>conqueritur</span> <span class='ocrx_word' id='word_1_363' title='bbox 1302 1384 1388 1412; x_wconf 78' lang='lat' dir='ltr'>Cicero</span> <span class='ocrx_word' id='word_1_364' title='bbox 1401 1395 1452 1423; x_wconf 90' lang='lat' dir='ltr'>pro</span> <span class='ocrx_word' id='word_1_365' title='bbox 1467 1385 1582 1414; x_wconf 81' lang='lat' dir='ltr'>Plancio.</span> 
     </span>
    </p>

    <p class='ocr_par' dir='ltr' id='par_1_11' title="bbox 32 1421 1623 1763">
     <span class='ocr_line' id='line_1_30' title="bbox 75 1421 1622 1460; baseline 0.003 -12"><span class='ocrx_word' id='word_1_366' title='bbox 75 1423 134 1448; x_wconf 90' lang='lat' dir='ltr'>Hac</span> <span class='ocrx_word' id='word_1_367' title='bbox 151 1430 181 1448; x_wconf 86' lang='lat' dir='ltr'>re</span> <span class='ocrx_word' id='word_1_368' title='bbox 193 1421 333 1454; x_wconf 68' lang='lat' dir='ltr'>traniae&#39;ta,</span> <span class='ocrx_word' id='word_1_369' title='bbox 347 1422 445 1457; x_wconf 84' lang='lat' dir='ltr'>judices</span> <span class='ocrx_word' id='word_1_370' title='bbox 457 1422 515 1450; x_wconf 69' lang='grc' dir='ltr'><em>Ιεὲΐὶ</em></span> <span class='ocrx_word' id='word_1_371' title='bbox 527 1422 687 1453; x_wconf 74' lang='lat' dir='ltr'>citabantur,</span> <span class='ocrx_word' id='word_1_372' title='bbox 709 1423 807 1460; x_wconf 88' lang='lat' dir='ltr'>quique</span> <span class='ocrx_word' id='word_1_373' title='bbox 820 1422 905 1450; x_wconf 75' lang='lat' dir='ltr'>adess&#39;e</span> <span class='ocrx_word' id='word_1_374' title='bbox 915 1431 970 1450; x_wconf 88' lang='lat' dir='ltr'>non</span> <span class='ocrx_word' id='word_1_375' title='bbox 983 1431 1102 1458; x_wconf 84' lang='lat' dir='ltr'>poterat,</span> <span class='ocrx_word' id='word_1_376' title='bbox 1123 1422 1320 1451; x_wconf 73' lang='lat' dir='ltr'>excusationem</span> <span class='ocrx_word' id='word_1_377' title='bbox 1335 1422 1474 1455; x_wconf 82' lang='lat' dir='ltr'>afferebat,</span> <span class='ocrx_word' id='word_1_378' title='bbox 1496 1424 1579 1451; x_wconf 73' lang='lat' dir='ltr'>Cicero</span> <span class='ocrx_word' id='word_1_379' title='bbox 1592 1425 1622 1452; x_wconf 85' lang='lat' dir='ltr'>in</span> 
     </span>
     <span class='ocr_line' id='line_1_31' title="bbox 33 1458 1621 1499; baseline 0.003 -14"><span class='ocrx_word' id='word_1_380' title='bbox 33 1470 62 1496; x_wconf 90' lang='lat'>5.</span> <span class='ocrx_word' id='word_1_381' title='bbox 76 1458 230 1496; x_wconf 82' lang='lat' dir='ltr'>Philippica.</span> <span class='ocrx_word' id='word_1_382' title='bbox 252 1461 308 1496; x_wconf 83' lang='lat' dir='ltr'>Qi</span> <span class='ocrx_word' id='word_1_383' title='bbox 322 1470 387 1488; x_wconf 91' lang='lat' dir='ltr'>vero</span> <span class='ocrx_word' id='word_1_384' title='bbox 401 1460 574 1492; x_wconf 82' lang='lat' dir='ltr'>accedebant,</span> <span class='ocrx_word' id='word_1_385' title='bbox 596 1462 622 1488; x_wconf 85' lang='lat'>&amp;</span> <span class='ocrx_word' id='word_1_386' title='bbox 632 1461 763 1496; x_wconf 79' lang='lat' dir='ltr'>judicium</span> <span class='ocrx_word' id='word_1_387' title='bbox 780 1460 944 1497; x_wconf 86' lang='lat' dir='ltr'>accipiebant</span> <span class='ocrx_word' id='word_1_388' title='bbox 957 1481 966 1491; x_wconf 89' lang='lat'><em>‚</em></span> <span class='ocrx_word' id='word_1_389' title='bbox 986 1461 1003 1488; x_wconf 92' lang='lat' dir='ltr'>ii</span> <span class='ocrx_word' id='word_1_390' title='bbox 1016 1461 1203 1497; x_wconf 77' lang='lat' dir='ltr'>jusjurandum</span> <span class='ocrx_word' id='word_1_391' title='bbox 1218 1460 1391 1497; x_wconf 83' lang='lat' dir='ltr'>suscipiebant</span> <span class='ocrx_word' id='word_1_392' title='bbox 1405 1483 1412 1493; x_wconf 93' lang='lat'>‚</span> <span class='ocrx_word' id='word_1_393' title='bbox 1432 1471 1512 1499; x_wconf 85' lang='lat' dir='ltr'>atque</span> <span class='ocrx_word' id='word_1_394' title='bbox 1525 1472 1621 1490; x_wconf 86' lang='lat' dir='ltr'>eorum</span> 
     </span>
     <span class='ocr_line' id='line_1_32' title="bbox 35 1497 1623 1537; baseline 0.002 -13"><span class='ocrx_word' id='word_1_395' title='bbox 35 1497 148 1525; x_wconf 86' lang='lat' dir='ltr'>nomina</span> <span class='ocrx_word' id='word_1_396' title='bbox 160 1498 284 1534; x_wconf 87' lang='lat' dir='ltr'>inscripta</span> <span class='ocrx_word' id='word_1_397' title='bbox 298 1499 325 1526; x_wconf 84' lang='lat' dir='ltr'>in</span> <span class='ocrx_word' id='word_1_398' title='bbox 338 1499 406 1526; x_wconf 85' lang='lat' dir='ltr'>arcis</span> <span class='ocrx_word' id='word_1_399' title='bbox 417 1498 622 1534; x_wconf 85' lang='lat' dir='ltr'>reponebantur.</span> <span class='ocrx_word' id='word_1_400' title='bbox 642 1499 722 1526; x_wconf 89' lang='lat' dir='ltr'>Unde</span> <span class='ocrx_word' id='word_1_401' title='bbox 734 1498 833 1534; x_wconf 82' lang='lat' dir='ltr'>scripfit</span> <span class='ocrx_word' id='word_1_402' title='bbox 848 1497 984 1533; x_wconf 74' lang='lat' dir='ltr'>Asconim:</span> <span class='ocrx_word' id='word_1_403' title='bbox 1007 1498 1204 1534; x_wconf 78' lang='lat' dir='ltr'>Substriptione</span> <span class='ocrx_word' id='word_1_404' title='bbox 1216 1498 1334 1534; x_wconf 60' lang='lat' dir='ltr'>perfecta</span> <span class='ocrx_word' id='word_1_405' title='bbox 1349 1520 1355 1530; x_wconf 89' lang='lat'><strong>‚</strong></span> <span class='ocrx_word' id='word_1_406' title='bbox 1374 1500 1498 1535; x_wconf 67' lang='lat' dir='ltr'>jurabant</span> <span class='ocrx_word' id='word_1_407' title='bbox 1512 1501 1539 1527; x_wconf 91' lang='lat' dir='ltr'>in</span> <span class='ocrx_word' id='word_1_408' title='bbox 1549 1499 1623 1537; x_wconf 87' lang='lat' dir='ltr'>leges</span> 
     </span>
     <span class='ocr_line' id='line_1_33' title="bbox 34 1535 1620 1573; baseline 0.001 -10"><span class='ocrx_word' id='word_1_409' title='bbox 34 1536 151 1571; x_wconf 85' lang='lat' dir='ltr'>judices,</span> <span class='ocrx_word' id='word_1_410' title='bbox 171 1544 200 1564; x_wconf 89' lang='lat' dir='ltr'>ut</span> <span class='ocrx_word' id='word_1_411' title='bbox 213 1536 330 1564; x_wconf 68' lang='lat' dir='ltr'>obstrieti</span> <span class='ocrx_word' id='word_1_412' title='bbox 345 1535 475 1572; x_wconf 86' lang='lat' dir='ltr'>religione</span> <span class='ocrx_word' id='word_1_413' title='bbox 486 1537 645 1573; x_wconf 84' lang='lat' dir='ltr'>judicarent.</span> <span class='ocrx_word' id='word_1_414' title='bbox 666 1537 677 1570; x_wconf 81' lang='lat'><em>&lt;</em></span> <span class='ocrx_word' id='word_1_415' title='bbox 688 1537 719 1562; x_wconf 92' lang='lat' dir='ltr'>In</span> <span class='ocrx_word' id='word_1_416' title='bbox 734 1535 892 1563; x_wconf 72' lang='lat' dir='ltr'>divinatione</span> <span class='ocrx_word' id='word_1_417' title='bbox 907 1546 971 1564; x_wconf 83' lang='lat' dir='ltr'>vero</span> <span class='ocrx_word' id='word_1_418' title='bbox 982 1546 1037 1563; x_wconf 92' lang='lat' dir='ltr'>non</span> <span class='ocrx_word' id='word_1_419' title='bbox 1050 1536 1187 1570; x_wconf 87' lang='lat' dir='ltr'>jurabant,</span> <span class='ocrx_word' id='word_1_420' title='bbox 1209 1537 1307 1563; x_wconf 89' lang='lat' dir='ltr'>eodem</span> <span class='ocrx_word' id='word_1_421' title='bbox 1322 1536 1420 1571; x_wconf 78' lang='lat' dir='ltr'>Astonio</span> <span class='ocrx_word' id='word_1_422' title='bbox 1434 1538 1526 1572; x_wconf 84' lang='lat' dir='ltr'>teste.)</span> <span class='ocrx_word' id='word_1_423' title='bbox 1547 1538 1620 1565; x_wconf 89' lang='lat' dir='ltr'>Cum</span> 
     </span>
     <span class='ocr_line' id='line_1_34' title="bbox 34 1573 1621 1612; baseline 0.002 -12"><span class='ocrx_word' id='word_1_424' title='bbox 34 1573 160 1610; x_wconf 78' lang='lat' dir='ltr'>jurassent</span> <span class='ocrx_word' id='word_1_425' title='bbox 173 1584 269 1602; x_wconf 88' lang='lat' dir='ltr'>omnes</span> <span class='ocrx_word' id='word_1_426' title='bbox 279 1582 374 1610; x_wconf 84' lang='lat' dir='ltr'>praeter</span> <span class='ocrx_word' id='word_1_427' title='bbox 388 1573 474 1610; x_wconf 87' lang='lat' dir='ltr'>ipsum</span> <span class='ocrx_word' id='word_1_428' title='bbox 485 1583 629 1609; x_wconf 64' lang='lat' dir='ltr'>praetorem,</span> <span class='ocrx_word' id='word_1_429' title='bbox 650 1576 762 1602; x_wconf 87' lang='lat' dir='ltr'>nomina</span> <span class='ocrx_word' id='word_1_430' title='bbox 775 1584 870 1602; x_wconf 86' lang='lat' dir='ltr'>eorum</span> <span class='ocrx_word' id='word_1_431' title='bbox 884 1574 977 1602; x_wconf 83' lang='lat' dir='ltr'>libellis</span> <span class='ocrx_word' id='word_1_432' title='bbox 989 1574 1211 1612; x_wconf 79' lang='lat' dir='ltr'>consignabantur</span> <span class='ocrx_word' id='word_1_433' title='bbox 1221 1594 1229 1605; x_wconf 88' lang='lat'><em>‚</em></span> <span class='ocrx_word' id='word_1_434' title='bbox 1248 1584 1282 1602; x_wconf 88' lang='lat' dir='ltr'>ne</span> <span class='ocrx_word' id='word_1_435' title='bbox 1295 1583 1346 1611; x_wconf 91' lang='lat' dir='ltr'>pro</span> <span class='ocrx_word' id='word_1_436' title='bbox 1360 1574 1459 1603; x_wconf 65' lang='lat' dir='ltr'>selectis</span> <span class='ocrx_word' id='word_1_437' title='bbox 1472 1575 1621 1612; x_wconf 85' lang='lat' dir='ltr'>judicibus,</span> 
     </span>
     <span class='ocr_line' id='line_1_35' title="bbox 35 1611 1619 1651; baseline 0.003 -13"><span class='ocrx_word' id='word_1_438' title='bbox 35 1619 66 1638; x_wconf 89' lang='lat' dir='ltr'>ut</span> <span class='ocrx_word' id='word_1_439' title='bbox 78 1611 109 1639; x_wconf 86' lang='lat' dir='ltr'>fit</span> <span class='ocrx_word' id='word_1_440' title='bbox 125 1611 153 1637; x_wconf 91' lang='lat' dir='ltr'>in</span> <span class='ocrx_word' id='word_1_441' title='bbox 169 1611 339 1640; x_wconf 87' lang='lat' dir='ltr'>multitudine</span> <span class='ocrx_word' id='word_1_442' title='bbox 352 1633 359 1643; x_wconf 96' lang='lat'><em>‚</em></span> <span class='ocrx_word' id='word_1_443' title='bbox 379 1612 459 1648; x_wconf 83' lang='lat' dir='ltr'>aliqui</span> <span class='ocrx_word' id='word_1_444' title='bbox 472 1611 598 1648; x_wconf 79' lang='lat' dir='ltr'>suppositi</span> <span class='ocrx_word' id='word_1_445' title='bbox 611 1613 809 1648; x_wconf 84' lang='lat' dir='ltr'>corruptiffirne</span> <span class='ocrx_word' id='word_1_446' title='bbox 821 1613 984 1648; x_wconf 74' lang='lat' dir='ltr'>judicarent.</span> <span class='ocrx_word' id='word_1_447' title='bbox 1018 1613 1100 1641; x_wconf 85' lang='lat' dir='ltr'>Addit</span> <span class='ocrx_word' id='word_1_448' title='bbox 1114 1622 1179 1640; x_wconf 86' lang='lat' dir='ltr'>vero</span> <span class='ocrx_word' id='word_1_449' title='bbox 1191 1612 1253 1640; x_wconf 82' lang='lat' dir='ltr'>alibi</span> <span class='ocrx_word' id='word_1_450' title='bbox 1266 1624 1272 1640; x_wconf 80' lang='lat' dir='ltr'><em>z</em></span> <span class='ocrx_word' id='word_1_451' title='bbox 1300 1612 1386 1641; x_wconf 81' lang='lat' dir='ltr'>Facile</span> <span class='ocrx_word' id='word_1_452' title='bbox 1406 1623 1470 1641; x_wconf 81' lang='lat' dir='ltr'>vero</span> <span class='ocrx_word' id='word_1_453' title='bbox 1484 1623 1535 1651; x_wconf 87' lang='lat' dir='ltr'>pro</span> <span class='ocrx_word' id='word_1_454' title='bbox 1550 1616 1619 1642; x_wconf 83' lang='lat' dir='ltr'>veris</span> 
     </span>
     <span class='ocr_line' id='line_1_36' title="bbox 32 1647 1620 1688; baseline 0.002 -13"><span class='ocrx_word' id='word_1_455' title='bbox 32 1647 166 1684; x_wconf 79' lang='lat' dir='ltr'>judicibus</span> <span class='ocrx_word' id='word_1_456' title='bbox 180 1649 298 1685; x_wconf 86' lang='lat' dir='ltr'>improbi</span> <span class='ocrx_word' id='word_1_457' title='bbox 311 1649 422 1686; x_wconf 87' lang='lat' dir='ltr'>supponi</span> <span class='ocrx_word' id='word_1_458' title='bbox 436 1657 575 1684; x_wconf 80' lang='lat' dir='ltr'>poterant,</span> <span class='ocrx_word' id='word_1_459' title='bbox 596 1649 704 1678; x_wconf 86' lang='lat' dir='ltr'>volente</span> <span class='ocrx_word' id='word_1_460' title='bbox 720 1650 771 1678; x_wconf 91' lang='lat' dir='ltr'>hoc</span> <span class='ocrx_word' id='word_1_461' title='bbox 785 1651 873 1687; x_wconf 79' lang='lat' dir='ltr'>judice</span> <span class='ocrx_word' id='word_1_462' title='bbox 886 1651 1049 1688; x_wconf 66' lang='lat' dir='ltr'>quaestionis,</span> <span class='ocrx_word' id='word_1_463' title='bbox 1072 1653 1098 1679; x_wconf 89' lang='lat'>&amp;</span> <span class='ocrx_word' id='word_1_464' title='bbox 1111 1650 1160 1679; x_wconf 88' lang='lat' dir='ltr'>illis</span> <span class='ocrx_word' id='word_1_465' title='bbox 1174 1650 1348 1687; x_wconf 85' lang='lat' dir='ltr'>patientibus,</span> <span class='ocrx_word' id='word_1_466' title='bbox 1369 1651 1415 1688; x_wconf 89' lang='lat' dir='ltr'>qui</span> <span class='ocrx_word' id='word_1_467' title='bbox 1428 1662 1476 1678; x_wconf 78' lang='lat' dir='ltr'>non</span> <span class='ocrx_word' id='word_1_468' title='bbox 1487 1651 1620 1686; x_wconf 67' lang='lat' dir='ltr'>verijudt-</span> 
     </span>
     <span class='ocr_line' id='line_1_37' title="bbox 32 1687 1618 1727; baseline 0.003 -15"><span class='ocrx_word' id='word_1_469' title='bbox 32 1696 69 1713; x_wconf 83' lang='lat' dir='ltr'>ces</span> <span class='ocrx_word' id='word_1_470' title='bbox 82 1694 172 1714; x_wconf 80' lang='lat' dir='ltr'>erant:</span> <span class='ocrx_word' id='word_1_471' title='bbox 194 1687 254 1724; x_wconf 82' lang='lat' dir='ltr'>quia</span> <span class='ocrx_word' id='word_1_472' title='bbox 266 1687 314 1715; x_wconf 79' lang='lat' dir='ltr'>nisi</span> <span class='ocrx_word' id='word_1_473' title='bbox 329 1688 402 1715; x_wconf 88' lang='lat' dir='ltr'>citati</span> <span class='ocrx_word' id='word_1_474' title='bbox 415 1697 470 1714; x_wconf 90' lang='lat' dir='ltr'>non</span> <span class='ocrx_word' id='word_1_475' title='bbox 486 1687 669 1719; x_wconf 83' lang='lat' dir='ltr'>confidebant,</span> <span class='ocrx_word' id='word_1_476' title='bbox 693 1689 719 1716; x_wconf 81' lang='lat'>&amp;</span> <span class='ocrx_word' id='word_1_477' title='bbox 733 1697 814 1725; x_wconf 85' lang='lat' dir='ltr'>grave</span> <span class='ocrx_word' id='word_1_478' title='bbox 828 1698 895 1716; x_wconf 83' lang='lat' dir='ltr'>onus</span> <span class='ocrx_word' id='word_1_479' title='bbox 908 1697 963 1716; x_wconf 82' lang='lat' dir='ltr'>erat</span> <span class='ocrx_word' id='word_1_480' title='bbox 978 1710 984 1720; x_wconf 90' lang='lat'>,</span> <span class='ocrx_word' id='word_1_481' title='bbox 1006 1691 1032 1717; x_wconf 63' lang='grc' dir='ltr'>ὃς</span> <span class='ocrx_word' id='word_1_482' title='bbox 1047 1690 1273 1722; x_wconf 82' lang='lat' dir='ltr'>incommodum,</span> <span class='ocrx_word' id='word_1_483' title='bbox 1291 1689 1418 1726; x_wconf 85' lang='lat' dir='ltr'>judicare.</span> <span class='ocrx_word' id='word_1_484' title='bbox 1458 1690 1558 1727; x_wconf 75' lang='lat' dir='ltr'>Jurasse</span> <span class='ocrx_word' id='word_1_485' title='bbox 1572 1698 1618 1717; x_wconf 83' lang='lat' dir='ltr'>au-</span> 
     </span>
     <span class='ocr_line' id='line_1_38' title="bbox 33 1725 1118 1763; baseline 0.001 -10"><span class='ocrx_word' id='word_1_486' title='bbox 33 1732 92 1754; x_wconf 86' lang='lat' dir='ltr'>tem</span> <span class='ocrx_word' id='word_1_487' title='bbox 106 1734 139 1752; x_wconf 91' lang='lat' dir='ltr'>eo</span> <span class='ocrx_word' id='word_1_488' title='bbox 154 1726 253 1758; x_wconf 87' lang='lat' dir='ltr'>modo,</span> <span class='ocrx_word' id='word_1_489' title='bbox 275 1735 330 1763; x_wconf 91' lang='lat' dir='ltr'>quo</span> <span class='ocrx_word' id='word_1_490' title='bbox 344 1726 445 1762; x_wconf 83' lang='lat' dir='ltr'>judices</span> <span class='ocrx_word' id='word_1_491' title='bbox 458 1726 623 1762; x_wconf 82' lang='lat' dir='ltr'>privatarum</span> <span class='ocrx_word' id='word_1_492' title='bbox 637 1725 772 1754; x_wconf 86' lang='lat' dir='ltr'>causarum</span> <span class='ocrx_word' id='word_1_493' title='bbox 782 1747 789 1758; x_wconf 87' lang='lat'>‚</span> <span class='ocrx_word' id='word_1_494' title='bbox 810 1725 885 1754; x_wconf 86' lang='lat' dir='ltr'>facile</span> <span class='ocrx_word' id='word_1_495' title='bbox 902 1728 1118 1755; x_wconf 81' lang='lat' dir='ltr'>existimaverim.</span> 
     </span>
    </p>
   </div>
   <div class='ocr_carea' id='block_1_11' title="bbox 1794 654 1807 675">
    <p class='ocr_par' dir='ltr' id='par_1_12' title="bbox 1794 654 1807 675">
     <span class='ocr_line' id='line_1_39' title="bbox 1794 654 1807 675; baseline 0 0"><span class='ocrx_word' id='word_1_496' title='bbox 1794 654 1807 675; x_wconf 63' lang='lat'><em>7</em></span> 
     </span>
    </p>
   </div>
   <div class='ocr_carea' id='block_1_12' title="bbox 344 1803 1304 1911">
    <p class='ocr_par' dir='ltr' id='par_1_13' title="bbox 344 1803 1304 1911">
     <span class='ocr_line' id='line_1_40' title="bbox 695 1803 951 1832; baseline 0.004 -3"><span class='ocrx_word' id='word_1_497' title='bbox 695 1803 719 1829; x_wconf 87' lang='lat' dir='ltr'>C</span> <span class='ocrx_word' id='word_1_498' title='bbox 745 1813 762 1830; x_wconf 78' lang='grc' dir='ltr'><strong>Α</strong></span> <span class='ocrx_word' id='word_1_499' title='bbox 789 1813 815 1830; x_wconf 71' lang='grc' dir='ltr'>Γ.</span> <span class='ocrx_word' id='word_1_500' title='bbox 862 1804 951 1832; x_wconf 79' lang='lat' dir='ltr'>XXI.</span> 
     </span>
     <span class='ocr_line' id='line_1_41' title="bbox 344 1862 1304 1911; baseline 0.003 -16"><span class='ocrx_word' id='word_1_501' title='bbox 344 1862 400 1896; x_wconf 88' lang='lat' dir='ltr'>De</span> <span class='ocrx_word' id='word_1_502' title='bbox 418 1864 522 1910; x_wconf 84' lang='lat' dir='ltr'>prima</span> <span class='ocrx_word' id='word_1_503' title='bbox 539 1862 675 1905; x_wconf 61' lang='lat' dir='ltr'>affione,</span> <span class='ocrx_word' id='word_1_504' title='bbox 700 1862 922 1911; x_wconf 81' lang='lat' dir='ltr'>quaestionibus‚</span> <span class='ocrx_word' id='word_1_505' title='bbox 949 1863 1088 1910; x_wconf 73' lang='lat' dir='ltr'>tessibus,</span> <span class='ocrx_word' id='word_1_506' title='bbox 1115 1871 1162 1900; x_wconf 62' lang='grc' dir='ltr'>(φ’</span> <span class='ocrx_word' id='word_1_507' title='bbox 1179 1864 1304 1899; x_wconf 81' lang='lat' dir='ltr'>tabulis.</span> 
     </span>
    </p>
   </div>
   <div class='ocr_carea' id='block_1_13' title="bbox 29 1940 1637 2403">
    <p class='ocr_par' dir='ltr' id='par_1_14' title="bbox 31 1940 1617 2131">
     <span class='ocr_line' id='line_1_42' title="bbox 34 1940 1616 2003; baseline 0.005 -35"><span class='ocrx_word' id='word_1_508' title='bbox 34 1940 134 2003; x_wconf 87' lang='lat' dir='ltr'>His</span> <span class='ocrx_word' id='word_1_509' title='bbox 147 1941 212 1968; x_wconf 65' lang='lat' dir='ltr'>actis</span> <span class='ocrx_word' id='word_1_510' title='bbox 226 1942 289 1970; x_wconf 88' lang='lat' dir='ltr'>inde</span> <span class='ocrx_word' id='word_1_511' title='bbox 303 1941 494 1979; x_wconf 69' lang='lat' dir='ltr'>cognoscendae</span> <span class='ocrx_word' id='word_1_512' title='bbox 509 1941 590 1970; x_wconf 87' lang='lat' dir='ltr'>causae</span> <span class='ocrx_word' id='word_1_513' title='bbox 604 1951 686 1978; x_wconf 88' lang='lat' dir='ltr'>opera</span> <span class='ocrx_word' id='word_1_514' title='bbox 698 1943 754 1970; x_wconf 87' lang='lat' dir='ltr'>dari</span> <span class='ocrx_word' id='word_1_515' title='bbox 768 1944 804 1970; x_wconf 87' lang='lat' dir='ltr'>est</span> <span class='ocrx_word' id='word_1_516' title='bbox 822 1951 919 1979; x_wconf 67' lang='lat' dir='ltr'>coepta.</span> <span class='ocrx_word' id='word_1_517' title='bbox 960 1943 1073 1980; x_wconf 75' lang='lat' dir='ltr'>cognitio</span> <span class='ocrx_word' id='word_1_518' title='bbox 1086 1953 1151 1971; x_wconf 89' lang='lat' dir='ltr'>vero</span> <span class='ocrx_word' id='word_1_519' title='bbox 1165 1944 1253 1971; x_wconf 89' lang='lat' dir='ltr'>ferme</span> <span class='ocrx_word' id='word_1_520' title='bbox 1265 1945 1355 1972; x_wconf 87' lang='lat' dir='ltr'>omnis</span> <span class='ocrx_word' id='word_1_521' title='bbox 1375 1945 1401 1972; x_wconf 89' lang='lat' dir='ltr'>in</span> <span class='ocrx_word' id='word_1_522' title='bbox 1418 1943 1479 1972; x_wconf 85' lang='lat' dir='ltr'>duas</span> <span class='ocrx_word' id='word_1_523' title='bbox 1494 1940 1616 1976; x_wconf 55' lang='lat' dir='ltr'>actioni-js</span> 
     </span>
     <span class='ocr_line' id='line_1_43' title="bbox 130 1979 1617 2018; baseline 0.005 -12"><span class='ocrx_word' id='word_1_524' title='bbox 130 1979 212 2007; x_wconf 82' lang='lat' dir='ltr'>divisa</span> <span class='ocrx_word' id='word_1_525' title='bbox 225 1980 286 2011; x_wconf 84' lang='lat' dir='ltr'>fuit.</span> <span class='ocrx_word' id='word_1_526' title='bbox 307 1982 424 2016; x_wconf 84' lang='lat' dir='ltr'>primam</span> <span class='ocrx_word' id='word_1_527' title='bbox 441 1983 467 2008; x_wconf 58' lang='grc' dir='ltr'>ἃ</span> <span class='ocrx_word' id='word_1_528' title='bbox 480 1979 621 2007; x_wconf 84' lang='lat' dir='ltr'>secundam</span> <span class='ocrx_word' id='word_1_529' title='bbox 635 2000 642 2010; x_wconf 89' lang='lat'>‚</span> <span class='ocrx_word' id='word_1_530' title='bbox 664 1990 778 2017; x_wconf 85' lang='lat' dir='ltr'>quarum</span> <span class='ocrx_word' id='word_1_531' title='bbox 794 1981 907 2008; x_wconf 87' lang='lat' dir='ltr'>secunda</span> <span class='ocrx_word' id='word_1_532' title='bbox 921 1981 934 2007; x_wconf 74' lang='lat' dir='ltr'>a</span> <span class='ocrx_word' id='word_1_533' title='bbox 949 1983 1233 2016; x_wconf 85' lang='lat' dir='ltr'>comperendinatione</span> <span class='ocrx_word' id='word_1_534' title='bbox 1250 1983 1369 2010; x_wconf 76' lang='lat' dir='ltr'>manavit</span> <span class='ocrx_word' id='word_1_535' title='bbox 1382 1983 1410 2010; x_wconf 91' lang='lat' dir='ltr'>in</span> <span class='ocrx_word' id='word_1_536' title='bbox 1425 1984 1455 2011; x_wconf 89' lang='lat' dir='ltr'>iis</span> <span class='ocrx_word' id='word_1_537' title='bbox 1472 1986 1566 2018; x_wconf 80' lang='lat' dir='ltr'>caulis,</span> <span class='ocrx_word' id='word_1_538' title='bbox 1586 1987 1617 2014; x_wconf 80' lang='lat' dir='ltr'>in</span> 
     </span>
     <span class='ocr_line' id='line_1_44' title="bbox 32 2017 1616 2060; baseline 0.004 -15"><span class='ocrx_word' id='word_1_539' title='bbox 32 2018 128 2055; x_wconf 88' lang='lat' dir='ltr'>quibus</span> <span class='ocrx_word' id='word_1_540' title='bbox 139 2017 361 2052; x_wconf 75' lang='lat' dir='ltr'>comperendinatio</span> <span class='ocrx_word' id='word_1_541' title='bbox 373 2020 409 2046; x_wconf 86' lang='lat' dir='ltr'>est</span> <span class='ocrx_word' id='word_1_542' title='bbox 417 2018 553 2056; x_wconf 72' lang='lat' dir='ltr'>permissa,</span> <span class='ocrx_word' id='word_1_543' title='bbox 563 2025 674 2054; x_wconf 79' lang='lat' dir='ltr'>utraque</span> <span class='ocrx_word' id='word_1_544' title='bbox 688 2028 753 2046; x_wconf 87' lang='lat' dir='ltr'>vero</span> <span class='ocrx_word' id='word_1_545' title='bbox 767 2020 838 2047; x_wconf 73' lang='lat' dir='ltr'>aetio</span> <span class='ocrx_word' id='word_1_546' title='bbox 850 2018 1028 2053; x_wconf 63' lang='lat' dir='ltr'>accusationem</span> <span class='ocrx_word' id='word_1_547' title='bbox 1042 2021 1068 2047; x_wconf 84' lang='lat'>&amp;</span> <span class='ocrx_word' id='word_1_548' title='bbox 1081 2018 1242 2056; x_wconf 64' lang='lat' dir='ltr'>defmfionem</span> <span class='ocrx_word' id='word_1_549' title='bbox 1256 2020 1397 2056; x_wconf 76' lang='lat' dir='ltr'>complexa</span> <span class='ocrx_word' id='word_1_550' title='bbox 1409 2022 1453 2049; x_wconf 80' lang='lat' dir='ltr'>est.</span> <span class='ocrx_word' id='word_1_551' title='bbox 1475 2024 1616 2060; x_wconf 85' lang='lat' dir='ltr'>Qoniam</span> 
     </span>
     <span class='ocr_line' id='line_1_45' title="bbox 32 2055 1615 2094; baseline 0.004 -11"><span class='ocrx_word' id='word_1_552' title='bbox 32 2065 121 2084; x_wconf 80' lang='lat' dir='ltr'>autem</span> <span class='ocrx_word' id='word_1_553' title='bbox 137 2055 267 2083; x_wconf 80' lang='lat' dir='ltr'>accusatio</span> <span class='ocrx_word' id='word_1_554' title='bbox 281 2057 439 2085; x_wconf 87' lang='lat' dir='ltr'>testimoniis</span> <span class='ocrx_word' id='word_1_555' title='bbox 453 2057 572 2084; x_wconf 82' lang='lat' dir='ltr'>maxime</span> <span class='ocrx_word' id='word_1_556' title='bbox 588 2056 736 2088; x_wconf 84' lang='lat' dir='ltr'>nitebatur,</span> <span class='ocrx_word' id='word_1_557' title='bbox 755 2066 897 2094; x_wconf 83' lang='lat' dir='ltr'>propterea</span> <span class='ocrx_word' id='word_1_558' title='bbox 913 2057 985 2092; x_wconf 88' lang='lat' dir='ltr'>prius</span> <span class='ocrx_word' id='word_1_559' title='bbox 1001 2057 1034 2083; x_wconf 90' lang='lat' dir='ltr'>de</span> <span class='ocrx_word' id='word_1_560' title='bbox 1047 2057 1264 2086; x_wconf 82' lang='lat' dir='ltr'>testimoniorum</span> <span class='ocrx_word' id='word_1_561' title='bbox 1276 2059 1394 2092; x_wconf 88' lang='lat' dir='ltr'>ratione,</span> <span class='ocrx_word' id='word_1_562' title='bbox 1415 2061 1517 2088; x_wconf 61' lang='lat' dir='ltr'>deinde&gt;</span> <span class='ocrx_word' id='word_1_563' title='bbox 1524 2063 1558 2090; x_wconf 87' lang='lat' dir='ltr'>de</span> <span class='ocrx_word' id='word_1_564' title='bbox 1571 2072 1615 2090; x_wconf 88' lang='lat' dir='ltr'>ac-</span> 
     </span>
     <span class='ocr_line' id='line_1_46' title="bbox 31 2093 296 2131; baseline 0.004 -10"><span class='ocrx_word' id='word_1_565' title='bbox 31 2093 165 2122; x_wconf 89' lang='lat' dir='ltr'>cusatione</span> <span class='ocrx_word' id='word_1_566' title='bbox 178 2103 296 2131; x_wconf 80' lang='lat' dir='ltr'>agamuS.</span> 
     </span>
    </p>

    <p class='ocr_par' dir='ltr' id='par_1_15' title="bbox 29 2132 1637 2403">
     <span class='ocr_line' id='line_1_47' title="bbox 71 2132 1618 2173; baseline 0.005 -13"><span class='ocrx_word' id='word_1_567' title='bbox 71 2133 303 2160; x_wconf 80' lang='lat' dir='ltr'>Testimoniorum</span> <span class='ocrx_word' id='word_1_568' title='bbox 316 2134 429 2162; x_wconf 88' lang='lat' dir='ltr'>nomine</span> <span class='ocrx_word' id='word_1_569' title='bbox 441 2142 537 2160; x_wconf 87' lang='lat' dir='ltr'>omnes</span> <span class='ocrx_word' id='word_1_570' title='bbox 551 2133 721 2170; x_wconf 75' lang='lat' dir='ltr'>probationes</span> <span class='ocrx_word' id='word_1_571' title='bbox 736 2133 896 2162; x_wconf 85' lang='lat' dir='ltr'>extrinsecus</span> <span class='ocrx_word' id='word_1_572' title='bbox 910 2132 1022 2169; x_wconf 73' lang='lat' dir='ltr'>sumptae</span> <span class='ocrx_word' id='word_1_573' title='bbox 1035 2132 1094 2161; x_wconf 88' lang='lat' dir='ltr'>sunt</span> <span class='ocrx_word' id='word_1_574' title='bbox 1107 2133 1256 2170; x_wconf 73' lang='lat' dir='ltr'>appellatae,</span> <span class='ocrx_word' id='word_1_575' title='bbox 1278 2144 1335 2172; x_wconf 76' lang='lat' dir='ltr'>quae</span> <span class='ocrx_word' id='word_1_576' title='bbox 1348 2135 1429 2164; x_wconf 84' lang='lat' dir='ltr'>etiam</span> <span class='ocrx_word' id='word_1_577' title='bbox 1442 2145 1562 2173; x_wconf 84' lang='lat' dir='ltr'>expertes</span> <span class='ocrx_word' id='word_1_578' title='bbox 1575 2149 1618 2167; x_wconf 88' lang='lat' dir='ltr'>ar-</span> 
     </span>
     <span class='ocr_line' id='line_1_48' title="bbox 31 2169 1616 2211; baseline 0.004 -12"><span class='ocrx_word' id='word_1_579' title='bbox 31 2171 65 2199; x_wconf 83' lang='lat' dir='ltr'>tis</span> <span class='ocrx_word' id='word_1_580' title='bbox 79 2170 111 2198; x_wconf 88' lang='lat' dir='ltr'>ab</span> <span class='ocrx_word' id='word_1_581' title='bbox 124 2171 156 2197; x_wconf 88' lang='lat' dir='ltr'>iis</span> <span class='ocrx_word' id='word_1_582' title='bbox 170 2191 176 2201; x_wconf 87' lang='lat'>‚</span> <span class='ocrx_word' id='word_1_583' title='bbox 197 2171 243 2207; x_wconf 88' lang='lat' dir='ltr'>qui</span> <span class='ocrx_word' id='word_1_584' title='bbox 258 2171 291 2198; x_wconf 88' lang='lat' dir='ltr'>de</span> <span class='ocrx_word' id='word_1_585' title='bbox 304 2169 410 2208; x_wconf 76' lang='lat' dir='ltr'>artficio</span> <span class='ocrx_word' id='word_1_586' title='bbox 424 2171 529 2199; x_wconf 79' lang='lat' dir='ltr'>oratorio</span> <span class='ocrx_word' id='word_1_587' title='bbox 543 2170 701 2206; x_wconf 39' lang='lat' dir='ltr'>ierit-serunt</span> <span class='ocrx_word' id='word_1_588' title='bbox 715 2193 721 2203; x_wconf 91' lang='lat'>‚</span> <span class='ocrx_word' id='word_1_589' title='bbox 744 2171 803 2200; x_wconf 88' lang='lat' dir='ltr'>sunt</span> <span class='ocrx_word' id='word_1_590' title='bbox 815 2172 900 2199; x_wconf 53' lang='lat' dir='ltr'>dictae.</span> <span class='ocrx_word' id='word_1_591' title='bbox 940 2174 1006 2199; x_wconf 77' lang='lat' dir='ltr'>Haec</span> <span class='ocrx_word' id='word_1_592' title='bbox 1024 2182 1090 2199; x_wconf 84' lang='lat' dir='ltr'>vero</span> <span class='ocrx_word' id='word_1_593' title='bbox 1110 2172 1137 2199; x_wconf 92' lang='lat' dir='ltr'>in</span> <span class='ocrx_word' id='word_1_594' title='bbox 1156 2180 1209 2200; x_wconf 84' lang='lat' dir='ltr'>tres</span> <span class='ocrx_word' id='word_1_595' title='bbox 1226 2173 1395 2210; x_wconf 87' lang='lat' dir='ltr'>potiffimum</span> <span class='ocrx_word' id='word_1_596' title='bbox 1408 2181 1495 2211; x_wconf 85' lang='lat' dir='ltr'>partes</span> <span class='ocrx_word' id='word_1_597' title='bbox 1515 2177 1616 2208; x_wconf 75' lang='lat' dir='ltr'>tributa</span> 
     </span>
     <span class='ocr_line' id='line_1_49' title="bbox 29 2206 1613 2250; baseline 0.006 -17"><span class='ocrx_word' id='word_1_598' title='bbox 29 2208 104 2242; x_wconf 84' lang='lat' dir='ltr'>sunt,</span> <span class='ocrx_word' id='word_1_599' title='bbox 123 2206 276 2247; x_wconf 67' lang='lat' dir='ltr'>quastmnes,</span> <span class='ocrx_word' id='word_1_600' title='bbox 293 2207 379 2245; x_wconf 77' lang='lat' dir='ltr'>testes,</span> <span class='ocrx_word' id='word_1_601' title='bbox 400 2212 426 2238; x_wconf 71' lang='grc' dir='ltr'>δε</span> <span class='ocrx_word' id='word_1_602' title='bbox 440 2209 544 2237; x_wconf 73' lang='lat' dir='ltr'>rabulas.</span> <span class='ocrx_word' id='word_1_603' title='bbox 584 2210 616 2236; x_wconf 91' lang='lat' dir='ltr'>In</span> <span class='ocrx_word' id='word_1_604' title='bbox 630 2209 669 2236; x_wconf 83' lang='lat' dir='ltr'>his</span> <span class='ocrx_word' id='word_1_605' title='bbox 685 2210 799 2237; x_wconf 79' lang='lat' dir='ltr'>studium</span> <span class='ocrx_word' id='word_1_606' title='bbox 813 2209 969 2238; x_wconf 83' lang='lat' dir='ltr'>accusatoris</span> <span class='ocrx_word' id='word_1_607' title='bbox 985 2210 1104 2238; x_wconf 80' lang='lat' dir='ltr'>maxime</span> <span class='ocrx_word' id='word_1_608' title='bbox 1123 2210 1174 2239; x_wconf 82' lang='lat' dir='ltr'>fuit</span> <span class='ocrx_word' id='word_1_609' title='bbox 1194 2211 1375 2240; x_wconf 81' lang='lat' dir='ltr'>collocatum:</span> <span class='ocrx_word' id='word_1_610' title='bbox 1402 2221 1481 2250; x_wconf 87' lang='lat' dir='ltr'>atque</span> <span class='ocrx_word' id='word_1_611' title='bbox 1500 2224 1613 2248; x_wconf 83' lang='lat' dir='ltr'>earum,</span> 
     </span>
     <span class='ocr_line' id='line_1_50' title="bbox 32 2247 1612 2288; baseline 0.004 -13"><span class='ocrx_word' id='word_1_612' title='bbox 32 2248 59 2275; x_wconf 90' lang='lat'>&amp;</span> <span class='ocrx_word' id='word_1_613' title='bbox 73 2247 207 2283; x_wconf 73' lang='lat' dir='ltr'>ejusmodi</span> <span class='ocrx_word' id='word_1_614' title='bbox 222 2256 311 2274; x_wconf 86' lang='lat' dir='ltr'>rerum</span> <span class='ocrx_word' id='word_1_615' title='bbox 325 2248 501 2283; x_wconf 86' lang='lat' dir='ltr'>parandarum</span> <span class='ocrx_word' id='word_1_616' title='bbox 515 2249 599 2286; x_wconf 84' lang='lat' dir='ltr'>gratia</span> <span class='ocrx_word' id='word_1_617' title='bbox 611 2248 665 2275; x_wconf 85' lang='lat' dir='ltr'>dies</span> <span class='ocrx_word' id='word_1_618' title='bbox 678 2249 778 2285; x_wconf 78' lang='lat' dir='ltr'>aliquot</span> <span class='ocrx_word' id='word_1_619' title='bbox 796 2249 853 2286; x_wconf 86' lang='lat' dir='ltr'>post</span> <span class='ocrx_word' id='word_1_620' title='bbox 869 2249 986 2276; x_wconf 89' lang='lat' dir='ltr'>nominis</span> <span class='ocrx_word' id='word_1_621' title='bbox 999 2248 1162 2277; x_wconf 82' lang='lat' dir='ltr'>delationem</span> <span class='ocrx_word' id='word_1_622' title='bbox 1175 2250 1207 2277; x_wconf 89' lang='lat' dir='ltr'>ad</span> <span class='ocrx_word' id='word_1_623' title='bbox 1225 2251 1412 2288; x_wconf 84' lang='lat' dir='ltr'>inquirendum</span> <span class='ocrx_word' id='word_1_624' title='bbox 1426 2251 1612 2288; x_wconf 82' lang='lat' dir='ltr'>sumpserunt,</span> 
     </span>
     <span class='ocr_line' id='line_1_51' title="bbox 32 2284 1613 2323; baseline 0.004 -11"><span class='ocrx_word' id='word_1_625' title='bbox 32 2285 105 2322; x_wconf 88' lang='lat' dir='ltr'>quod</span> <span class='ocrx_word' id='word_1_626' title='bbox 120 2286 238 2313; x_wconf 80' lang='lat' dir='ltr'>maxime</span> <span class='ocrx_word' id='word_1_627' title='bbox 257 2284 284 2311; x_wconf 83' lang='lat' dir='ltr'>in</span> <span class='ocrx_word' id='word_1_628' title='bbox 298 2285 348 2322; x_wconf 56' lang='lat' dir='ltr'>lege</span> <span class='ocrx_word' id='word_1_629' title='bbox 362 2286 555 2320; x_wconf 81' lang='lat' dir='ltr'>repetundarum</span> <span class='ocrx_word' id='word_1_630' title='bbox 575 2287 610 2313; x_wconf 85' lang='lat' dir='ltr'>est</span> <span class='ocrx_word' id='word_1_631' title='bbox 624 2285 802 2314; x_wconf 75' lang='lat' dir='ltr'>observatum.</span> <span class='ocrx_word' id='word_1_632' title='bbox 845 2288 1004 2323; x_wconf 78' lang='lat' dir='ltr'>Qanquam</span> <span class='ocrx_word' id='word_1_633' title='bbox 1026 2297 1081 2315; x_wconf 87' lang='lat' dir='ltr'>non</span> <span class='ocrx_word' id='word_1_634' title='bbox 1102 2288 1196 2315; x_wconf 88' lang='lat' dir='ltr'>omnia</span> <span class='ocrx_word' id='word_1_635' title='bbox 1209 2290 1323 2317; x_wconf 73' lang='lat' dir='ltr'>crimina</span> <span class='ocrx_word' id='word_1_636' title='bbox 1341 2289 1435 2317; x_wconf 87' lang='lat' dir='ltr'>iisdem</span> <span class='ocrx_word' id='word_1_637' title='bbox 1451 2291 1613 2319; x_wconf 81' lang='lat' dir='ltr'>testimoniis</span> 
     </span>
     <span class='ocr_line' id='line_1_52' title="bbox 33 2323 1614 2362; baseline 0.003 -10"><span class='ocrx_word' id='word_1_638' title='bbox 33 2324 193 2352; x_wconf 79' lang='lat' dir='ltr'>confirmata</span> <span class='ocrx_word' id='word_1_639' title='bbox 208 2323 274 2352; x_wconf 82' lang='lat' dir='ltr'>sunt.</span> <span class='ocrx_word' id='word_1_640' title='bbox 310 2325 383 2351; x_wconf 88' lang='lat' dir='ltr'>Nam</span> <span class='ocrx_word' id='word_1_641' title='bbox 399 2325 480 2352; x_wconf 84' lang='lat' dir='ltr'>caedes</span> <span class='ocrx_word' id='word_1_642' title='bbox 495 2324 677 2362; x_wconf 75' lang='lat' dir='ltr'>quaestionibus</span> <span class='ocrx_word' id='word_1_643' title='bbox 693 2327 718 2353; x_wconf 83' lang='lat'>&amp;</span> <span class='ocrx_word' id='word_1_644' title='bbox 733 2325 838 2353; x_wconf 82' lang='lat' dir='ltr'>testibus</span> <span class='ocrx_word' id='word_1_645' title='bbox 851 2325 960 2362; x_wconf 83' lang='lat' dir='ltr'>probata</span> <span class='ocrx_word' id='word_1_646' title='bbox 974 2326 1023 2357; x_wconf 87' lang='lat' dir='ltr'>est,</span> <span class='ocrx_word' id='word_1_647' title='bbox 1043 2326 1192 2354; x_wconf 87' lang='lat' dir='ltr'>tabularum</span> <span class='ocrx_word' id='word_1_648' title='bbox 1207 2327 1289 2355; x_wconf 85' lang='lat' dir='ltr'>fidem</span> <span class='ocrx_word' id='word_1_649' title='bbox 1307 2338 1362 2356; x_wconf 93' lang='lat' dir='ltr'>non</span> <span class='ocrx_word' id='word_1_650' title='bbox 1377 2328 1547 2359; x_wconf 78' lang='lat' dir='ltr'>defidemvit‚</span> <span class='ocrx_word' id='word_1_651' title='bbox 1570 2339 1614 2357; x_wconf 88' lang='lat' dir='ltr'>re-</span> 
     </span>
     <span class='ocr_line' id='line_1_53' title="bbox 32 2361 1637 2403; baseline 0.004 -13"><span class='ocrx_word' id='word_1_652' title='bbox 32 2363 154 2399; x_wconf 80' lang='lat' dir='ltr'>petundae</span> <span class='ocrx_word' id='word_1_653' title='bbox 167 2364 193 2389; x_wconf 64' lang='grc' dir='ltr'>ἃ</span> <span class='ocrx_word' id='word_1_654' title='bbox 204 2361 338 2399; x_wconf 80' lang='lat' dir='ltr'>peculatus</span> <span class='ocrx_word' id='word_1_655' title='bbox 351 2363 441 2394; x_wconf 88' lang='lat' dir='ltr'>testes,</span> <span class='ocrx_word' id='word_1_656' title='bbox 463 2365 489 2392; x_wconf 72' lang='grc' dir='ltr'>ὅ(</span> <span class='ocrx_word' id='word_1_657' title='bbox 505 2363 604 2391; x_wconf 84' lang='lat' dir='ltr'>tabulas</span> <span class='ocrx_word' id='word_1_658' title='bbox 617 2363 812 2401; x_wconf 82' lang='lat' dir='ltr'>poposcerunt,</span> <span class='ocrx_word' id='word_1_659' title='bbox 834 2363 988 2401; x_wconf 75' lang='lat' dir='ltr'>quaestiones</span> <span class='ocrx_word' id='word_1_660' title='bbox 1002 2365 1174 2402; x_wconf 87' lang='lat' dir='ltr'>repudiarunt</span> <span class='ocrx_word' id='word_1_661' title='bbox 1186 2386 1194 2398; x_wconf 90' lang='lat'>‚</span> <span class='ocrx_word' id='word_1_662' title='bbox 1214 2366 1337 2403; x_wconf 78' lang='lat' dir='ltr'>majestas</span> <span class='ocrx_word' id='word_1_663' title='bbox 1351 2376 1440 2396; x_wconf 79' lang='lat' dir='ltr'>autem</span> <span class='ocrx_word' id='word_1_664' title='bbox 1457 2369 1482 2396; x_wconf 82' lang='lat'>&amp;</span> <span class='ocrx_word' id='word_1_665' title='bbox 1495 2367 1613 2397; x_wconf 76' lang='lat' dir='ltr'>ambitus</span> <span class='ocrx_word' id='word_1_666' title='bbox 1633 2373 1637 2376; x_wconf 90' lang='lat'>&#39;</span> 
     </span>
    </p>
   </div>
   <div class='ocr_carea' id='block_1_14' title="bbox 32 2400 1620 2473">
    <p class='ocr_par' dir='ltr' id='par_1_16' title="bbox 32 2400 1620 2473">
     <span class='ocr_line' id='line_1_54' title="bbox 32 2400 521 2430; baseline 0.004 -2"><span class='ocrx_word' id='word_1_667' title='bbox 32 2400 95 2429; x_wconf 86' lang='lat' dir='ltr'>solis</span> <span class='ocrx_word' id='word_1_668' title='bbox 106 2401 189 2429; x_wconf 82' lang='lat' dir='ltr'>etiam</span> <span class='ocrx_word' id='word_1_669' title='bbox 201 2400 308 2430; x_wconf 87' lang='lat' dir='ltr'>testibus</span> <span class='ocrx_word' id='word_1_670' title='bbox 322 2400 372 2430; x_wconf 86' lang='lat' dir='ltr'>fuit</span> <span class='ocrx_word' id='word_1_671' title='bbox 387 2409 521 2430; x_wconf 82' lang='lat' dir='ltr'>contenta.</span> 
     </span>
     <span class='ocr_line' id='line_1_55' title="bbox 1089 2447 1620 2473; baseline -0.002 0"><span class='ocrx_word' id='word_1_672' title='bbox 1089 2460 1094 2473; x_wconf 79' lang='grc' dir='ltr'><em>ι</em></span> <span class='ocrx_word' id='word_1_673' title='bbox 1579 2447 1620 2473; x_wconf 62' lang='lat' dir='ltr'>D?</span> 
     </span>
    </p>
   </div>
   <div class='ocr_carea' id='block_1_15' title="bbox 2050 0 2075 2734">
    <p class='ocr_par' dir='ltr' id='par_1_17' title="bbox 2050 0 2075 2734">
     <span class='ocr_line' id='line_1_56' title="bbox 2050 0 2075 2734; baseline 0 0"><span class='ocrx_word' id='word_1_674' title='bbox 2050 0 2075 2734; x_wconf 95' lang='lat' dir='ltr'> </span> 
     </span>
    </p>
   </div>
  </div>
 </body>
</html>
