2075 2734
351 88 406 124 872
788 87 1462 116 ΡΑυιιΜΑΝυτ-ιι

351 142 448 161 ceritum
461 132 534 165 deligi
546 131 623 157 voluit
634 149 641 160 ,
664 132 707 164 qui
719 137 782 156 aetate
795 149 802 159 ,
825 137 894 163 atque
908 130 1028 162 prudentia
1040 135 1133 154 exteros
1155 131 1198 155 bus
1217 131 1306 155 causam
1320 130 1425 162 prxbuit.
1444 131 1468 155 iu
1482 137 1556 163 quem
1568 129 1616 154 fere
1630 129 1742 154 morbum
1760 136 1844 155 omnes
1856 132 1936 158 civita-

354 169 475 191 anteireut.
491 167 515 190 iu
530 172 578 196 quo
591 163 830 196 sapientissimiRegis
837 163 1024 186 moderationem
1034 164 1059 186 δι
1068 163 1131 192 ἰιιὲιτἢ
1157 171 1190 187 tes
1205 163 1281 186 delabi
1295 162 1383 187 necess'e
1394 163 1440 189 est,
1459 170 1508 194 qum
1518 180 1523 187 ,
1540 170 1570 186 ne
1582 163 1709 194 peregrinis
1722 163 1839 186 militibus
1851 165 1878 188 ad
1886 165 1935 189 bel-

354 200 425 224 nium
437 200 491 222 licet
503 196 686 221 animadvertere
699 204 704 217 :
723 197 765 226 qui
778 203 855 227 neque
868 194 928 218 sorte
942 196 966 218 in
980 194 1058 218 lenatu
1070 194 1133 217 insti-
1159 196 1179 218 la
1193 202 1284 219 utantur
1294 212 1300 222 ,
1318 196 1412 227 plebem
1426 195 1535 218 urbanam
1549 196 1619 218 armis
1632 194 1750 217 arl'uescere
1763 195 1937 225 patiuntunin.

354 230 443 254 tuendo
453 247 459 257 ‚
477 237 554 260 neque
566 227 608 251 suo
621 234 711 251 tantum
725 228 813 255 iudicio
826 227 868 250 sibi
882 227 996 250 utendum
1004 226 1133 250 censuerit:
1160 225 1251 250 solescit
1270 228 1336 250 enim
1349 227 1415 250 facile
1429 227 1492 258 plebs
1501 244 1506 254 ,
1525 227 1562 253 &,
1582 225 1623 249 ubi
1635 225 1671 252 se,
1689 226 1754 257 quod
1766 227 1848 254 libeat,
1867 229 1937 252 intel-

354 270 410 286 cum
419 280 425 289 ‚
444 262 543 285 maximi
556 260 675 283 momenti
688 267 738 282 rem
751 259 767 282 ri
782 259 837 282 sorti
850 259 1011 282 committeret
1022 275 1027 284 ,
1046 259 1134 292 iinpru·
1164 259 1216 289 ligit
1230 258 1305 289 poss‘e:
1324 259 1382 290 quid
1394 259 1475 286 liceat,
1494 265 1542 282 non
1555 257 1666 284 attendit,
1684 260 1706 280 vi
1719 258 1939 288 courmeonsrhum,

355 294 440 318 dentis:
454 294 541 316 videret
553 290 609 315 effe:
628 290 645 314 si
655 290 696 314 suo
709 291 777 314 unius
789 291 890 319 judicio,
899 291 1135 322 arrogantiae.lorteni

356 326 430 357 igitur
442 324 537 348 exclusit
549 323 653 346 omnino
667 331 672 344 :
691 323 805 350 iudicium
818 324 843 345 in
858 321 952 346 summo
965 323 1055 345 honore
1070 328 1135 344 man-

356 357 436 381 dando
450 357 473 379 ἃ
487 355 554 378 suum
566 353 609 377 effe
623 354 717 381 noluit,
735 355 758 377 ὃ(
771 354 869 377 civitatis
881 361 887 376 :
907 353 945 378 sed
959 354 1002 380 ita,
1021 360 1045 377 ut
1057 353 1138 375 civitas

356 389 486 417 majorem,
505 393 577 418 quam
591 383 652 417 ipse,
667 386 708 417 qui
721 389 773 410 Rex
786 392 846 413 erat,
861 384 909 417 Ipse
920 386 1046 414 majorem,
1065 391 1137 416 quam

358 428 420 444 unus
432 419 504 445 civis,
521 417 657 450 potestatem
671 416 771 441 haberet.
781 418 826 445 ita,
840 425 894 441 cum
907 418 996 440 civium
1009 417 1086 448 gratia·
1097 417 1133 439 tri-

358 452 439 475 bueret
452 450 582 481 plurimum
593 466 600 476 ,
617 449 696 472 habuit
712 456 788 472 tamen
800 466 806 476 ‚
825 456 895 480 quam
908 449 1003 475 debuit,
1021 447 1062 471 sua:
1076 455 1135 479 quo>

358 491 406 514 que
419 483 536 505 rationem
550 481 678 511 dignitatis.
693 488 747 504 cum
760 481 826 504 enim
839 479 901 511 ipse,
917 481 959 511 qui
973 488 1014 512 pro
1028 480 1094 510 regio*
1104 480 1135 506 ju-

359 522 385 539 re
397 514 513 538 senatores
525 514 602 544 legere
615 520 700 537 omnes
712 512 783 544 posfizt
792 529 797 539 ,
815 519 889 535 unum
904 512 978 536 modo
992 512 1094 543 legisset,
1112 512 1135 533 ir:

358 554 408 578 quo
421 546 536 576 praecipuo
550 546 597 573 jure
610 543 655 568 fuit
668 561 674 570 ‚
692 545 746 574 quia
759 544 906 576 reliquorum
919 545 1008 567 civium
1017 561 1022 570 ‚
1041 551 1065 566 ut
1078 550 1137 565 unus

360 579 446 609 aliquis
466 584 540 600 unum
552 575 682 600 senatorem
696 576 796 607 legeret,
814 577 906 599 nemini
920 575 1041 599 concessit:
1060 575 1137 597 civita-

358 610 378 634 ti
387 626 393 636 ,
411 616 435 632 ut
447 609 553 640 reliquos
566 608 693 638 nonaginta
700 615 787 631 novem
795 608 996 639 legeret‚largitus
1004 606 1043 630 est.
1061 609 1121 629 Nam
1132 622 1137 632 ‚

360 649 415 664 cum
428 648 472 664 tres
485 640 574 667 tribus,
591 640 615 663 ὅ(
627 647 656 662 ex
668 639 775 663 tribubus
787 640 881 670 triginta
891 642 976 666 curias,
995 639 1139 663 urdiximus,

361 671 449 696 feciffet
461 689 468 699 ,
488 672 593 703 primum
606 669 619 694 a
632 671 728 702 singulis
740 670 845 694 tribubus
857 672 931 694 trinos
945 669 1058 694 senatores
1067 686 1073 696 ‚
1093 669 1138 692 hoc

362 704 394 727 est
404 721 409 730 ,
427 711 515 727 novem
535 703 639 726 omnino
648 720 654 730 ,
671 704 741 726 creari
754 702 824 731 iuffit:
843 702 929 726 deinde
941 701 952 725 a
963 702 1057 734 lingulis
1070 701 1140 724 curiis

363 737 422 759 item
441 736 530 762 trinos,
548 735 589 766 qui
603 735 729 766 nonaginta
742 734 813 759 fuete.
827 734 856 758 ita
871 734 896 757 ad
910 741 1011 761 novem,
1029 740 1088 765 quos
1101 733 1140 755 tri-

363 767 406 790 bus
419 768 522 798 legerant
531 783 537 793 ‚
555 766 640 789 additis
653 767 780 797 nonaginta
788 783 794 793 ,
803 773 864 797 quos
871 767 938 789 curioe
950 773 1063 792 creatam,
1072 766 1094 787 ἃ
1103 772 1140 790 eu,

364 807 437 828 quem
451 797 498 829 ipse
512 799 617 830 primum
631 799 716 829 legerat
730 815 736 825 ‚
754 798 816 830 quali
831 797 889 821 duce
902 798 1009 826 adjuncto
1023 815 1029 824 ,
1046 803 1141 820 centum

363 830 551 854 consiliariorum
564 837 688 853 numerum
701 830 812 860 explevit.
824 829 867 852 hos
879 829 907 852 ad
920 831 1057 860 privatarum
1065 835 1142 851 rerum

363 861 561 892 consultationem
574 868 622 884 non
633 860 767 884 adhibebat:
786 860 824 885 sed
837 862 868 884 ita
879 861 1011 887 constituit,
1031 860 1090 883 utde
1098 860 1141 890 pri-

364 895 422 917 vatis
435 894 540 921 iniuriis,
557 894 580 916 &
595 893 643 923 iple
657 893 702 916 fine
716 892 872 919 senatoribus,
887 890 1141 922 &senatoresiineipio

366 925 509 955 iudicarent,
526 923 574 956 ipse
587 924 615 947 de
630 925 755 952 maximis,
773 923 888 948 senatores
901 924 930 947 de
939 924 1058 947 minimis.
1072 930 1091 946 at
1105 929 1140 945 ve-

366 964 395 980 ro
408 974 414 984 ,
437 964 488 987 quae
501 956 527 979 ad
542 963 642 987 regnum
655 956 780 986 spestatent
793 973 799 982 ‚
817 956 899 978 onmia
912 963 951 986 pet
965 963 1006 978 eos
1017 952 1144 984 cognosci,

365 988 480 1019 statuique
495 988 584 1010 voluit:
601 987 714 1018 quodque
724 988 797 1015 major
808 995 857 1017 pars
868 987 988 1010 centiiiss'et
996 1003 1002 1012 ,
1010 986 1033 1008 id
1044 987 1144 1008 vincere.

366 1019 440 1051 Qod
454 1019 586 1043 institutum
599 1018 724 1048 Dionylius
737 1017 926 1044 Halicarnasseus,
939 1019 1103 1041 velvetitatem
1116 1015 1146 1039 se-

366 1058 432 1074 tutus
441 1069 447 1079 ,
466 1052 502 1074 vel
516 1050 652 1073 ambitiosus
666 1051 690 1073 iu
703 1049 768 1076 suos,
779 1050 911 1073 Romulum
921 1048 934 1072 a
942 1048 1071 1072 Laconibus
1079 1055 1149 1071 trans—

366 1082 443 1107 tulisse
454 1089 545 1105 uzrrat:
564 1081 623 1113 apud
637 1089 697 1113 quos
711 1089 760 1104 non
776 1088 817 1112 pro
830 1080 872 1104 suo
885 1082 948 1109 iure,
971 1080 1089 1112 quidquid
1102 1080 1146 1102 vel·

369 1116 432 1142 lent,
450 1117 527 1145 Reges
541 1113 688 1145 peragebant:
708 1112 745 1136 sed
759 1114 813 1141 juxis
827 1114 907 1136 omnis
915 1113 1002 1144 publici
1011 1120 1081 1144 penes
1088 1112 1147 1134 sena-

368 1153 420 1170 tum
433 1146 528 1178 potestas
541 1152 595 1168 erat.
622 1148 674 1168 Hoc
687 1145 787 1176 quidem
798 1145 934 1176 aliquandiu
946 1145 1064 1168 Romulus
1076 1142 1145 1167 serv—a-

367 1179 415 1202 vit:
434 1186 491 1202 mox
505 1179 528 1200 δι
543 1177 649 1200 diuturna
660 1176 829 1200 consuetudine
842 1177 967 1207 regnandi,
979 1177 1002 1199 δι
1012 1176 1092 1199 multis
1099 1183 1146 1198 ma-

368 1209 470 1241 gnisque
484 1209 589 1232 victoriis
601 1209 673 1232 elatus
686 1225 692 1235 ,
716 1216 771 1232 cum
784 1208 811 1231 ad
824 1208 892 1232 suum
906 1208 1026 1232 arbitrium
1041 1214 1147 1231 revocate

368 1243 451 1265 omnia
464 1239 581 1273 coepisset,
600 1240 659 1263 nihil
672 1240 699 1263 ad
713 1239 826 1264 senatores
839 1240 946 1267 referret,
964 1247 1013 1263 non
1028 1239 1101 1262 abfuit
1112 1238 1146 1262 su«

370 1274 458 1304 spicio,
478 1273 504 1296 ab
517 1273 579 1296 iratis
593 1271 626 1295 ob
638 1279 688 1295 eam
696 1271 784 1295 causam
793 1272 820 1295 ad
827 1274 906 1302 Capra:
913 1271 1021 1302 paludem
1028 1270 1096 1295 fuisse
1104 1270 1148 1294 dis-

370 1312 487 1336 cerptum.
519 1305 571 1328 Fuit
585 1311 640 1327 vero
654 1304 741 1327 senatus
753 1304 841 1327 eximia
853 1304 953 1335 dignitas
972 1304 994 1327 ὅ(
1008 1309 1060 1326 ante
1073 1304 1146 1334 reipu-

369 1336 435 1360 blicat
448 1343 553 1367 tempora
567 1352 573 1362 ‚
596 1337 620 1360 &
634 1336 712 1359 multo
724 1337 796 1359 etiam
809 1336 883 1367 magia
895 1336 946 1366 post
957 1334 1055 1358 liberam
1069 1335 1147 1358 civita-

370 1375 432 1392 tem:
451 1367 516 1399 isque
529 1367 589 1391 ordo
602 1367 688 1390 exteris
699 1367 836 1394 ordinibus,
855 1366 1001 1398 publicisque
1012 1367 1116 1390 confiliis
1124 1374 1148 1389 o>

371 1401 423 1424 mni
443 1400 535 1424 honore
549 1416 555 1426 ‚
578 1406 647 1430 atque
666 1399 804 1422 authoritate
817 1397 906 1430 semper
919 1399 1060 1423 antecelluit,
1070 1402 1149 1431 populu

371 1433 452 1459 enim,
469 1431 535 1462 quod
555 1431 586 1454 ait
599 1431 692 1457 Livius,
710 1432 845 1461 magistratus
856 1437 971 1460 pueram,
990 1430 1147 1462 magstratibus

372 1471 448 1487 aurem
456 1465 553 1492 senaim.
571 1463 635 1494 quod
649 1461 725 1491 ipsum
738 1463 762 1485 ἃ
776 1463 862 1485 Cicero
874 1463 898 1485 in
907 1463 1063 1492 orationepro
1071 1463 1148 1485 Sextio

372 1503 394 1519 c.
409 1499 445 1521 65.
462 1495 513 1518 satis
527 1494 594 1524 plane
606 1493 715 1524 fignificat
728 1494 765 1516 his
778 1493 870 1516 verbis:
888 1495 987 1524 Majores
999 1494 1060 1522 nostri
1073 1509 1080 1520 ,
1097 1501 1146 1515 cum

374 1527 588 1558 Regumpotestntem
601 1533 639 1546 non
653 1526 763 1556 tulissent,
781 1526 813 1547 ita
824 1525 962 1555 magistratus
973 1533 1054 1546 annuo!
1064 1532 1146 1547 creave-

374 1564 445 1584 runt,
472 1564 497 1579 ut
515 1557 623 1586 curfilium
638 1556 726 1584 senatus
744 1555 862 1585 reipubiin
877 1561 1017 1587 puram-rent
1031 1557 1148 1587 sempiter-

373 1597 427 1611 num
442 1605 447 1615 ,
461 1589 561 1617 senatum
573 1586 693 1618 reipublice
704 1587 823 1616 custodem,
835 1589 956 1619 praefidem,
970 1594 1149 1618 propugnatorem

373 1622 534 1642 conniverunt.
547 1619 613 1649 lau—jus
626 1619 844 1641 ordinisaurborirare
855 1619 1044 1648 utimagislratus,
1059 1617 1145 1649 &qua-

369 1652 392 1681 fi
403 1652 506 1679 ministros
515 1651 599 1679 flammi
611 1651 690 1680 confilir'
701 1649 739 1677 effi
750 1651 876 1673 valuerunt.
908 1652 981 1672 Patres
995 1655 1072 1672 autern
1085 1652 1146 1672 lena-

374 1689 437 1706 tores
450 1682 572 1713 appellati,
589 1687 640 1704 tum
653 1680 684 1703 ob
698 1681 830 1707 honorem,
847 1687 898 1703 tum
913 1687 936 1703 ut
947 1681 1066 1704 civitatem
1080 1681 1150 1710 patria

374 1714 475 1745 quadam
488 1713 579 1736 catittte
588 1729 594 1739 ,
610 1712 735 1743 studioque
747 1713 880 1743 complexi,
898 1718 972 1736 totam
980 1712 1025 1736 suis
1032 1711 1134 1736 consiliis
1143 1730 1149 1740 ‚

374 1747 461 1777 suaque
480 1745 600 1775 prudentia
614 1743 728 1767 foverent.
743 1744 799 1767 inde
811 1744 910 1775 patticiae
921 1744 1016 1768 familis
1030 1761 1036 1770 .
1060 1752 1110 1776 quae
1123 1744 1150 1767 ab

376 1778 411 1802 his
425 1778 545 1808 originem
559 1777 658 1802 duxere,
675 1783 763 1799 nomen
777 1782 919 1807 acceperunt.
953 1780 1030 1807 Atque
1043 1774 1055 1798 ἒι
1065 1776 1151 1807 princi-

375 1811 417 1841 pio
431 1809 488 1832 sacra
500 1816 590 1831 curare,
608 1807 751 1838 magistratus
764 1815 855 1838 gerere,
874 1807 908 1835 ius
917 1807 1007 1833 dicere,
1026 1813 1116 1830 tantum
1124 1807 1150 1830 ad

376 1841 498 1873 patricios,
517 1841 540 1863 id
553 1839 596 1866 est,
614 1839 639 1861 ad
654 1838 783 1865 senatores,
801 1839 921 1869 pertinuit.
932 1838 1018 1869 plebeii
1029 1839 1151 1868 agrosple-

376 1874 444 1904 rique
456 1871 576 1896 colebant:
594 1871 617 1893 ὅ(
626 1887 631 1897 ,
650 1877 674 1893 ut
685 1871 794 1894 homines
801 1869 998 1897 rudes‚civi1ibus
1005 1870 1107 1900 negotiis
1115 1869 1151 1893 ab·

375 1903 590 1930 ffinebant,1·ustica
603 1910 627 1925 re
635 1918 641 1928 ‚
651 1909 686 1925 aut
700 1901 930 1933 qu-tstuariisattibus
938 1901 1076 1926 vistumlibi
1084 1909 1149 1925 com-

377 1943 479 1967 parantes
493 1952 499 1962 ‚
517 1934 543 1958 ab
557 1934 614 1965 agris
627 1936 650 1956 in
665 1934 751 1957 Urbem
766 1933 900 1961 veniebant,
920 1935 957 1956 vel
971 1941 996 1957 ut
1009 1933 1151 1964 magistratus

377 1975 478 1991 creaieut
487 1984 493 1994 ,
511 1967 547 1990 vel
561 1973 585 1988 ut
598 1966 660 1996 leges
673 1964 806 1993 sciscerent,
825 1966 861 1989 vel
874 1965 977 1992 utbella,
995 1964 1080 1996 aRege
1088 1973 1154 1996 roga>

1167 297 1237 313 arnus
1250 297 1328 313 contta
1342 292 1404 321 leges
1417 291 1498 314 utitur.
1517 291 1547 313 ita
1558 289 1585 313 fit
1599 306 1604 316 ,
1626 296 1650 312 ut
1663 289 1815 320 gubernacula
1829 291 1942 322 reipubli-

1166 329 1208 347 εει,
1225 328 1315 345 extorta
1327 322 1357 345 de
1370 322 1476 345 manibus
1488 322 1639 353 optimorum
1649 328 1672 344 ac
1685 320 1943 352 sapientiffimorumci-

1167 354 1247 379 vium,
1265 353 1371 384 improbi
1383 354 1407 377 &
1421 354 1526 384 imperiti
1538 353 1661 379 homines,
1679 353 1746 376 nullo
1759 352 1854 383 publico
1867 354 1942 378 consr—

1168 385 1201 408 lio
1210 401 1216 411 ‚
1234 392 1277 415 pro
1288 384 1324 408 sua
1335 385 1477 412 temeritate,
1485 385 1634 417 libidineque
1642 384 1744 408 trassent.
1753 385 1819 415 quod
1829 392 1883 409 cum
1890 393 1943 410 eve<

1169 417 1203 439 nit
1212 433 1217 443 ,
1235 423 1286 439 tum
1299 416 1390 440 libertas
1399 433 1405 443 ,
1422 416 1483 448 quast
1496 416 1560 440 testo
1572 416 1637 440 cursu
1651 416 1746 442 amisso,
1762 415 1869 443 flustuat,
1881 418 1943 446 &ia-

1170 448 1242 471 {tatur
1256 465 1262 474 ‚
1286 456 1333 471 non
1347 455 1459 479 quatenus
1471 446 1600 472 conservari
1613 448 1682 479 possit
1696 465 1702 473 ‚
1720 447 1757 471 sed
1772 447 1844 479 usque
1856 455 1899 476 eo,
1917 455 1942 473 ut

1170 478 1316 509 naufragium
1331 479 1386 511 pass'a
1399 478 1548 510 disperdatur.
1563 488 1613 511 qux
1625 480 1680 510 quia
1692 480 1717 502 in
1726 486 1944 511 utramquepartem

1171 510 1220 534 satis
1233 519 1333 534 accurate
1345 510 1520 542 disputabuntur
1534 512 1558 534 in
1570 519 1599 535 eo
1611 511 1673 534 libro
1684 528 1691 538 ,
1710 512 1735 534 in
1748 518 1797 543 quo
1812 519 1856 534 tres
1870 513 1943 537 trium

1170 549 1261 566 matum
1276 543 1446 567 florenriffimas
1462 541 1611 573 respublicas,
1629 544 1757 574 Spartanam
1772 559 1777 568 ‚
1796 545 1943 571 Romanam,

1172 577 1296 601 Veneram,
1314 575 1374 598 inter
1388 575 1409 598 se
1422 574 1621 605 comparabimus,
1637 573 1735 600 omisso,
1753 574 1819 605 quod
1833 575 1944 603 hujuslo-

1169 607 1190 629 ci
1211 614 1260 629 non
1279 605 1311 629 est
1325 622 1331 634 ,
1351 613 1490 637 argumento
1503 623 1509 634 ‚
1533 605 1559 629 id
1573 622 1580 633 ,
1603 606 1668 637 quod
1685 605 1828 630 instituimus
1841 623 1848 634 ,
1870 607 1946 639 perse-

1172 645 1278 669 quamur.

1204 669 1335 696 Romulus,
1353 676 1378 693 ut
1390 675 1436 693 erat
1449 669 1559 700 lingulati
1573 669 1671 693 confilio
1683 669 1708 692 &
1721 669 1763 692 alta
1775 669 1872 700 quadam
1880 677 1947 696 men-

1172 707 1194 723 te
1207 701 1327 732 pra-dirus,
1345 709 1400 725 cum
1413 707 1542 728 vereretur,
1559 708 1588 725 ne
1601 701 1660 732 quid
1673 700 1761 730 injuria:
1770 700 1848 731 plebs,
1863 704 1947 732 perin-

1172 730 1260 756 scitiarn
1274 733 1444 760 circumventa,
1461 732 1473 756 a
1486 732 1628 757 senatoribus
1641 732 1722 756 ferret:
1739 732 1842 763 indeque
1849 740 1948 758 concor-

1173 763 1237 788 diam
1252 782 1257 790 ‚
1275 764 1322 788 fine
1335 773 1379 796 qua
1390 765 1528 788 diuturnum
1542 765 1602 788 nihil
1616 764 1647 788 est
1657 781 1663 791 ,
1681 770 1760 788 exorta
1774 763 1858 787 seditio
1870 764 1949 790 diffol-

1174 803 1235 819 veret
1250 803 1255 817 :
1273 797 1384 820 universae
1396 797 1495 820 civitatis
1509 797 1601 820 animos
1615 795 1677 828 quafi
1689 795 1793 827 quodam
1805 795 1951 821 neceslitudi-

1174 828 1210 850 nis
1223 828 1319 851 vinculo
1331 829 1462 857 conjunxit.
1474 828 1595 852 constituit
1605 829 1671 851 enim
1684 827 1801 851 clientelas
1814 828 1837 851 ὅ(
1851 829 1950 858 patroci-

1175 860 1224 886 nia,
1243 860 1308 889 quod
1323 866 1369 883 etat
1382 859 1516 888 hujusmodi
1525 877 1530 886 ,
1539 866 1563 883 ut
1576 859 1660 890 plebeii
1672 866 1798 890 patronum
1811 859 1852 882 fibi
1861 860 1951 891 delige-

1176 897 1225 913 rent
1239 889 1252 914 ὲ
1261 889 1418 917 senatoribus,
1435 898 1508 923 quem
1521 890 1621 922 quisque
1631 891 1712 916 vellet,
1727 889 1841 914 senatores
1852 891 1950 921 plebeiis

1175 923 1200 945 in
1213 923 1345 946 clientelam
1358 923 1454 953 receptis
1467 922 1538 946 fidem
1552 922 1615 946 suam
1632 930 1655 945 ac
1667 922 1770 945 studium
1783 921 1950 953 benigniffime

1175 953 1310 984 praessarent.
1343 957 1395 977 Erat
1413 961 1490 977 autem
1509 954 1556 978 haec
1569 955 1630 977 inter
1643 952 1754 985 utrosque
1767 953 1900 977 officiorum
1915 955 1950 978 vi-

1174 983 1294 1012 ciffiiudo,
1312 991 1337 1008 ut
1351 986 1440 1014 patricii
1467 985 1569 1014 lebejos,
1588 985 1615 1008 ab
1627 985 1667 1009 usu
1674 992 1753 1008 rerum
1760 984 1950 1010 urbanarumim-

1177 1016 1277 1046 peritos,
1293 1016 1391 1039 consilio
1405 993 1536 1042 erudirent,
1554 1016 1666 1040 accusatos
1678 1016 1844 1044 defenderent,
1854 1017 1951 1049 prasen-

1176 1053 1220 1074 tes‚
1240 1045 1355 1074 absentes,
1372 1049 1442 1071 omni
1454 1055 1500 1079 ope
1514 1053 1646 1074 tuerentur,
1662 1053 1754 1074 contra,
1766 1049 1861 1072 clientes
1868 1050 1894 1072 ad
1902 1050 1953 1073 col-

1175 1079 1281 1102 locandas
1294 1078 1425 1103 senatorum
1439 1079 1509 1106 filis,
1528 1078 1543 1102 fi
1556 1078 1687 1111 parentibus
1699 1079 1772 1109 copiae
1784 1087 1834 1104 non
1847 1080 1952 1112 suppete<

1178 1117 1227 1134 rent
1236 1127 1242 1138 ,
1261 1111 1289 1134 de
1303 1111 1344 1134 suo
1357 1111 1490 1135 conferrent
1502 1119 1507 1133 :
1527 1112 1553 1134 in
1565 1111 1614 1134 acris
1627 1110 1696 1134 alieni
1709 1109 1887 1135 dissolutionem
1901 1121 1952 1141 gra-

1176 1143 1258 1166 tuitam
1271 1143 1393 1174 pecuniam
1405 1149 1537 1174 erogarent:
1555 1142 1582 1166 ab
1594 1141 1698 1166 hostibus
1712 1143 1736 1165 in
1750 1142 1813 1165 bello
1825 1150 1903 1174 captos
1916 1151 1951 1167 re-

1176 1174 1307 1201 dimerent,
1324 1175 1351 1198 in
1364 1175 1533 1206 magistratibus
1545 1175 1569 1198 &
1582 1173 1714 1198 honoribus
1726 1173 1828 1197 officiosa
1844 1175 1951 1199 sedulitas-

1177 1212 1198 1229 te
1211 1206 1353 1230 deducerent
1364 1223 1370 1234 ,
1394 1215 1417 1230 ac
1430 1207 1574 1231 reducerent.
1591 1205 1657 1238 quod
1669 1206 1685 1228 fi
1699 1206 1811 1229 clientem
1825 1213 1949 1237 patronus,

1174 1244 1210 1261 aut
1224 1244 1348 1268 patronum
1361 1239 1433 1262 cliens
1447 1238 1576 1271 accusasset,
1591 1244 1699 1261 contrave
1710 1237 1872 1263 testimonium
1880 1238 1952 1264 dixis-

1175 1268 1206 1293 set
1219 1287 1225 1297 ,
1245 1276 1282 1294 aut
1294 1268 1428 1302 suffragium
1441 1269 1526 1295 tulisset
1539 1286 1546 1297 ‚
1563 1277 1582 1293 rs
1596 1269 1737 1300 proditionis
1752 1269 1804 1300 lege
1817 1269 1949 1298 tenebatur,

1174 1308 1278 1333 eumque
1290 1302 1333 1333 qui
1346 1302 1476 1330 occidtffer,
1495 1303 1533 1334 pie
1544 1301 1620 1325 fecisse
1629 1318 1635 1328 ,
1652 1302 1676 1324 δι
1688 1300 1782 1324 inferno
1790 1301 1951 1331 Jovihosliatn

1176 1333 1281 1357 mastasse
1297 1334 1426 1364 putabatur.
1445 1341 1513 1365 atque
1532 1332 1667 1363 hujusmodi
1679 1333 1792 1356 clientelae
1805 1340 1950 1366 quamquam

1175 1365 1201 1388 ab
1218 1366 1290 1389 initio
1302 1365 1450 1396 potissimum
1463 1365 1552 1390 urbana:
1566 1365 1640 1396 plebis
1651 1363 1713 1388 causa
1726 1363 1778 1388 sunt
1790 1364 1953 1393 institutae‚ta-

1177 1404 1231 1420 men
1252 1404 1291 1427 per
1302 1405 1341 1425 ea,
1358 1405 1409 1429 qux
1420 1397 1541 1422 consecuta
1554 1397 1620 1423 sunt,
1640 1402 1759 1427 tempora,
1775 1396 1836 1419 austa
1850 1397 1895 1426 jam
1909 1400 1951 1421 Ut-

1175 1428 1210 1451 bis
1229 1429 1336 1456 ditione,
1355 1430 1384 1453 ira
1400 1429 1453 1453 sunt
1470 1429 1628 1460 amplifitatae,
1645 1435 1669 1451 ut
1683 1435 1732 1451 non
1744 1428 1845 1451 coloni-c
1857 1427 1950 1456 solum,

1176 1459 1213 1483 sed
1225 1467 1306 1491 gentes
1318 1462 1389 1484 etiam
1398 1477 1404 1487 ,
1422 1468 1459 1484 aut
1470 1461 1534 1484 bello
1548 1460 1627 1486 view,
1644 1465 1681 1482 aut
1688 1458 1950 1491 societateamicitiaque

1176 1493 1266 1523 populo
1285 1495 1396 1516 Romano
1414 1492 1545 1520 conjuncte
1557 1508 1564 1518 ‚
1587 1489 1631 1514 sese
1643 1491 1733 1513 civium
1747 1492 1910 1514 Romanorum
1924 1493 1950 1516 iu

1176 1523 1303 1553 patrocinia
1316 1523 1467 1546 contulerint.
1480 1523 1509 1547 sic
1522 1526 1556 1547 M.
1571 1522 1710 1545 Marcellum
1722 1520 1951 1553 Syracusani‚QFa-

1177 1555 1244 1578 bium
1257 1554 1399 1585 Allobroges
1407 1571 1414 1581 ,
1428 1555 1486 1578 alios
1499 1555 1547 1581 alii,
1558 1552 1571 1577 ἒι
1583 1554 1669 1585 quibus
1676 1553 1733 1576 visti
1739 1552 1827 1576 fuerant
1836 1570 1842 1580 ‚
1853 1554 1951 1579 eosdem

1176 1586 1226 1617 post
1239 1586 1362 1609 victoriam
1369 1593 1479 1617 patronos
1492 1586 1626 1609 habuerunt.
1638 1584 1899 1615 cuiusofficiitanquam
1906 1586 1952 1610 hae-

1177 1618 1259 1640 reditas
1278 1619 1348 1641 etiam
1367 1618 1395 1640 ad
1411 1618 1517 1647 posteros
1535 1617 1648 1648 pervenit.
1660 1623 1782 1646 nunquam
1795 1617 1860 1639 euim
1873 1624 1952 1649 neque

1175 1650 1258 1672 Siculis
1277 1649 1441 1673 Marcellorum
1457 1666 1463 1676 ,
1487 1656 1564 1680 neque
1577 1647 1746 1679 Allobrogibus
1759 1647 1883 1671 Fabiorum
1895 1649 1952 1673 fides

1175 1680 1299 1711 officiaque
1311 1680 1444 1704 defuerunt.
1460 1681 1553 1704 Pastum
1567 1679 1599 1703 est
1612 1685 1688 1702 autem
1698 1696 1703 1705 ,
1723 1686 1760 1705 ut,
1779 1687 1849 1711 quam
1857 1680 1897 1703 diu
1905 1680 1951 1705 soli.

1178 1713 1265 1743 patricii
1280 1711 1384 1736 senatum
1397 1719 1520 1736 tenuerunt
1530 1728 1536 1739 ,
1555 1718 1602 1735 tam
1616 1711 1657 1735 diu
1670 1710 1710 1734 sub
1722 1718 1806 1734 eorum
1819 1712 1889 1735 tutela
1901 1713 1950 1744 ple-

1175 1744 1230 1773 beis:
1244 1743 1338 1768 samiliae
1353 1744 1448 1768 fuerint.
1463 1744 1502 1767 ubi
1516 1751 1571 1767 vero
1584 1751 1633 1766 nort
1645 1743 1746 1773 patriciis
1759 1742 1846 1770 modo,
1865 1742 1952 1776 setige-

1176 1777 1274 1799 neratim
1288 1776 1400 1799 omnibns
1409 1776 1498 1799 civibus
1512 1774 1622 1798 senatoria
1634 1775 1734 1805 dignitas
1746 1774 1831 1805 patuit:
1845 1781 1910 1802 tum,
1924 1782 1950 1800 ut

1176 1809 1261 1839 cuique
1281 1807 1355 1838 magis
1374 1806 1458 1833 libuit,
1474 1813 1602 1836 patronum
1615 1805 1671 1831 fibi,
1689 1805 1733 1828 five
1746 1805 1884 1835 patricium,
1902 1806 1949 1831 {ive

1177 1838 1308 1870 plebeium,
1326 1838 1450 1869 adoptavit.
1467 1838 1592 1861 discrimen
1604 1836 1671 1860 enim
1685 1836 1709 1860 in
1721 1837 1847 1867 deligendo
1854 1838 1949 1863 nullum

1177 1869 1221 1894 ess'e
1233 1871 1311 1902 potuit
1323 1879 1328 1892 :
1346 1877 1400 1893 cum
1414 1886 1420 1896 ‚
1439 1868 1570 1893 honoribus
1583 1869 1644 1892 inter
1656 1875 1740 1892 omnes
1753 1870 1949 1898 communicatis,

1176 1910 1241 1934 :eque
1255 1902 1339 1933 plebeii
1352 1902 1459 1925 hominis
1472 1909 1494 1924 ac
1508 1901 1598 1931 patricii
1612 1899 1709 1930 polleret
1722 1899 1854 1924 authoritas.

1211 1933 1266 1959 Sed,
1285 1941 1309 1958 ut
1322 1940 1431 1965 tanquam
1445 1933 1550 1959 inviam,
1569 1931 1767 1962 undepaullulum
1780 1930 1886 1959 divertit,
1901 1936 1952 1957 οη.

1178 1966 1213 1989 tio
1227 1966 1316 1991 redeat,
1334 1973 1383 1996 qux
1398 1965 1467 1988 fuerit
1480 1965 1505 1988 in
1518 1964 1600 1995 primis
1612 1963 1753 1987 senatoribus
1765 1963 1868 1986 creandis
1881 1965 1950 1992 ratio,

378 1999 409 2025 ti,
429 1998 538 2029 suffragiis
552 1997 662 2027 juberent.
675 1997 721 2020 hacc
729 1998 793 2021 enim
808 1998 862 2023 tria,
880 2004 933 2020 curu
947 2004 1024 2021 caetera
1037 2005 1077 2028 pet
1090 1996 1150 2020 sena·
1179 2005 1202 2020 ea
1216 2005 1266 2028 qum
1278 2005 1325 2026 iam
1336 1995 1500 2028 exposuimus,
1518 1995 1638 2019 declarant.
1656 1995 1759 2026 reliquos
1771 1994 1948 2028 senatores‚qui

380 2038 429 2054 tum
442 2033 522 2053 omnia
535 2035 667 2052 curarentur
678 2045 683 2055 ,
703 2027 714 2051 a
726 2030 815 2060 populo
829 2028 993 2052 statuebantur:
1011 2030 1035 2052 &
1048 2028 1104 2051 hanc
1118 2029 1153 2051 illi
1180 2029 1266 2053 deinde
1279 2036 1330 2052 ante
1341 2029 1438 2052 liberam
1451 2028 1578 2054 civitatem,
1591 2033 1628 2051 aut
1641 2026 1665 2049 in
1674 2027 1854 2050 demortuorum
1867 2028 1950 2053 locum

379 2062 513 2092 porcssatem
528 2062 645 2084 Romulus
657 2060 771 2090 permitit,
789 2068 866 2092 neque
879 2068 955 2084 tamen
966 2059 1093 2084 absolutam
1103 2077 1108 2086 2
1118 2058 1166 2083 sed!
1179 2060 1266 2085 suffcsti
1276 2078 1282 2087 ‚
1299 2067 1336 2084 aut
1349 2060 1448 2092 augendi
1461 2060 1549 2083 senatus
1560 2057 1622 2082 causa
1635 2059 1704 2081 creati
1717 2057 1782 2084 sunt,
1800 2066 1848 2082 non
1865 2061 1950 2090 populi

380 2101 425 2119 tta,
443 2101 481 2119 ut,
499 2094 564 2122 quod
578 2093 642 2124 plebs
658 2091 747 2120 iuliiffet
761 2109 767 2119 ‚
786 2093 810 2115 id
824 2099 874 2115 tum
889 2093 986 2116 demum
999 2098 1072 2115 ratum
1087 2090 1154 2119 ess‘ct,
1183 2091 1294 2123 suffragiis
1308 2110 1313 2119 ,
1341 2091 1380 2115 sed
1392 2092 1510 2115 voluntate
1529 2090 1664 2121 judicioque
1678 2090 1750 2121 Regis
1767 2090 1792 2113 in
1806 2091 1949 2122 ampliffimo

377 2124 395 2148 ιί
408 2124 496 2148 senatus
509 2124 572 2147 idem
586 2123 734 2155 approbastet.
753 2124 801 2147 rost
814 2125 905 2147 exonios
914 2128 987 2154 Reges
1000 2123 1070 2147 video
1084 2124 1151 2146 ratio·
1174 2124 1264 2147 ordine
1276 2123 1403 2154 perveniffe
1414 2122 1575 2146 existimarim.
1593 2129 1670 2153 neque
1683 2129 1738 2144 vero
1752 2128 1791 2145 me
1801 2122 1890 2146 inhauc
1897 2125 1950 2154 opi-

378 2164 435 2180 nem
449 2155 492 2179 effe
504 2162 680 2178 commutatam.
695 2163 745 2179 non
758 2156 824 2179 enim
838 2156 866 2179 de
878 2156 1003 2187 plebiscitis
1017 2154 1105 2178 senatus
1118 2155 1151 2184 ju·
1179 2157 1278 2179 trionem
1293 2157 1365 2179 inanis
1377 2155 1482 2186 quredam
1495 2154 1624 2182 conjestura
1635 2154 1698 2177 ducit
1713 2162 1716 2176 :
1735 2153 1773 2177 sed
1788 2154 1848 2178 Livii
1865 2153 1950 2187 sequor:

377 2188 470 2211 dicavit.
485 2186 522 2209 sed
535 2194 574 2212 ea,
592 2194 641 2216 qux
655 2186 742 2211 senatus
754 2187 897 2214 decreverat,
908 2186 1091 2219 populiarbitrio
1100 2177 1164 2217 sub-¹¹
1179 2187 1343 2211 authoritatem
1357 2203 1363 2214 ‚
1387 2187 1450 2215 cujus
1470 2186 1517 2209 haec
1531 2185 1581 2209 sunt
1600 2184 1667 2209 verba
1685 2185 1746 2209 libro
1764 2187 1802 2209 lV.
1819 2193 1866 2218 cap.
1880 2195 1904 2214 4.
1921 2188 1949 2212 in

377 2220 434 2249 jesta
449 2236 455 2245 ,
477 2224 587 2249 tanquam
601 2218 613 2240 a
626 2218 727 2242 domino
742 2219 884 2249 pendebant,
905 2220 1028 2249 prazlertint
1048 2218 1062 2242 fi
1076 2225 1112 2241 aut
1125 2218 1151 2241 ad
1178 2221 1295 2243 concione
1314 2221 1342 2242 C.
1356 2218 1464 2247 Canuleji
1476 2217 1563 2241 tribuni
1581 2217 1655 2248 plebis
1668 2225 1673 2239 :
1697 2219 1778 2240 cavent
1791 2233 1798 2244 ,
1824 2220 1951 2248 riesocietm

377 2250 535 2282 magistratus,
552 2250 626 2272 autad
640 2250 717 2280 leges,
735 2257 771 2274 aut
784 2252 811 2274 ad
824 2251 932 2274 bellicam
946 2251 1061 2274 rationem
1070 2250 1152 2281 spesta-
1176 2253 1275 2283 fiwguis.
1287 2252 1357 2282 quid?
1374 2251 1521 2281 horfipalluit
1535 2248 1669 2272 nobilitatem
1683 2249 1744 2278 ustam
1758 2248 1864 2276 vafrum,
1881 2258 1948 2280 quam

376 2289 441 2307 sent:
459 2288 483 2305 ut
495 2280 654 2304 confirmanda
667 2282 744 2311 potius
756 2289 794 2312 per
807 2283 922 2314 populum
932 2299 938 2308 ‚
955 2290 1004 2314 qux
1019 2281 1106 2305 senatus
1113 2281 1152 2305 de—
1177 2285 1278 2315 plerique
1291 2283 1374 2306 oriundi
1391 2290 1418 2304 ex
1431 2279 1529 2305 ,Albanis
1542 2280 1568 2304 (7-
1582 2280 1666 2303 Sabinis
1675 2296 1682 2306 ,
1697 2288 1736 2302 non
1744 2288 1822 2311 genere
1831 2297 1837 2307 ‚
1854 2281 1947 2310 ”festm-

377 2320 491 2340 creverat,
509 2312 656 2338 viderentur,
674 2319 744 2342 quam
753 2330 758 2339 ‚
775 2321 825 2343 qux
840 2315 939 2344 populus
952 2313 1052 2343 juss'erar,
1071 2322 1109 2345 per
1120 2312 1152 2337 se·
1174 2316 1256 2346 grains,
1269 2315 1307 2343 sed
1315 2321 1355 2346 per
1365 2315 1517 2345 cooptationem
1529 2314 1550 2335 in
1559 2318 1631 2345 patres
1646 2311 1727 2334 habetis
1742 2328 1749 2339 ‚
1764 2317 1803 2335 aut
1816 2312 1843 2334 ab
1855 2312 1946 2342 Regnbus

377 2353 467 2371 nanim.
486 2344 553 2377 quod
566 2343 656 2375 magnis
669 2344 695 2367 in
707 2344 824 2375 republica
836 2345 943 2371 motibus
958 2347 982 2370 ἃ
992 2346 1154 2371 contentioni·
1185 2346 1236 2371 (etii
1247 2363 1254 2375 ,
1277 2352 1317 2370 aut
1325 2345 1370 2380 post
1386 2347 1460 2378 ‘Reges
1471 2344 1559 2371 exano:
1565 2345 1629 2376 jussu
1638 2344 1714 2376 populi
1724 2359 1732 2372 2
1751 2344 1949 2380 finceramsesvare

1851 2378 1952 2407 privatis
