2075 2734
401 64 1358 106 DzVE’renuniSAcnrrvrcrrs.Cam33.
1619 82 1695 112 ²3¹·

127 122 235 158 pateraej
255 133 288 152 eo
309 123 382 162 quod
402 130 525 161 pateant,
547 121 641 149 katine
656 121 692 147 ita
706 118 790 147 dietae.
828 116 910 146 Hisce
925 119 1007 146 etiam
1023 129 1093 147 nunc
1107 120 1135 147 in
1149 118 1255 156 publico
1271 120 1414 153 convivio,
1436 122 1600 159 antiquitatis
1617 125 1680 152 reti-

88 167 180 197 nendae
201 163 289 195 causa,
309 172 372 191 cum
396 161 516 199 Magistri
535 160 618 190 fiunt,
637 158 714 196 potio
728 155 930 188 circumfertur,
953 159 979 185 ἃ
995 159 1022 186 in
1038 158 1210 186 sacrificando
1227 159 1307 190 Deis,
1328 157 1381 186 hoc
1396 161 1495 196 poculo
1512 162 1681 198 Magistratus

88 207 133 235 dat
147 206 207 232 Deo
223 203 327 230 vinum.
355 204 434 229 Varro
447 199 493 227 lib.
505 208 533 234 4.
547 198 581 225 de
591 197 655 234 ling.
670 198 731 224 Lat.
756 196 828 223 Hinc
843 195 1038 224 diminutivum
1047 197 1160 231 patella,
1181 196 1239 224 vasa
1252 197 1355 233 picata,
1376 207 1458 234 parva
1468 221 1476 232 ‚
1497 198 1628 228 fiacr-iridis
1641 200 1681 229 fa.

105 243 186 273 'endis
200 251 214 269 a
235 248 269 270 ta.

86 253 112 301 fl
124 251 271 316 Secefiiiam
284 300 292 311 ,
313 279 399 315 inquit
418 274 504 313 festus
517 295 525 306 ,
545 273 589 302 alii
609 273 738 305 securim,
759 271 803 300 alii
824 271 963 300 dolabram
985 281 1103 305 aeneam,
1123 272 1165 300 alii
1180 273 1318 302 cultellum
1333 282 1437 310 putant.
1479 276 1514 304 Et
1533 285 1614 304 mox:
1633 282 1680 304 Se-

86 321 176 356 tespita
188 313 313 347 'cultrum
334 317 450 344 ferreum
469 313 620 350 oblongum
635 334 643 345 ‚
670 310 813 340 manubrio
833 311 952 351 eburneo
966 330 974 342 ,
1002 311 1120 350 rotundo
1133 332 1142 343 ‚
1163 311 1247 339 solido
1261 333 1268 344 ,
1290 313 1383 340 vincito
1403 314 1434 340 ad
1456 312 1580 350 capulum
1601 325 1681 347 auro,

86 366 252 397 argentoque
273 356 327 383 fixo
347 354 426 383 clavis
444 355 536 391 aeneis,
557 360 607 379 aere
629 352 747 388 Cyprio,
768 359 823 387 quo
841 349 984 378 flamines,
1003 348 1160 381 Flaminica,
1181 351 1296 387 virgines
1318 351 1496 391 Pontificeijue
1508 353 1540 381 ad
1555 352 1679 382 sacrificia

86 398 244 428 utebantur,
265 394 334 422 diota
348 400 437 420 autern
444 391 562 425 secespita
575 388 589 417 ὲ
601 389 722 418 secando.

124 435 231 471 Discus,
250 432 310 460 lanx
325 430 474 461 dicebatur,
497 431 523 457 &
538 430 624 466 magis
637 429 664 456 in
680 436 733 465 quo
749 427 805 455 affae
818 436 909 455 carnes
924 424 1130 463 reponebantur.

127 471 240 502 Dolabra
253 469 477 499 instrumentum,
499 476 554 504 quo
568 467 596 494 in
610 467 725 495 dolando
740 465 892 494 urebantur.

127 508 259 538 Enclubria
272 529 280 541 ,
313 508 367 536 five
386 507 475 543 potius
494 504 621 533 anclabrm
637 527 644 538 ‚
680 504 879 543 appellabantur
899 502 958 531 vasa
977 512 1048 531 aenea
1069 501 1164 539 quibus
1184 501 1334 531 sacerdotes
1353 504 1502 534 utebantur.
1542 504 1677 535 Anclizbriss

86 549 180 580 'menia
193 547 345 576 ministeriis
357 545 454 574 divinis
468 553 538 581 apta.
557 548 629 572 Sext.
644 548 730 579 Pomp.
744 541 837 581 Festus.
864 541 1029 570 Dicebantur
1043 549 1133 569 autem
1148 540 1275 569 anclabrt'a
1289 544 1316 570 δ’,
1329 542 1450 571 anclabm
1464 565 1471 575 ‚
1492 543 1524 572 ab
1540 540 1675 578 anculare⁸‚

87 588 162 628 quod
177 594 232 615 erat
245 584 390 623 ministrare
401 605 408 617 ,
426 583 479 611 five
494 583 525 610 ab
539 582 654 615 anelare,
676 583 748 620 quod
764 590 820 610 erat
835 581 948 609 haurire.

125 623 312 661 Asperfiirium,
332 633 387 661 quo
399 631 496 660 aquam
511 621 644 649 lustralem
656 620 840 659 aspergebant:
860 620 998 648 dicebatur
1011 619 1095 647 etiam
1106 618 1277 657 aspergillum‚
1300 622 1327 649 &
1340 618 1448 658 lustrica.

130 662 347 703 Aquiminarium
361 683 369 694 ,
396 662 449 689 five
469 660 556 687 amula
569 681 578 692 ,
606 669 651 687 vas
670 660 771 688 lustrale
786 681 793 692 ,
822 658 993 695 deportandae
1013 667 1085 694 aquce
1105 657 1240 694 religionis
1260 658 1469 695 expiationisque
1484 659 1550 696 ergo
1567 660 1675 696 deputa-

86 712 156 734 tum.
178 704 242 729 Haec
256 703 283 730 ὃς
297 700 346 728 alia
363 699 421 727 vast
431 698 560 726 sacrificiis
574 698 701 726 destinata
715 705 804 731 erant,
824 697 919 735 quibus
933 696 1084 733 explicatis,
1104 696 1138 724 de
1151 695 1284 725 sacrificiis
1298 697 1381 725 etiam
1396 696 1516 734 quaedam
1535 698 1562 725 in
1576 707 1676 736 genere

88 744 222 776 dicemus:
243 738 320 776 plura
332 737 452 776 sequenti
464 736 533 765 libro
547 736 756 774 explicabuntur.

746 814 770 841 C
791 823 809 841 Α
829 825 852 842 1⁷.
892 812 1027 842 XXXIII.

676 884 730 918 De
755 886 897 918 Veterum
913 881 1088 930 sacrificiis.

86 974 274 1038 Sacrificium
288 993 296 1005 ,
322 972 409 1010 inquit
428 968 531 1011 Isidorus
546 992 554 1004 ‚
580 971 616 999 est
635 970 746 999 vifflma
758 991 766 1002 ,
792 971 818 998 ἃ
839 978 1002 1006 quaecunque
1023 969 1050 996 in
1065 978 1109 996 ara
1122 967 1299 1001 cremantur,
1324 968 1369 998 seu
1383 975 1528 1006 ponuntur.
1567 968 1678 998 Vifflma

148 1023 213 1043 vero
226 1034 234 1045 ,
261 1019 290 1040 ut
303 1011 376 1039 idern
395 1010 431 1038 ait
445 1031 452 1042 ,
478 1009 537 1038 sunt
545 1007 668 1048 fizcrisicia
684 1030 692 1041 ,
719 1019 776 1046 qua:
790 1008 847 1044 post
861 1008 1005 1035 victoriam
1025 1007 1136 1035 deviffis
1149 1007 1265 1037 hostib'us
1279 1008 1489 1036 immolabantur
1502 1017 1508 1033 z
1535 1007 1570 1035 fic
1584 1007 1676 1040 dictae,

88 1053 161 1089 quod
172 1051 201 1079 vi
213 1048 397 1086 id'z‘usperciffz
412 1049 552 1080 caderent,
573 1056 618 1076 aut
632 1048 706 1085 quod
718 1047 814 1075 vinssae
826 1047 858 1074 ad
872 1055 927 1074 aras
939 1047 1105 1074 ducerentur.
1138 1047 1221 1074 Erant
1235 1054 1325 1075 autem
1338 1045 1446 1074 wHimae
1461 1044 1565 1081 majora
1581 1045 1678 1073 sacrifi-

89 1091 143 1122 cia,
164 1099 246 1127 quam
265 1088 371 1116 hostiae:
391 1087 551 1124 plerumque
572 1094 664 1120 tamen
679 1085 880 1114 confunduntur
899 1084 938 1111 hae
954 1094 1042 1112 voces,
1077 1084 1174 1112 Festus:
1200 1083 1302 1120 Hostia,
1322 1082 1590 1122 inquit‚fficrij7“cium
1604 1084 1677 1121 quod

89 1128 201 1156 Laribus
214 1125 406 1157 immolabant,
427 1126 499 1162 quod
514 1125 545 1152 ab
559 1125 610 1152 illis
623 1123 710 1152 hostes
723 1123 808 1151 arceri
821 1121 957 1159 putabant.
977 1122 1049 1150 Alibi
1058 1122 1123 1151 dicit
1129 1121 1217 1161 hostias
1234 1122 1266 1151 ab
1280 1125 1391 1160 antiquo
1399 1120 1580 1158 verbohtstio,
1602 1122 1675 1159 quod

84 1165 150 1202 ferio
163 1165 308 1203 significat,
329 1164 412 1191 dictas
426 1163 485 1189 effe.
506 1163 634 1189 Ovidius:

412 1197 526 1235 Hostibus
538 1197 555 1225 >c
568 1197 644 1226 vistis
655 1196 732 1233 hostia
742 1207 832 1224 nomen
843 1196 924 1224 habet.

130 1238 278 1276 Hostiarum
299 1237 390 1266 multae
412 1243 485 1264 erant
506 1236 673 1264 differentiae:
693 1235 747 1263 aliae
767 1236 840 1262 enim
856 1233 1010 1269 pucidaneae
1026 1255 1033 1267 ,
1065 1244 1121 1272 quae
1134 1243 1196 1264 ante
1209 1235 1327 1264 solennia
1338 1235 1463 1264 sacrificia
1476 1235 1562 1272 pridie
1576 1235 1675 1264 maiia.

90 1279 197 1306 bantur.
226 1276 328 1317 festus:
350 1273 535 1302 mandaverim
549 1283 648 1308 porcam
662 1272 791 1305 dicebant,
812 1283 892 1310 quam
911 1273 1055 1301 immolare
1075 1281 1137 1302 ante
1158 1281 1233 1303 erant
1252 1274 1335 1306 soliti,
1356 1283 1438 1311 quam
1453 1283 1554 1302 novam
1568 1273 1676 1312 frugem

90 1315 248 1345 inciderent.
268 1316 339 1343 Item
346 1312 498 1348 precidanea
510 1322 576 1349 agna
589 1311 746 1343 vocabatur,
767 1321 823 1348 quae
837 1319 899 1339 ante
912 1310 971 1338 alias
983 1311 1139 1340 caedebatur.

128 1353 279 1381 succidanea
296 1351 464 1382 dicebantur,
484 1350 503 1377 fi
521 1350 616 1385 primis
635 1348 725 1376 hostiis
743 1349 849 1376 litatum
869 1359 925 1376 non
942 1356 1013 1381 erat,
1034 1349 1089 1377 aliae
1108 1350 1166 1386 post
1184 1349 1288 1378 easdem
1310 1350 1396 1378 duetae
1417 1350 1599 1382 caedebantur,
1620 1358 1678 1387 quae

91 1392 161 1429 quasi
180 1391 313 1429 prioribus
329 1391 388 1427 jam
407 1388 474 1417 caefis
486 1409 495 1420 ‚
515 1387 605 1415 luendi
625 1387 721 1423 piaculi
739 1388 824 1425 gratia
842 1385 1021 1416 subdebantur
1034 1408 1041 1419 ,
1063 1389 1090 1415 Sc
1109 1387 1283 1416 succedebant
1298 1408 1306 1420 ‚
1327 1389 1363 1416 ob
1382 1389 1409 1416 id
1420 1388 1571 1425 succidanea
1588 1388 1678 1416 nomi-

86 1437 163 1458 natae.

127 1466 234 1495 Eximiae
251 1466 340 1495 hostiae
359 1473 434 1494 erant
447 1486 454 1497 ‚
481 1466 545 1493 teste
565 1463 635 1500 apud
655 1462 814 1491 Macrobium
834 1462 851 1490 l.
869 1474 890 1491 1.
905 1465 1008 1491 Saturn.
1022 1473 1045 1491 c.
1058 1473 1084 1499 5.
1109 1463 1212 1491 Veranio
1226 1465 1254 1491 in
1269 1463 1444 1492 Pontificalib.
1466 1464 1676 1501 Qaestionibus,

89 1514 147 1542 quae
165 1506 198 1533 ad
217 1505 372 1534 sacrificium
391 1504 524 1532 destinatae
541 1500 716 1530 eximebantur
736 1501 750 1530 ἐ
768 1510 870 1539 grege:
892 1501 933 1529 vel
952 1502 1025 1539 quod
1047 1502 1146 1530 eximia
1164 1502 1249 1539 specie
1269 1502 1339 1539 quali
1358 1502 1501 1530 offerendae
1520 1501 1677 1530 numinibus

89 1543 121 1571 eli
143 1553 186 1571 ere
237 1554 258 1572 r.

88 1575 90 1577 ’
122 1551 258 1619 &mg-{lui
268 1581 317 1610 bos
330 1602 339 1614 ‚
357 1588 403 1609 aut
415 1591 514 1610 vervex
525 1578 722 1617 appellabantur
731 1600 739 1611 ,
760 1588 823 1607 curn
837 1579 870 1606 ad
885 1588 981 1606 eorum
996 1586 1107 1616 utraque
1119 1577 1199 1606 latera
1213 1577 1274 1616 agni
1287 1577 1316 1605 in
1330 1576 1489 1606 sacrificium
1504 1576 1677 1606 ducebantur.

91 1623 126 1647 Fe
147 1631 185 1649 us.
443 1646 446 1647 γ

119 1619 273 1697 Ιίίηπόεὲκι,
291 1656 335 1686 vel
354 1656 499 1696 Ambiegnae
510 1679 518 1692 ‚
539 1665 603 1685 oves
615 1656 644 1684 in
656 1655 731 1685 sacris
745 1655 902 1685 dicebantur
916 1677 923 1689 ,
945 1665 1007 1694 quas
1022 1655 1126 1683 circum
1140 1654 1195 1683 aliae
1208 1654 1298 1683 hostiae
1311 1654 1546 1683 constituebantur.
1579 1656 1670 1686 Varro,

16 1710 18 1715 =
61 1728 67 1732 ᾗ
89 1697 239 1734 Ῑιιζζεητιω
250 1696 389 1725 placiades.

129 1736 247 1773 Ham-{ga
260 1756 268 1768 ,
295 1735 360 1767 vel,
386 1742 415 1764 ut
426 1733 556 1772 Jofiephus
570 1734 685 1771 Scaliger
697 1733 763 1772 legit
775 1754 784 1766 ,
808 1731 897 1772 aringa
911 1753 918 1765 ,
945 1732 1080 1762 dicebatur
1092 1731 1175 1760 hostia
1188 1751 1196 1763 ,
1223 1732 1297 1768 cujus
1318 1730 1476 1760 adhaerentia
1499 1729 1673 1767 inspicieban-

74 1768 77 1771 ’
90 1778 132 1801 tur
146 1783 214 1802 exta.

133 1812 253 1839 cuz-iares
272 1812 361 1840 hostiae
379 1810 537 1840 dicebantur
549 1832 557 1844 ,
584 1813 620 1840 ait
641 1809 726 1849 Festus
740 1832 748 1843 ,
774 1811 846 1849 quod
861 1808 945 1838 cai-iar
956 1831 962 1842 ‚
993 1811 1019 1837 id
1034 1810 1070 1837 est
1082 1831 1090 1842 ,
1117 1819 1176 1846 pars
1190 1808 1279 1836 hostiae
1292 1829 1300 1841 ,
1327 1807 1409 1836 cauda
1428 1813 1505 1834 tenus
1525 1807 1673 1837 diceretur,

91 1851 120 1885 ,ὃς
132 1850 280 1886 ponebatur
292 1851 320 1879 in
333 1850 461 1878 sacrificio
473 1860 524 1887 pro
538 1849 633 1888 collegio
648 1848 798 1888 Pontificum
810 1850 905 1887 quinto
920 1859 1026 1887 quoque
1039 1858 1118 1877 anno.

129 1889 249 1926 Prodigia:
259 1889 349 1917 hostiae
358 1888 556 1926 appellabantur
570 1898 627 1925 quae
641 1887 873 1916 consumebantur.

131 1924 250 1953 Bidentes
267 1927 357 1955 hostiae
375 1937 433 1965 quae
453 1926 552 1955 fuerint
565 1948 573 1958 ‚
602 1928 674 1954 varie
691 1925 846 1962 disputatur.
885 1926 974 1953 Fenus
987 1946 994 1957 ‚
1016 1923 1156 1953 Ambidens
1168 1944 1176 1954 ,
1197 1924 1249 1952 five
1262 1922 1347 1950 bidens
1361 1922 1418 1950 ovis
1431 1920 1575 1957 appellatur
1588 1941 1596 1951 ‚
1616 1930 1673 1958 qux

53 1978 56 1980 v
90 1963 267 2000 superioribus
281 1967 307 1993 &
319 1965 488 1993 inferioribus
502 1966 538 1992 est
552 1965 690 1994 dentibus,
711 1967 739 1993 &
752 1964 804 1992 hoc
817 1964 911 2001 probat
925 1963 1027 2000 Jostpb.
1040 1961 1167 1998 Scaliger,
1188 1963 1287 1991 cumin
1297 1965 1451 1989 Varronem
1457 1959 1560 1988 scribit:
1577 1958 1672 1988 Biden-

90 2010 131 2031 ees
143 2009 217 2030 erant
230 2002 330 2035 hostiae,
350 2013 406 2040 quae
420 2006 447 2033 ὃς
462 2004 607 2041 cornigerae
623 2002 717 2034 effent,
739 2005 766 2030 δε
783 2003 849 2029 duos
863 2003 956 2030 dentes
969 2000 1102 2028 eminulos
1116 2000 1252 2028 haberent.

131 2039 295 2068 Ambus-hales
307 2040 410 2074 hostiae,
431 2051 488 2079 quae
501 2043 603 2070 circum
618 2040 750 2069 terminos
762 2040 834 2067 urbis
849 2041 946 2067 Romae
959 2039 1131 2067 ducebantur.

130 2078 300 2106 Ambarwles
316 2078 404 2107 hostiae
424 2079 602 2116 appellantur,
623 2088 681 2117 quae
702 2088 752 2116 pro
765 2079 832 2105 arvis
844 2077 858 2106 a
875 2088 906 2105 xi
917 2089 936 2105 1.
953 2076 1077 2105 fratribus
1088 2075 1307 2105 laetificabantur.
1333 2073 1426 2111 Festus.
1454 2075 1488 2102 Et
1501 2084 1567 2103 mox
1582 2086 1588 2103 ι
1607 2077 1671 2103 Am-

89 2116 200 2145 barvalis
213 2115 288 2153 hostia
302 2117 352 2149 est,
373 2127 430 2155 quae
443 2119 482 2146 rei
494 2119 590 2146 divinae
604 2117 692 2149 causa,
714 2117 816 2144 circum
827 2125 888 2144 arva
903 2116 1024 2147 ducitur,
1044 2114 1075 2142 ab
1090 2115 1120 2141 iis
1135 2115 1178 2151 qui
1194 2123 1244 2150 pro
1258 2113 1377 2151 frugibus
1392 2112 1502 2141 faciunt.

130 2158 228 2193 Injuges
240 2154 330 2183 hostiae
341 2175 350 2185 ‚
369 2165 426 2192 quae
438 2165 576 2194 nunquam
589 2157 714 2188 domitae,
734 2165 764 2182 ac
777 2155 843 2192 jugo
858 2153 967 2181 subdizae
981 2154 1096 2182 fuerunt.
1129 2152 1262 2180 Trebatius
1276 2152 1344 2189 apud
1360 2151 1481 2180 Macrob.
1495 2151 1513 2179 l.
1531 2161 1555 2188 3.
1568 2152 1672 2179 Saturn-

89 2193 115 2221 'c.
130 2203 156 2229 5.
175 2195 230 2221 duo
249 2193 371 2230 inprimis
390 2193 533 2222 hostiarum
551 2204 648 2233 genera
663 2193 737 2221 fuisse
751 2193 816 2220 dicit
831 2204 836 2219 -.
864 2192 974 2219 alterum
988 2213 994 2223 ,
1015 2193 1042 2220 in
1056 2200 1110 2229 quo
1126 2190 1248 2219 voluntas
1262 2191 1314 2219 Dei
1327 2200 1374 2227 per
1389 2198 1449 2218 exta
1463 2189 1668 2227 disquirebatur:

90 2230 214 2264 alterum,
237 2241 292 2269 quo
303 2231 356 2259 sola
369 2233 458 2259 anima
470 2234 530 2260 Deo
543 2233 703 2261 acrabatur:
723 2231 793 2259 unde
808 2233 835 2260 δε
849 2230 971 2258 animales
984 2229 1060 2268 hostia
1076 2228 1246 2257 vocabantur.

130 2271 281 2301 Caeterum,
294 2268 419 2308 fiicrificia
433 2270 482 2298 hac
496 2273 600 2300 ratione
613 2270 816 2309 peragebantur.
836 2271 907 2296 Cum
915 2269 1028 2302 fizcerdos
1043 2268 1182 2295 victimam
1197 2268 1228 2295 ad
1242 2276 1313 2295 aram
1329 2266 1490 2298 adduxisset,
1509 2266 1575 2293 stans
1591 2274 1673 2293 manu

86 2316 161 2337 asam
175 2308 370 2346 prehendebat,
392 2310 419 2337 ὃ(
433 2317 525 2346 preces
539 2309 674 2338 fundebat.
696 2308 859 2345 Principium
868 2306 1048 2343 precationisa
1055 2311 1118 2339 ‚Lino
1128 2308 1154 2334 8<
1164 2304 1233 2343 Vesta
1249 2306 1305 2333 fieri
1313 2305 1470 2342 oportebat,
1485 2306 1576 2341 quaein
1585 2305 1673 2332 omni-

90 2345 138 2376 hus
156 2347 232 2376 sacris
251 2348 382 2385 praecipua
402 2348 514 2375 numina
533 2355 621 2380 erant,
643 2350 669 2377 ὃς
692 2347 719 2375 in
740 2348 810 2375 votis
830 2345 1011 2382 nuncupandis
1023 2344 1259 2381 compellationem
1277 2346 1395 2382 primam
1409 2351 1575 2370 meruerant:
1595 2342 1674 2408 indecf

1599 2389 1652 2416 quo
