2075 2734
348 126 405 153 30„
642 101 1646 136 Aisa-iQuirarumRoMANAnuMLis-IV.

349 159 502 191 lesendam.
522 158 609 183 Locus
624 152 667 180 ille
681 162 713 179 cx
727 152 794 179 libro
811 148 915 177 Arnobii
931 158 1024 177 contra
1036 151 1137 177 Gentes
1148 160 1172 186 7.
1186 149 1330 188 significare
1344 150 1463 180 videtur,
1484 148 1529 176 ubi
1541 148 1684 179 ficscribit:
1705 153 1800 191 Operae
1807 156 1929 192 pretium·

347 184 475 227 este'verba
489 194 541 230 ipsa
554 194 729 228 depromere,
750 188 845 226 quibus
860 197 923 215 cum
938 189 1031 215 vinum
1048 188 1140 218 datur,
1161 189 1199 215 uti
1213 198 1244 216 ac
1259 188 1404 224 supplicare
1411 185 1576 214 consuetudo
1585 187 1629 215 est.
1648 192 1747 217 Mnffics
1755 191 1807 221 hoc
1816 195 1926 222 vinoin-

347 235 414 263 ferio
434 234 496 260 esto.
526 232 629 266 Inserta,
650 229 735 264 inquit
756 225 904 257 Trebatius,
926 225 1038 253 verbum
1059 236 1089 254 ea
1103 235 1177 254 caula
1191 227 1227 254 est
1241 227 1380 257 additum,
1399 234 1482 261 eaque
1496 225 1599 252 ratione
1613 226 1764 261 profertur:
1784 241 1818 259 ne
1830 233 1924 260 vinum

346 281 429 300 omne
444 270 557 298 omnino
571 288 579 300 ,
600 267 672 304 quod
686 267 713 293 in
733 265 803 293 cellis
817 273 896 301 atque
910 263 1045 300 apothecis
1060 265 1096 292 est
1110 264 1266 296 conditum,
1286 274 1319 292 ex
1333 264 1428 303 quibus
1442 262 1507 291 illud
1522 265 1594 300 quod
1609 262 1753 293 effunditur
1766 276 1926 307 promptum

345 311 398 341 cst,
420 309 471 336 effe
483 308 585 335 lacrum
599 305 720 340 incipiat,
742 305 769 332 ὃ(
783 313 815 330 ex
826 302 912 331 ufibus
924 303 1069 338 excipiatur
1081 302 1214 331 humanis.

388 348 469 375 Eram
483 347 509 375 ὅς
524 342 662 373 Ambus-bia
669 348 758 377 stura,
779 350 837 378 quae
851 340 963 374 fiebant,
982 350 1046 380 cum
1063 340 1132 368 Urbs
1150 343 1177 369 ὃ(
1189 342 1359 377 pomoerium
1370 339 1542 374 lustrabatur,
1562 346 1591 368 ut
1606 340 1676 377 apud
1691 341 1831 371 Lucanum
1845 344 1890 373 lib.
1903 356 1926 375 1.

656 384 720 407 Mox
727 378 800 413 jubet
814 378 855 411 ξς
867 386 949 405 totam
953 378 1055 412 pnmdts
1069 377 1088 406 ὰ
1102 377 1196 406 civibus
1208 378 1298 407 urbem

657 416 769 449 Ambiri,
789 415 895 454 &flesto
901 424 1038 454 purgantes·
1050 416 1143 444 moem'a
1153 415 1227 454 lustro

660 460 746 494 Longa
753 464 798 490 per
809 463 932 482 extremae
941 454 1063 489 pomaeria
1072 454 1166 491 cingere
1170 454 1254 492 fines.

659 492 790 531 Pontfices
795 490 863 528 fizcri
874 493 962 531 quibus
974 491 1008 530 cst
1015 491 1133 530 permtffz
1140 491 1254 530 potestas.

389 539 461 568 Hinc
476 533 649 564 Amburbiales
662 531 740 569 hostia
753 531 908 559 dicebantur
918 551 926 562 ,
953 539 1010 566 qua:
1023 531 1124 558 circum
1139 531 1271 558 terminos
1285 529 1356 558 urbis
1370 531 1467 559 Romae
1481 529 1653 560 ducebantur.
1678 532 1769 568 Festus.
1789 533 1877 571 Hujus
1891 534 1930 563 sa-

351 580 388 607 cri
404 576 530 604 meminit
544 571 650 607 Vopifius
666 572 693 598 in
708 569 862 598 Aureliano:
885 570 1014 600 Cantata,
1033 569 1136 605 inquit,
1156 569 1290 600 carmina,
1310 568 1482 597 amburbium
1498 569 1676 602 celebratum,
1695 572 1852 599 amburralm
1868 582 1929 609 pros

351 616 439 646 milla,
462 616 513 642 διε.
539 609 697 638 Observavit
710 608 765 635 haec
777 605 905 635 Turnebus
921 605 1138 634 Adverssriorum
1151 606 1195 634 lib.
1214 609 1254 635 18.
1269 615 1326 642 cap.
1346 617 1385 642 17.
1413 605 1535 643 Jofiphus
1548 609 1656 643 Scaltger
1669 610 1890 646 Castigationibus
1901 612 1931 640 in

350 655 456 682 Festum
470 652 502 678 ad
515 658 611 678 vocem
620 644 789 677 Amtermim',
809 645 957 673 Amburbia
970 644 1002 672 ab
1018 643 1219 672 Ambarvalibus
1233 654 1288 672 non
1300 645 1450 683 distinguit,
1470 645 1514 673 sed
1529 645 1623 672 eadem
1638 646 1689 673 effe
1700 646 1799 675 scribit.

391 690 528 730 Qoniam
541 686 678 715 a11tem.de
692 684 885 712 lustrationibus
895 684 965 713 dixi,
986 692 1041 710 non
1051 683 1168 711 alienum
1182 683 1214 710 ab
1228 682 1281 710 hoc
1294 684 1355 712 loco
1369 684 1420 712 erit
1431 703 1439 715 ,
1458 683 1477 710 si
1490 684 1573 711 etiam
1588 683 1622 710 de
1635 683 1777 719 lustratrone
1789 685 1931 725 quinquen.

350 730 417 761 mult,
438 738 494 765 quae
508 727 521 754 a
537 724 696 753 Censet-ibus
710 723 804 760 quinto
818 731 925 759 quoque
933 730 1003 748 anno
1012 720 1131 757 perfeeto
1138 721 1232 755 censu,
1254 721 1443 758 peragebatur,
1464 722 1586 757 quaedam
1595 721 1713 749 afferam.
1733 723 1930 761 Dehocitaque

352 777 431 795 more
445 761 575 802 Dronyfius
588 760 790 798 Halicarnaffbus
801 760 845 787 lib.
853 769 880 795 4,
894 760 921 786 in
935 759 1041 786 historia
1052 758 1135 786 Servii
1148 759 1227 787 Tulin
1241 760 1337 797 Regis,
1359 760 1404 796 qui
1418 759 1514 787 author
1529 759 1605 795 hujus
1620 760 1805 793 institutifuit‚
1825 762 1932 790 ita-scri-

351 806 406 834 bit:
428 803 551 831 Perfecto
565 801 643 828 censu
656 799 670 827 a
684 799 774 827 Tullio
790 799 881 835 Rege,
901 807 996 825 omnes
1011 797 1082 824 cives
1092 798 1153 833 juffi
1166 797 1225 825 sunt
1239 797 1427 825 armatiadess'e
1436 798 1463 824 in
1471 806 1567 833 campo
1577 797 1692 827 Martio,
1715 798 1750 825 ibi
1758 799 1932 829 instrueresin

351 845 396 872 sua
405 849 539 880 quemque
548 839 667 867 centuria
681 837 796 874 equites,
818 837 934 872 pedites,
956 834 1061 863 velites,
1082 834 1200 863 lustravit
1209 834 1467 862 R'exSolimurtltbus.
1486 835 1598 866 Hostias,
1618 843 1718 864 taurus,
1739 838 1820 868 aries,
1838 839 1864 865 δι
1878 837 1933 866 hir-

353 892 398 910 eus
412 890 451 909 ter
464 876 653 907 circumductae
667 877 770 903 circum
784 875 931 901 exercitum
947 874 1028 900 Marti
1043 873 1165 901 maetatae
1188 872 1255 901 sunt.
1287 875 1349 901 Hoc
1363 873 1448 900 modo
1465 874 1546 900 etiam
1561 873 1649 900 nostra
1663 881 1737 902 aetate
1750 876 1808 912 post
1824 875 1934 905 censum

352 918 473 947 Romani
491 916 632 943 lustrantur
646 914 659 941 Ia·
677 913 832 950 Magistratu
846 911 1024 943 sanffiffimo,
1044 911 1116 948 quod
1128 911 1238 938 lustrum
1252 909 1296 937 sua
1309 920 1376 939 voce
1391 912 1541 938 nominant.
1569 911 1670 938 Eadem
1683 913 1765 939 etiam
1776 912 1833 940 Liv.
1847 913 1893 942 lib.
1910 925 1938 943 ι.

354 956 442 985 Censu
456 953 592 992 perfeeto,
611 952 712 988 inquit,
732 959 814 987 quem
825 956 1004 976 maturaverat
1012 957 1088 977 metu
1096 948 1159 986 legis
1167 949 1200 977 de
1208 948 1318 977 incenfis
1327 949 1397 981 latae,
1417 959 1480 976 cum
1489 949 1658 976 vinculorum
1668 950 1762 981 minis,
1784 950 1933 989 mortisque

354 996 451 1026 edixit,
471 999 500 1020 ut
514 1000 609 1019 omnes
622 990 691 1017 cives
707 989 841 1019 Romani,
862 988 976 1023 equites,
997 986 1151 1023 peditesque
1163 986 1247 1014 insuis
1262 986 1370 1024 quistJue
1377 985 1509 1019 centuriis,
1531 988 1558 1013 in
1567 995 1664 1022 campo
1673 988 1772 1015 Martio
1779 989 1934 1024 primaluce

353 1034 478 1062 adessent.
498 1030 538 1058 Ibi
551 1028 706 1057 instructum
722 1027 869 1053 exercitum
883 1033 997 1052 omnem
1012 1024 1224 1052 Suovetaurilrbus
1235 1025 1367 1057 lustravit,
1388 1026 1468 1061 idque
1481 1026 1622 1052 conditum
1634 1024 1743 1052 lustrum
1756 1026 1918 1063 appellatum
1927 1049 1936 1060 ‚

354 1073 416 1110 quia
429 1072 456 1098 in
471 1068 602 1097 censendo
618 1066 675 1093 finis
688 1064 770 1092 factus
784 1064 828 1089 est.
848 1062 992 1090 Dicebatur
1004 1070 1095 1090 autem
1109 1062 1161 1089 hoc
1175 1066 1277 1091 lacrum
1291 1063 1490 1093 Summarum,
1511 1063 1571 1100 quia
1585 1063 1640 1092 sus,
1661 1063 1733 1094 ovis,
1754 1064 1796 1090 vel
1807 1065 1885 1097 aries,
1907 1069 1935 1095 ὅς

358 1118 447 1139 taurus
456 1130 463 1140 ,
484 1106 570 1135 ornati
586 1105 658 1132 vittis
672 1106 696 1131 ὃ(
709 1101 805 1131 15111115,
825 1108 904 1137 atque
918 1100 950 1127 ad
961 1109 1034 1127 aram
1043 1100 1129 1131 ducti,
1150 1110 1230 1137 quam
1239 1102 1316 1128 icona
1322 1102 1405 1128 etiam
1414 1099 1555 1127 Gula-lmus
1564 1099 1756 1135 Brafficanusin
1764 1102 1841 1129 suurn
1849 1104 1935 1132 dean-

355 1149 429 1185 tiqua
451 1148 641 1173 Romanorum
662 1140 789 1176 religione
810 1138 910 1165 librum
924 1137 1022 1166 retulit.
1055 1139 1190 1170 Dicuntur
1202 1139 1283 1165 etiam
1297 1138 1453 1165 Solitaurt'lm
1467 1138 1500 1165 de
1514 1137 1609 1174 quibus
1621 1141 1692 1164 Sext.
1707 1142 1843 1175 Pompejus.
1868 1142 1935 1170 Soli-

356 1185 460 1215 taurilia
479 1183 623 1209 hostiarum
645 1180 728 1206 trium
741 1177 835 1204 diversi
850 1177 954 1212 generis
967 1175 1184 1203 immolationem
1199 1176 1358 1211 fignificant‚
1379 1174 1459 1206 tauri,
1481 1174 1581 1205 ametis,
1601 1174 1692 1204 verris,
1714 1178 1785 1213 quod
1798 1187 1893 1206 omnes
1906 1180 1936 1208 hi

355 1223 446 1254 solidi,
467 1214 806 1256 integriquefintcorporis.
825 1215 960 1240 Contrarii
968 1222 1106 1244 verveces,
1127 1212 1299 1249 majalesqua
1321 1211 1473 1249 quiasolum
1481 1213 1539 1246 Ofte
1547 1218 1650 1243 toturn,
1674 1214 1839 1246 &iolidunh
1858 1217 1936 1254 figni-

355 1261 432 1292 ficat,
453 1259 523 1287 unde
537 1256 589 1284 tela
602 1254 721 1291 quaedam
727 1251 855 1287 Joltserrea
870 1260 997 1279 vocantur
1011 1258 1068 1279 tota
1081 1249 1182 1282 ferrea,
1204 1253 1230 1278 ὃς
1243 1250 1329 1277 homo
1340 1250 1469 1278 bonarum
1476 1251 1576 1277 artium
1574 1249 1666 1282 fhlers,
1689 1251 1780 1287 &quae
1787 1252 1855 1280 nulla
1863 1262 1939 1290 parte

356 1299 455 1329 laxata,
476 1303 592 1331 cavaque
606 1292 679 1323 sunt,
693 1290 775 1326 soltda
795 1290 984 1322 nominantur,
1004 1297 1084 1326 atque
1096 1288 1191 1316 harum
1203 1287 1350 1316 hostiarum
1364 1290 1490 1317 omnium
1503 1286 1623 1315 inviolati
1636 1286 1695 1314 sunt
1708 1290 1790 1321 tauri,
1810 1299 1867 1326 quae
1879 1301 1940 1329 pars

356 1336 457 1365 scilicet
470 1334 578 1363 creditur
591 1331 619 1358 in
632 1330 796 1358 castratione.
816 1329 882 1355 Sunt
895 1328 1019 1364 quidam,
1041 1327 1086 1363 qui
1099 1334 1208 1364 putent,
1229 1336 1261 1354 ex
1275 1326 1359 1354 tribus
1375 1326 1464 1355 hostiis
1477 1327 1605 1362 praecipue
1619 1334 1722 1354 nomen
1735 1327 1866 1356 inclusum
1874 1339 1939 1358 cum

347 1374 429 1409 stlido
448 1372 532 1403 tauri,
553 1369 624 1407 quod
644 1367 804 1403 amplissima
825 1365 856 1393 sit
870 1375 976 1397 earum,
997 1365 1107 1401 quidam
1123 1365 1247 1392 dixerunt
1260 1366 1384 1392 omnium
1403 1365 1486 1392 trium
1500 1362 1626 1392 vocabula
1638 1363 1761 1399 confusa,
1781 1365 1845 1399 suis,
1865 1368 1939 1401 ovis,

357 1412 441 1444 tauri,
461 1407 607 1438 adeffecisse
617 1407 644 1434 id
656 1406 728 1442 quod
740 1413 794 1430 uno
808 1404 893 1430 modo
906 1403 1099 1439 appellarentur
1109 1401 1249 1433 universae,
1271 1404 1322 1430 &c.
1343 1402 1394 1429 Sed
1409 1403 1443 1430 de
1456 1401 1495 1429 his
1508 1401 1577 1429 satis.

398 1450 465 1478 Illud
479 1450 562 1476 etiam
577 1454 632 1473 non
645 1442 800 1473 omiserim,
823 1442 905 1469 moris
918 1441 991 1468 fuiss‘e
1004 1440 1073 1475 apud
1084 1442 1238 1470 Romanos,
1259 1447 1289 1467 ut
1296 1440 1437 1477 quotannis
1444 1447 1518 1466 certo
1527 1440 1570 1467 die
1577 1438 1677 1467 solenni
1685 1441 1712 1467 in
1719 1449 1820 1479 pompa
1826 1444 1940 1480 gestare.

359 1498 403 1518 tur
416 1498 482 1515 cmm
496 1486 523 1512 in
535 1493 629 1511 crucem
643 1483 728 1512 ailus,
749 1482 775 1507 ὃ(
788 1480 858 1513 nnfi’r
871 1479 1004 1515 splendide
1017 1477 1165 1505 admodum
1180 1478 1207 1504 in
1220 1477 1327 1509 lestioe,
1350 1481 1376 1506 δε
1390 1479 1460 1505 veste
1471 1477 1581 1514 stragula
1588 1477 1702 1514 pretiosa
1710 1479 1812 1506 ledens:
1833 1481 1868 1508 ob
1875 1491 1937 1510 eam

360 1525 479 1556 causam,
499 1522 570 1560 quod
585 1521 611 1549 hi
628 1521 655 1547 in
668 1518 803 1546 oblidione
818 1517 959 1553 Capitolii,
979 1516 1061 1544 Gallis
1076 1516 1254 1551 irruptionem
1268 1517 1294 1543 in
1308 1525 1398 1543 arcem
1413 1517 1590 1546 tentantibus,
1614 1517 1754 1543 Romanos
1770 1516 1895 1555 clangore
1909 1522 1937 1548 ὃς

359 1564 468 1599 strepitu
487 1559 640 1589 excitassent
654 1578 662 1588 ‚
686 1556 787 1583 cambus
806 1555 915 1582 interim
934 1554 1031 1582 somno
1043 1553 1250 1590 indulgentibus.
1278 1555 1407 1583 Meminit
1419 1553 1496 1590 hujus
1510 1552 1673 1581 solennitatis
1687 1553 1835 1582 Plutarchus
1853 1558 1879 1584 in
1892 1557 1940 1585 lib.

358 1603 392 1630 de
406 1603 522 1628 Fortuna
534 1600 731 1624 Romanorum.

402 1640 436 1667 Et
447 1643 520 1664 Sext.
534 1637 678 1670 Pompejus
693 1630 817 1659 meminit
829 1629 916 1665 lapidi}
930 1630 1050 1662 manalis,
1070 1640 1125 1668 quo
1137 1632 1250 1659 nomine
1262 1629 1421 1668 appellatam
1433 1629 1508 1657 fuisse
1521 1630 1586 1657 dicit
1599 1636 1703 1665 petram
1712 1631 1861 1666 quandam,
1882 1641 1940 1670 quae

362 1677 442 1706 fuerit
457 1683 530 1703 extra
543 1681 650 1710 portam
666 1672 803 1706 Capenam
812 1690 819 1701 ‚
838 1670 913 1706 juxta
925 1670 1011 1697 aedem
1027 1670 1134 1700 Martis,
1156 1679 1251 1707 quam,
1274 1679 1334 1697 cum
1344 1677 1453 1705 propter
1461 1668 1576 1696 nimiam
1585 1668 1729 1696 liccitatem
1738 1669 1765 1696 in
1773 1669 1869 1697 urbem
1877 1679 1939 1706 pro-

362 1714 510 1744 traxissent,
530 1711 665 1747 insequuta
677 1709 764 1736 statim
778 1708 867 1744 pluvia
878 1707 971 1734 fueris.
992 1707 1063 1735 unde
1072 1708 1171 1739 etiam,
1191 1707 1263 1745 quod
1273 1717 1351 1745 aquas
1359 1714 1492 1738 manaret,
1512 1706 1620 1733 manalu
1627 1705 1688 1740 lapis
1695 1707 1779 1734 dffltus
1786 1707 1825 1736 lit.
1844 1710 1886 1735 De
1894 1718 1940 1736 eo-

363 1755 427 1782 dem
444 1755 519 1781 Varro
534 1749 611 1779 lib.‚2.
626 1750 659 1775 de
675 1756 727 1774 vita
739 1746 829 1783 populi
843 1746 976 1775 Romani,
996 1746 1064 1783 apud
1080 1745 1203 1773 Nonium
1219 1746 1389 1774 Marcellum».
1411 1744 1523 1771 Manalts
1535 1745 1598 1778 lapts
1612 1744 1789 1779 appellaturin
1800 1746 1938 1774 Pontifica-

360 1792 428 1819 llbus
440 1790 530 1821 sacris,
552 1788 597 1825 qui
610 1795 674 1815 tunc
689 1793 829 1815 movetur,
850 1793 912 1811 cum
926 1784 1020 1820 pluvia:
1033 1791 1201 1820 exoptantur.
1229 1785 1272 1812 Sic
1286 1786 1360 1812 enim
1375 1783 1503 1812 Varronis
1518 1781 1610 1811 locum
1623 1782 1734 1810 restituit
1745 1781 1868 1818 Josephus
1879 1788 1940 1812 Sca-

361 1833 435 1867 ltger‚
457 1825 679 1864 Castigationibus
692 1825 719 1851 in
734 1823 894 1859 l’ompejum
911 1822 1022 1849 Festum.
1935 1818 1940 1821 ·

406 1869 448 1894 De
460 1862 677 1900 Supplrcatiombus
691 1862 735 1888 lib.
754 1871 794 1888 10.
808 1870 864 1897 cap.
880 1860 1031 1897 penultimo
1045 1860 1175 1888 dicemus.
1193 1861 1235 1887 De
1249 1857 1402 1897 [easta-niis
1416 1857 1495 1895 paulo
1508 1866 1568 1886 ante
1582 1858 1702 1895 quaedam
1717 1861 1942 1890 memoravimus.

405 1909 470 1933 Sunt
490 1911 614 1940 praeterea
629 1898 806 1936 seriaepropm'ae
819 1899 995 1930 familiarum,
1017 1899 1103 1936 inquit
1118 1898 1282 1930 Macrobius,
1303 1907 1333 1926 ut
1346 1897 1581 1932 Claudtaejamulm.
1604 1896 1645 1923 vel
1658 1895 1776 1929 AEmvliae,
1795 1903 1839 1925 teu
1852 1899 1939 1932 sulm,

365 1945 416 1972 five
430 1942 563 1969 Carnem.—
585 1944 611 1969 ὃς
626 1940 643 1966 fi
657 1947 720 1975 quas
735 1938 813 1964 ferias
825 1938 945 1973 proprias
959 1946 1068 1973 quaeque
1083 1937 1183 1964 familia
1195 1946 1227 1964 ex
1242 1936 1286 1964 usu
1294 1937 1446 1964 domesticae
1452 1934 1610 1963 celebritatis
1617 1934 1745 1961 oblervat.
1763 1937 1829 1963 Sunt
1827 1935 1941 1974 fingulo-

366 1993 438 2013 rum,
459 1989 487 2007 nt
500 1979 642 2007 natalium,
664 1976 853 2013 fulgurumque
866 1974 1054 2010 iuscepnones,
1076 1976 1142 2002 item
1158 1975 1299 2006 funerum,
1320 1982 1400 2012 atque
1412 1973 1601 2008 expiationum.
1622 1972 1700 2008 Apud
1710 1980 1811 2000 veteres
1819 1983 1940 2012 quoque,

367 2022 412 2056 qui
434 2017 593 2045 nominass‘ct
614 2015 727 2042 Salutem
741 2034 749 2046 ,
770 2013 915 2040 semoniam
927 2032 935 2042 ‚
955 2014 1053 2047 Sejam,
1073 2012 1213 2050 Segetiam,
1233 2017 1258 2040 T
1257 2012 1389 2043 urilinam,
1410 2011 1486 2039 ferias
1498 2009 1660 2038 observabat.
1694 2011 1766 2038 Item
1786 2011 1942 2046 Flaminica,

369 2057 472 2093 quoties
487 2057 602 2082 tonitrua
616 2053 738 2082 audistin,
760 2051 852 2079 feriata
865 2060 934 2082 erat,
955 2051 1042 2078 donec
1056 2051 1177 2088 placasset
1190 2052 1273 2080 Deos.
1292 2052 1334 2078 De
1347 2050 1419 2078 feriis
1426 2047 1586 2076 familiarum
1595 2048 1721 2084 propriiS,
1742 2049 1795 2077 five
1802 2049 1878 2078 sacris
1884 2052 1939 2088 pri-

368 2096 435 2120 vatis
451 2093 499 2120 fuit
513 2093 553 2119 lex
568 2093 594 2118 in
613 2090 783 2120 12.Tabulis,
804 2090 843 2117 his
857 2096 987 2125 concepta
1003 2090 1099 2117 verbis:
1120 2093 1196 2116 Sacra
1204 2097 1309 2123 privata
1321 2096 1447 2125 perpetua
1462 2095 1603 2114 manento:
1623 2088 1655 2113 ad
1673 2095 1753 2123 quam
1768 2087 1857 2124 legem
1872 2098 1942 2126 quae-

369 2132 431 2158 dam
447 2131 479 2156 de
494 2130 569 2157 sacris
582 2129 688 2164 privatis
701 2128 864 2157 notabimus:
885 2128 959 2164 plura
972 2127 1050 2154 habet
1064 2128 1182 2160 Franctft.
1197 2131 1354 2154 Hotomanus
1367 2127 1393 2153 in
1407 2125 1536 2161 tripertita
1555 2135 1594 2152 12.
1618 2123 1712 2153 Tabul.
1733 2127 1941 2154 commentatio·

370 2178 413 2196 ne.
433 2166 510 2193 Fertis
523 2166 644 2193 natalitn':
658 2166 835 2195 ssc1·ificabant
848 2166 940 2198 Genio,
961 2166 1193 2203 quemadmodum
1207 2175 1240 2192 ex
1254 2164 1362 2192 Tibullo
1375 2164 1391 2190 l.
1404 2174 1428 2191 2.
1443 2163 1509 2199 eleg.
1527 2173 1551 2190 2.
1565 2162 1702 2193 discimus,
1723 2163 1768 2191 ubi
1781 2172 1863 2192 etiam
1876 2164 1941 2195 alia,

371 2215 428 2243 qus:
442 2206 473 2231 ii,
486 2204 575 2231 dicbus
588 2205 676 2240 peragi
689 2204 817 2236 solerent,
838 2210 1098 2232 commemorantur.
1117 2202 1229 2230 Foeminae
1241 2201 1358 2239 Junwi,
1379 2211 1436 2239 quae
1448 2201 1562 2238 iplarum
1577 2201 1668 2228 natalis
1676 2202 1808 2233 Deaerat,
1827 2202 1895 2229 laci-a
1902 2200 1940 2228 fa-

371 2243 484 2273 ciebant.
505 2243 547 2268 De
562 2246 710 2270 Funertbus.
730 2241 856 2279 ficrisque
868 2252 900 2269 eo
914 2241 1108 2278 pertinentibus
1121 2241 1242 2269 dicemus
1253 2239 1299 2267 suo
1313 2240 1383 2268 loco.
1405 2241 1493 2276 Atque
1506 2238 1561 2267 haec
1574 2239 1725 2271 habuimus,
1746 2239 1941 2276 quaedeRoma-

370 2278 544 2314 mrumfitcris
556 2280 583 2306 in
598 2278 718 2305 medium
731 2279 886 2308 afferremus
902 2294 906 2308 ·.
932 2280 1027 2317 quibus
1040 2280 1173 2307 coronidis
1186 2279 1247 2306 loco
1263 2299 1271 2310 ,
1294 2279 1449 2315 adjiciemus
1462 2296 1469 2306 .
1489 2276 1594 2312 Ausonii
1608 2276 1796 2312 Burdigalenfis
1808 2276 1941 2313 epigram-

351 2344 354 2348 ,
373 2317 579 2384 matalquaedam
592 2318 626 2346 de
641 2316 745 2350 diebus,
767 2318 913 2349 mensibus,
934 2322 960 2349 ὃς
978 2325 1092 2356 quatuor
1106 2326 1167 2348 anni
1179 2317 1310 2356 partibus,
1331 2316 1403 2354 quod
1416 2325 1446 2344 ea
1457 2314 1490 2344 ab
1504 2314 1553 2347 hae
1565 2315 1723 2345 traetatione
1735 2323 1790 2344 non
1804 2314 1943 2344 videantur

372 2358 422 2385 mse
435 2366 449 2385 a
460 2365 526 2385 ient«.

1838 2388 1950 2426 Auffinid
