2075 2734
354 76 405 116 Da
435 95 574 117 cAvsls
604 77 866 116 COM1T10RUM
893 86 1241 117 Camunni-onum
1282 88 1364 117 Cn.
1384 99 1410 126 9.
1617 101 1673 134 457

95 140 142 177 qui
161 138 194 168 ad
213 136 279 165 bella
299 138 506 167 emitterentur:
532 139 649 167 totidem
669 136 805 165 seniorum
827 137 860 165 ad
880 137 1006 166 servanda
1021 138 1130 167 moenia.
1170 138 1242 167 Huic
1255 136 1324 166 classi
1336 137 1463 167 secundus
1476 138 1550 168 louis
1565 138 1676 171 dabatur

94 179 123 206 in
140 177 205 206 acie.
245 176 335 203 Tertia
353 179 449 212 tensas,
468 184 498 205 ut
516 177 549 204 ad
568 176 663 212 stpties
683 174 757 203 mille
776 177 802 204 δε
823 176 981 213 quingentas
1000 176 1140 204 drachmas
1161 186 1215 205 non
1232 176 1415 215 perveniebat:
1437 178 1472 206 ita
1485 178 1677 216 quinquaginta

93 215 179 243 minas
192 222 248 241 non
261 214 412 242 excedebat.
438 215 487 243 His
500 223 555 242 non
569 213 653 241 solum
669 212 757 241 loricae
770 213 916 249 ademptae,
937 213 1000 241 ficut
1014 216 1156 250 proximi5‚
1177 214 1220 243 sed
1236 217 1262 244 δε
1275 224 1373 243 ocreae:
1397 215 1513 243 eundem
1527 226 1678 246 numerum.

92 252 272 281 centuriarum
301 252 485 289 explentibus,
511 251 654 280 divisorum
680 260 754 288 aeque
774 251 802 278 in
821 251 900 279 denas
914 272 921 283 ‚
946 252 1029 280 aetaris
1048 253 1201 281 discrimine
1222 252 1313 281 locum
1334 255 1362 281 in
1382 254 1436 281 acie
1456 253 1597 283 tuebantur
1616 255 1675 291 post

90 290 233 318 stcundam
251 289 357 318 classem
375 291 543 328 proximum.
583 289 622 317 Ex
642 288 749 327 reliquis
771 289 858 317 rursus
880 299 943 318 cum
960 290 1110 318 detraxisset
1123 311 1130 322 ,
1157 292 1204 328 qui
1219 292 1307 319 minus
1322 292 1439 329 quinque
1451 291 1569 321 millibus
1582 292 1676 321 drach-

91 336 200 356 marum
214 329 242 355 in
256 328 334 356 bonis
346 328 521 364 possiderent,
542 326 622 364 usque
636 328 668 355 ad
684 328 780 365 viginti
797 329 881 355 minas
890 349 897 358 ‚
917 336 1037 366 quartam
1049 327 1146 365 claffim
1160 329 1224 357 fecit
1238 339 1310 366 aeque
1325 331 1418 367 viginti
1433 331 1600 359 constantem
1614 340 1675 361 cen-

91 367 166 394 turiis
181 385 189 397 ,
210 366 309 394 >decem
326 372 401 393 :etate
415 366 562 402 vigentium
578 375 641 393 cum
656 367 776 394 maxime
789 386 797 397 ‚
824 366 939 394 totidem
957 367 1140 394 maturitatem
1154 366 1210 402 jam
1226 368 1390 404 egressorum
1407 389 1414 399 ‚
1439 369 1674 406 quemadmodum

91 406 120 432 δε
142 405 245 440 priores
266 404 423 431 distinxerat.
462 405 547 431 Arma
566 402 607 430 his
626 404 771 440 imperata,
791 402 877 436 scuta,
897 403 988 435 hastae,
1009 406 1036 431 ὃς
1057 404 1150 440 gladii:
1172 404 1245 431 locus
1264 405 1404 442 assignatus
1418 407 1445 434 in
1460 407 1594 443 postrema
1608 408 1674 435 acie.

86 442 117 467 In
135 440 253 480 quintam
270 440 366 479 clqssem
384 439 468 474 rejec‘Ji
488 440 560 473 sunt,
580 450 695 478 quorum
715 440 851 470 facultates
870 440 1038 470 censerentur
1058 443 1128 469 inter
1146 443 1243 478 viginti
1259 443 1374 479 quinque
1394 446 1480 472 minas
1493 465 1500 476 ‚
1528 447 1554 474 δε
1572 446 1672 474 duode-

90 480 148 507 cim
167 488 232 507 cum
246 479 364 506 dimidia.
404 479 436 506 In
451 478 500 507 hac
514 480 624 517 triginta
637 487 712 508 erant
725 481 849 508 centuriae
863 501 870 512 ,
896 489 946 516 pro
961 480 1042 508 aetaris
1055 480 1157 507 ratione
1173 478 1260 506 divisae
1274 480 1370 515 pariter
1383 501 1391 514 ,
1419 483 1573 520 quindecim
1588 483 1672 511 senio-

90 526 152 544 rum
165 537 173 549 ,
191 518 319 553 juvenum
340 516 466 544 totidem.
506 519 555 546 His
575 519 739 554 imperatum
752 538 759 549 ‚
779 525 809 546 ut
828 527 890 545 cum
910 517 999 545 fundis
1019 519 1047 545 &
1065 516 1158 553 jaculis
1178 516 1325 545 militarent
1346 526 1418 547 extra
1440 522 1556 549 ordines.
1594 521 1672 560 Juss‘ae

89 555 173 582 etiam
197 561 312 581 armatos
336 553 408 591 sequi
428 562 541 591 quatuor
561 557 677 584 inermes
696 556 820 583 centuriae
834 577 842 588 ,
868 556 925 583 duae
944 556 976 583 ad
995 564 1153 586 armorum,
1180 556 1205 583 &
1225 554 1409 584 machinarum
1430 557 1556 586 fabricam
1572 569 1579 589 3
1608 560 1672 587 toti<

88 593 152 620 dem
173 591 340 620 cornicinum
354 613 362 624 ‚
389 591 538 620 tubicinum
552 614 560 625 ,
580 595 679 631 quique
697 593 753 622 aliis
771 593 951 622 instrumentis
971 593 1042 630 signa
1062 594 1194 620 canerent.
1234 591 1337 631 opifices
1355 591 1383 620 in
1395 595 1504 628 ficunda
1521 595 1591 634 classe
1611 606 1671 625 cen-

88 629 224 662 sebantur,
243 630 375 666 adscripta
394 630 537 659 senioribus
557 641 608 659 una
628 630 748 668 ejusdem
767 632 848 660 aetatis
869 632 1000 661 centuria:
1021 630 1102 659 altera
1120 631 1259 667 juniorum
1280 630 1406 668 stipendia
1426 632 1536 662 faciebat
1552 644 1614 662 cum
1629 635 1672 672 ju·

86 668 205 696 venibus.
245 667 372 695 Tubicines
390 668 431 701 ζῇ·
451 669 581 697 cornicines
600 677 695 709 quarta
713 668 791 705 claffis
809 678 868 706 pars
886 677 976 701 erant,
996 670 1053 706 pari
1072 670 1154 697 aetatis
1174 668 1338 698 discrimine.
1378 671 1555 699 Centuriones
1575 673 1671 701 deinde

85 705 221 742 praefeEti,
248 713 278 734 ut
296 705 406 744 quisque
422 715 482 734 erat
503 709 608 736 virtutis
628 707 821 744 speetatiffimae
834 728 842 739 ,
870 709 915 745 qui
929 708 1060 735 centurias
1074 707 1211 743 imperatis
1227 708 1384 745 peragendis
1398 708 1592 738 assuefacerent.
1633 712 1670 739 Hi

86 742 184 771 ordines
203 745 277 773 fuere
297 751 353 771 tam
374 743 582 782 legionariorum,
607 754 688 782 quam
710 745 775 773 levis
794 754 935 774 armaturae
953 745 1084 782 peditum.
1126 745 1261 772 Caeterum
1284 746 1406 782 equitum
1428 746 1561 774 delectum
1584 748 1673 776 habuit

86 790 119 809 ex
140 783 342 818 opulentissimis
361 783 509 811 nobilium:
535 783 645 811 illorum
665 784 820 811 octodecim
839 783 971 812 centurias
984 783 1077 819 primis
1091 782 1141 810 illis
1154 781 1363 820 legionariorum
1379 785 1532 822 ostuaginta
1546 787 1670 814 centuriis

83 820 205 849 attribuit
224 829 287 848 cum
306 819 356 848 suis
374 820 504 859 praefeEtis
524 821 586 848 viris
605 820 789 848 illustriffimis.
829 821 956 858 Reliquos
970 822 1040 849 cives
1054 830 1169 858 quorum
1185 820 1276 849 census
1290 823 1382 849 minor
1397 821 1446 850 fuit
1461 823 1604 851 duodecim
1620 826 1669 851 mi-

83 857 124 885 nis
144 868 207 886 cum
228 858 354 890 dimidia,
373 858 417 886 sed
437 867 552 886 numero
572 868 627 886 non
647 859 775 887 cedebant
796 859 912 897 quinque
931 859 1049 887 classibus
1062 879 1068 888 ,
1088 867 1133 887 aut
1152 858 1308 895 superabant
1328 860 1426 892 etiam,
1446 862 1474 889 in
1495 870 1578 888 unum
1599 863 1672 889 ordi<

84 905 150 923 nem
171 897 309 934 congestos
328 896 464 924 immunes
483 895 546 924 fecit
566 897 579 925 a
598 896 704 925 tributis
725 896 816 929 simul,
837 900 863 927 &
878 897 981 925 militia.
1022 898 1072 924 Sex
1089 897 1174 925 classes
1190 898 1310 925 Romani
1324 906 1436 931 vocant,
1458 901 1509 928 &c-
1544 902 1592 928 Ha:
1607 898 1671 927 clas-

83 933 123 961 ses
143 934 315 963 continebant
335 944 448 962 exciri.
468 933 601 963 cemus-ias.
642 935 731 962 Prima
752 944 848 964 xciix.
866 936 1048 964 annumeratis
1068 935 1201 972 equitibus
1217 946 1222 961 z
1251 934 1363 963 stcunda
1384 946 1466 966 xxii.
1487 946 1550 965 cum
1567 937 1671 974 opifici-

84 971 152 1000 bus:
176 974 254 1001 tertia
274 981 318 1000 xx.
337 979 429 1009 quarta
448 982 528 1000 xxxi,
548 983 612 1001 cum
632 973 812 1002 cornicinibus
831 976 858 1003 ὃς
879 973 1059 1002 tubicinibus:
1087 973 1180 1010 quinta
1200 982 1263 1001 xxx.
1278 973 1374 1002 ultima
1388 983 1438 1011 pro
1452 985 1503 1004 una
1517 975 1670 1004 censebatur

83 1018 232 1047 egenorum
247 1011 373 1038 centuria.
405 1010 540 1038 Hadtenus
554 1010 691 1050 Dioryfim.
722 1012 761 1040 Ex
777 1012 871 1049 quibus
885 1011 1053 1048 perspicuum
1067 1011 1104 1039 est
1117 1032 1124 1043 ,
1146 1011 1210 1047 quid
1223 1010 1335 1039 centuria
1349 1012 1447 1041 fuerint
1459 1034 1466 1044 ,
1487 1015 1514 1042 ὅ(
1529 1015 1670 1051 quomodo

82 1046 97 1074 ὲ
114 1049 206 1076 Servio
219 1048 377 1076 introduetae
390 1069 399 1081 ‚
420 1050 447 1077 δε
460 1049 533 1085 quod
547 1051 665 1087 quinque
679 1057 784 1078 tantum
799 1050 887 1078 classes
901 1051 991 1078 census
1006 1049 1120 1078 faciendi
1135 1048 1209 1077 causa
1222 1049 1272 1077 sint
1286 1050 1409 1079 institutas
1419 1062 1424 1078 z
1435 1052 1515 1085 betae
1529 1052 1599 1080 nulla
1613 1052 1669 1079 fere

83 1084 172 1116 habita
186 1088 300 1115 ratione.

125 1126 286 1162 Qanquam
308 1131 397 1153 autem
413 1124 491 1153 initio
504 1122 586 1162 classes
599 1128 626 1155 &
639 1129 754 1153 centuria
767 1135 830 1153 cum
846 1124 965 1153 tribubus
979 1128 1005 1154 ὃ(
1020 1126 1097 1153 curiis
1113 1124 1177 1153 nihil
1192 1124 1333 1154 habuerint
1348 1136 1496 1154 commune
1507 1148 1514 1159 ‚
1540 1134 1570 1156 ut
1585 1128 1669 1154 mani-

84 1161 151 1190 festo
171 1172 204 1190 ex
216 1162 290 1190 Livio
305 1165 332 1191 δε
346 1161 460 1200 Dionysio
475 1164 592 1191 constat:
611 1171 703 1192 tamen
716 1164 878 1200 procedente
892 1172 1017 1200 tempore
1031 1164 1179 1191 institutum
1192 1164 1228 1190 est
1238 1184 1245 1195 ‚
1266 1171 1296 1191 ut
1311 1163 1397 1192 classes
1412 1168 1589 1202 centuriaeque
1603 1175 1669 1202 quo-

82 1201 234 1228 dammodo
247 1201 366 1228 tribuum
379 1202 461 1228 essent
475 1208 570 1236 partes.
590 1202 671 1237 Qiod
686 1201 786 1228 factum
802 1201 876 1229 fuisse
891 1202 948 1237 post
960 1201 1099 1237 expletum
1114 1202 1223 1238 triginta
1240 1202 1358 1238 quinque
1373 1203 1491 1231 tribuum
1506 1212 1665 1235 numerum.

83 1247 116 1265 ex
131 1237 205 1265 Livio
219 1238 322 1275 colligit
334 1237 447 1274 Sigonius
463 1237 480 1265 l.
496 1248 518 1265 ι.
531 1239 564 1265 dc
577 1240 688 1276 antiquo
700 1239 760 1273 jure
774 1240 876 1267 civium
893 1241 1080 1267 Romanorum
1091 1260 1099 1271 ‚
1119 1248 1175 1275 cap.
1187 1249 1214 1275 4.

125 1276 207 1304 Erant
230 1277 239 1302 i
260 1277 312 1303 itur
337 1275 479 1302 centuriata
504 1280 625 1306 comitia,
651 1277 745 1313 quibus
770 1277 882 1314 populus
908 1286 954 1313 per
974 1277 1093 1304 classium
1112 1278 1242 1305 centurias
1261 1277 1358 1305 divisus
1377 1277 1532 1315 suffragium
1553 1277 1669 1310 ferebat,

83 1314 121 1341 ita
139 1320 168 1340 ut
178 1314 211 1347 fii
234 1312 304 1351 ragia
323 1312 512 1349 colligerentur
531 1315 717 1346 centuriatim,
738 1317 764 1343 ὃ(
784 1316 857 1352 quod
877 1315 963 1351 plures
983 1316 1109 1343 centuriae
1129 1315 1270 1351 jussiss'ent,
1291 1316 1318 1343 id
1333 1322 1421 1343 ratum
1437 1315 1593 1348 haberetur,
1616 1320 1669 1345 &a

82 1352 123 1379 Ut
148 1359 238 1378 autem
262 1349 433 1384 centuriarum
447 1372 455 1382 ,
480 1351 517 1379 ita
542 1352 623 1380 etiarn
643 1352 843 1380 centuriatorum
861 1352 1015 1380 comitiorum
1035 1353 1124 1379 author
1145 1352 1196 1379 fuit
1214 1353 1319 1380 Servius
1338 1352 1437 1381 Tullius
1451 1375 1457 1386 ,
1483 1355 1548 1382 teste
1567 1355 1666 1382 eodem

81 1387 242 1454 Dionyfiob&
261 1388 353 1418 Livio:
381 1389 453 1427 quod
472 1389 582 1426 postea,
610 1389 655 1418 ubi
675 1391 709 1418 de
727 1391 814 1419 modo
831 1389 1027 1419 centuriatorum
1046 1388 1201 1418 comitiorum
1221 1392 1365 1420 dicendum
1385 1393 1436 1421 erit
1451 1413 1457 1423 ,
1479 1392 1599 1429 pluribus
1618 1393 1664 1420 de-

80 1431 199 1455 monstra
218 1428 278 1456 itur.

770 1500 800 1527 ·C
820 1509 836 1526 Α
856 1510 879 1527 P.
919 1499 975 1526 IX.

562 1561 613 1594 De
627 1559 721 1606 caufis
737 1562 927 1593 comitiorum
945 1561 1190 1594 centuriatorum.

81 1633 259 1698 Dionysius
285 1635 353 1664 libro
380 1643 475 1674 quarto
489 1658 497 1670 ,
523 1637 568 1666 ubi
594 1638 628 1666 de
652 1639 818 1666 institutione
839 1638 995 1666 comitiorum
1014 1637 1212 1666 centuriatorum
1238 1639 1309 1676 agit,
1338 1639 1407 1667 inter
1425 1636 1475 1666 alia
1495 1638 1578 1669 dicit,
1605 1642 1662 1664 ser-

171 1674 242 1702 vium
262 1673 374 1702 Tullium
394 1677 500 1712 Regem
514 1696 521 1707 ,
548 1676 599 1704 tria
618 1678 735 1704 comitiis
755 1677 804 1705 illis
823 1677 951 1714 peregisse
964 1698 971 1709 ‚
1001 1684 1123 1714 utputa,
1147 1677 1313 1714 magistratus
1332 1676 1427 1704 creasse
1440 1697 1448 1708 ‚
1474 1676 1544 1713 leges
1563 1675 1663 1709 tulisse,

83 1713 111 1740 &
130 1711 230 1740 bellum
250 1713 378 1740 indixisse.
418 1716 480 1742 Hoc
500 1714 649 1742 institutum
669 1716 751 1742 etiam
771 1716 828 1751 post
847 1715 968 1743 assertam
989 1716 1017 1743 in
1043 1714 1194 1744 libertatem
1212 1715 1404 1751 rempublicam
1426 1714 1545 1741 mansisse
1566 1713 1663 1741 intelli-

81 1750 155 1786 gitur
168 1771 176 1782 ,
203 1760 235 1778 ex
258 1751 427 1787 antiquarum
452 1761 542 1779 rerum
568 1751 747 1788 scriptoribus.
787 1755 865 1781 Tunc
890 1755 963 1781 enim
989 1753 1087 1781 eodem
1109 1754 1193 1780 modo
1212 1752 1373 1791 magistratus
1390 1751 1537 1779 centuriatis
1557 1749 1663 1778 comitiis

82 1787 180 1820 creati,
207 1788 278 1825 leges
303 1788 360 1818 latae
374 1809 382 1820 ,
411 1791 437 1818 δε
464 1790 537 1827 quod
563 1790 739 1826 superioribus
766 1790 815 1818 illis
834 1792 938 1819 accessit
951 1812 959 1823 ,
984 1791 1082 1827 judicia
1100 1791 1207 1828 peraeta
1225 1791 1293 1819 sunt.
1336 1792 1396 1818 Nec
1416 1797 1552 1818 mutatum
1570 1789 1604 1816 de
1623 1788 1663 1817 his

82 1826 163 1854 caufis
188 1828 331 1864 quicquam
351 1828 386 1854 est
400 1848 407 1859 ‚
432 1827 519 1856 donec
538 1827 619 1856 libera
638 1827 689 1857 fuit
707 1828 861 1865 respublica.
907 1829 1073 1867 Explicandae
1091 1830 1173 1867 igitur
1193 1828 1330 1860 nonnihil,
1364 1831 1391 1857 &
1410 1827 1527 1864 pluribus
1545 1828 1662 1855 demon-

82 1863 192 1892 strandae
215 1864 255 1892 hae
279 1865 359 1893 causae
377 1865 445 1894 sunt.
484 1867 580 1894 Dicam
601 1867 634 1894 de
653 1867 758 1904 finguhs
772 1888 779 1898 ‚
808 1870 835 1896 ὃς
854 1868 974 1904 primum
994 1867 1104 1904 quidem
1122 1868 1156 1895 de
1174 1866 1369 1905 magistratibus.
1409 1867 1511 1893 Eorum
1532 1864 1663 1902 quosdam

82 1903 255 1930 centuriatim
274 1903 390 1931 colleetis
408 1903 536 1942 suffragiis
556 1906 569 1932 a
588 1905 688 1942 populo
708 1912 811 1933 creatos
830 1906 881 1933 esse
894 1926 901 1938 ‚
928 1906 1044 1942 majores
1062 1904 1160 1933 scilicet
1175 1926 1182 1937 ,
1210 1909 1236 1934 ὃς
1256 1905 1366 1942 quidem
1385 1904 1533 1931 ordinarios
1547 1923 1554 1935 ,
1580 1904 1661 1932 docet

81 1948 115 1966 ex
130 1939 237 1967 Messala
255 1941 371 1977 Agelaus
390 1942 406 1970 l.
424 1952 464 1979 15.
484 1952 540 1979 cap.
564 1951 604 1977 14.
624 1943 664 1970 his
682 1943 782 1971 verbis:
804 1944 921 1979 Majores
939 1943 1105 1979 magistratus
1123 1942 1230 1970 comitiis
1241 1940 1386 1969 centuriatis
1403 1941 1480 1972 fiunt.
1519 1942 1602 1969 Erant
1616 1951 1660 1969 au-

83 1984 142 2005 tem
159 1975 319 2014 magistratus
337 1981 460 2013 majores,
479 1989 509 2009 ut
529 1981 601 2008 idem
622 1980 719 2007 eodem
738 1980 800 2008 loco
819 1982 902 2013 dicit,
923 1984 949 2010 &
968 1989 1017 2007 nos
1036 1981 1118 2008 etiam
1137 1981 1198 2008 alibi
1216 1987 1375 2008 annotamus
1387 1999 1393 2010 ‚
1418 1988 1536 2017 quorum
1556 1980 1661 2016 majora

81 2023 156 2044 erant
169 2016 294 2051 auspicia,
314 2017 341 2044 id
355 2018 405 2049 est,
427 2027 542 2055 quorum
559 2018 671 2056 auspicia
686 2019 771 2055 magis
786 2027 841 2047 rata
854 2027 928 2047 erant
942 2027 1023 2055 quarn
1038 2017 1161 2045 aliorum.
1186 2016 1320 2045 ordinarii
1332 2026 1412 2048 vero,
1433 2018 1478 2054 qui
1493 2016 1599 2054 singulis
1612 2027 1658 2047 an-

80 2054 123 2081 nis
142 2053 175 2081 ad
189 2052 266 2080 suum
279 2062 376 2083 munus
388 2056 551 2084 ordinarium
567 2058 594 2085 in
607 2056 680 2084 Urbe
693 2056 848 2084 obeundum
863 2056 877 2084 ὲ
889 2056 990 2093 populo
1004 2055 1167 2084 creabantur.
1209 2055 1287 2084 Tales
1302 2063 1376 2083 erant
1386 2055 1518 2090 Conficles,
1538 2058 1657 2084 Praetores

79 2098 160 2128 atque
174 2092 300 2125 Cenfizres.

121 2131 163 2156 De
178 2129 349 2161 Consulibus,
369 2131 440 2167 quod
454 2131 472 2158 ii
491 2130 637 2159 centuriatis
650 2131 757 2160 comitiis
771 2133 852 2160 creati
864 2131 930 2164 sint,
951 2132 987 2160 est
1002 2130 1182 2159 manifestum.
1200 2130 1292 2159 Livius
1306 2131 1322 2158 l.
1334 2142 1355 2159 1.
1368 2131 1414 2160 ubi
1430 2132 1463 2159 de
1476 2132 1569 2169 primis
1583 2133 1657 2160 Con-

81 2166 177 2194 sulibus
195 2168 249 2204 agit
263 2189 270 2199 ‚
290 2168 324 2195 sic
341 2166 447 2196 scribit:
466 2170 529 2197 Duo
543 2169 669 2199 Consules
682 2171 743 2198 inde
755 2169 862 2198 comitiis
874 2169 1021 2197 centuriatis
1034 2170 1047 2197 ὲ
1063 2168 1191 2196 Praet'esto
1205 2169 1286 2197 Urbis
1300 2179 1332 2198 ex
1347 2170 1557 2198 Commentariis
1572 2171 1656 2198 Servii

80 2205 165 2233 Tullii
185 2206 266 2233 creati
285 2205 358 2237 sunt,
378 2210 407 2234 L.
422 2211 513 2238 Junsus
532 2210 646 2238 Brutus,
668 2211 695 2238 ὃς
714 2212 746 2238 L.
761 2207 916 2247 Tarquinius
936 2206 1091 2238 Collatinus,
1112 2209 1164 2235 δῖε.
1186 2208 1267 2245 Qod
1282 2208 1354 2235 idem
1368 2208 1510 2236 confirmat
1525 2206 1656 2244 Dionyfius

82 2241 99 2270 l.
110 2253 137 2279 5.
157 2244 292 2280 inquiens,
314 2246 357 2279 Sp.
380 2245 534 2272 Lucretium
548 2246 714 2284 Interregem
728 2246 742 2274 a
758 2248 840 2274 Bruto
853 2247 955 2273 dietum
970 2267 977 2277 ‚
997 2245 1092 2281 jussisse
1105 2254 1201 2273 omnes
1215 2247 1286 2274 cives
1302 2249 1441 2275 Romanos
1455 2255 1519 2275 cum
1533 2248 1614 2275 armis
1628 2248 1656 2274 in

82 2290 179 2318 campo
193 2282 293 2310 Martio
306 2282 403 2309 adesse:
425 2284 451 2310 ὃ(
466 2282 604 2318 postquam
619 2293 652 2311 eo
667 2292 776 2312 ventum
792 2284 854 2312 essizt
865 2305 872 2316 ‚
891 2285 957 2312 duos
971 2285 1042 2311 viros
1056 2283 1205 2311 nominasse
1217 2283 1352 2312 habituros
1366 2285 1525 2321 potestatem
1537 2285 1656 2322 regiam,

82 2321 208 2351 Brutum,
231 2322 257 2348 ἃ
271 2320 439 2346 Collatinum:
459 2319 550 2357 hisque
563 2322 693 2357 populum
706 2332 769 2350 eum
783 2322 916 2350 honorem
929 2330 1018 2350 ratum
1032 2321 1134 2353 fecisse,
1154 2321 1258 2349 colleffis
1270 2322 1431 2351 centuriatim
1437 2321 1577 2361 fiiffmgiis.
1613 2323 1657 2350 De

83 2357 228 2394 Consulibus
246 2358 326 2397 igitur
344 2365 416 2387 certa
434 2368 475 2388 res
493 2358 539 2387 est.
579 2360 706 2391 Praetores
722 2371 786 2391 vero
805 2361 888 2391 etiam
906 2359 1055 2428 centuffluis
1073 2359 1180 2391 comitiis
1199 2360 1301 2401 creatos
1319 2360 1394 2392 fuisse
1405 2382 1415 2396 ,
1442 2361 1512 2391 testis
1533 2361 1568 2389 est
1586 2361 1658 2426 apud

1020 2407 1085 2428 mm
1590 2403 1642 2437 Age
1654 2415 1666 2423 .
