2075 2734
388 83 446 124 ,ΠΒ
666 78 1110 111 ΛΝτιᾳυιτΑτ-υη
1147 74 1703 104 RoMANiinulestlll.

394 134 423 163 in
437 131 552 161 seeundo
564 130 597 157 de
609 126 701 166 legibus
714 128 783 156 libro
797 130 867 156 inter
881 128 956 160 alias,
976 137 1032 165 quae
1049 128 1082 156 de
1098 127 1229 166 religione
1244 126 1404 164 loquuntur,
1427 125 1499 162 leges
1510 125 1599 165 ‚etiam
1614 123 1658 152 has
1675 125 1792 156 recenset
1806 138 1812 156 t
1837 129 1979 164 Separatim

395 181 466 200 nemo
479 168 581 204 habeffit
594 168 648 194 deos
657 179 664 193 :
683 177 744 193 neve
758 177 845 198 noros,
858 166 906 201 ftd
920 176 962 193 nec
974 167 1099 199 advenas,
1119 165 1272 204 disipublice
1284 164 1400 201 adsitus,
1414 172 1540 199 privatim
1552 162 1657 191 colunto.
1679 166 1764 194 Item:
1782 167 1911 195 Nabim-na
1923 179 1979 196 mu.

396 211 486 237 lterum
492 204 614 244 Jircrificm
628 215 658 231 ne
664 205 741 236 firmo
750 225 759 237 ,
772 213 861 239 preter
876 204 923 231 olla
931 225 938 237 ‚
958 214 1011 244 qua
1019 214 1064 239 pro
1071 206 1158 239 populo
1172 213 1222 231 rite
1224 202 1309 241 fiant.
1333 207 1403 230 Neve
1417 213 1492 242 quem
1507 201 1641 234 initiamo,
1660 201 1721 242 ilfi,
1739 212 1770 231 ut
1781 203 1866 241 affolet
1878 206 1979 240 Cereri,

397 246 561 280 Graecofficro.
581 246 623 272 An
638 252 702 271 vero
717 253 749 271 ex
765 242 878 270 Romuli
891 243 991 280 legibus
1006 252 1048 270 eas
1061 242 1251 280 desumpserit,
1271 252 1326 270 non
1340 242 1423 270 addit.

437 288 512 312 Nona
522 285 548 310 &c
555 282 650 308 decima
657 281 715 319 legis
724 281 878 316 conjecffura
886 290 917 309 ex
927 281 1060 308 Plutarcho
1068 280 1172 318 sumpta
1179 281 1228 311 est,
1249 282 1270 308 is
1278 281 1385 308 enimin
1394 279 1498 307 Romula
1505 279 1593 308 stribit
1602 302 1609 313 ,
1632 280 1786 309 mulieribus
1791 280 1893 310 Sabinis
1900 284 1980 320 raptis

398 322 499 351 multos
514 321 629 348 honores
645 327 695 346 cue
710 320 836 348 tributos:
857 320 931 355 cujus
944 320 1048 357 generis
1062 322 1088 348 δί
1102 319 1129 348 hi
1142 319 1255 350 fuerint,
1275 326 1305 347 ut
1319 319 1360 346 via
1367 319 1403 346 eis
1410 319 1596 351 decederetur‚
1617 330 1650 348 ne
1658 321 1694 348 eis
1701 318 1977 356 praestntibusobscoe.

396 370 463 389 num
479 359 624 396 quidquam
637 358 783 389 diceretur,
803 366 832 387 ut
848 359 892 395 qui
905 358 1008 385 nudum
1023 357 1048 385 se
1060 357 1092 385 ab
1107 359 1138 386 iis
1151 358 1236 386 videri
1250 355 1334 394 paffus
1348 357 1449 388 fuisset,
1469 358 1588 386 criminis
1601 357 1718 394 capitalis
1731 367 1790 385 reus
1804 357 1955 387 haberetur.

438 400 479 425 De
497 395 630 423 undecima
649 396 700 433 lege
719 396 800 423 etiam
822 396 970 423 Plutarchus
988 397 1024 424 ita
1039 396 1147 425 scribit:
1176 396 1206 424 Id
1227 396 1308 423 etiam
1328 394 1462 431 singularis
1480 395 1530 424 fuit
1543 396 1662 428 confilii,
1691 396 1765 433 quod
1779 405 1862 433 quum
1877 396 1980 425 nullum

399 444 494 464 centra
508 443 568 465 eos,
589 434 635 470 qui
647 442 751 470 patrem
765 433 841 462 suum
855 434 1010 463 occidissent
1023 454 1030 465 ,
1047 434 1089 470 jus
1103 436 1237 470 privatum
1252 433 1374 470 posuiffet
1384 454 1392 466 ,
1417 443 1500 461 omne
1513 434 1691 463 homicidium
1706 435 1858 470 parricidii,
1880 435 1923 463 vel
1936 444 1981 472 pa-

399 473 486 502 ricidii
501 471 631 500 vocabulo
646 472 763 500 notavit:
784 473 856 509 quod
869 472 923 501 hoc
935 472 1086 504 scelestum,
1106 473 1169 500 illud
1183 482 1218 499 ne
1232 472 1341 500 existere
1355 471 1463 509 quidem
1478 473 1563 508 poss‘e,
1582 474 1722 509 judicaret.

438 512 480 539 De
495 510 641 537 duodecima
655 509 801 545 Pomponius
811 510 1010 547 jurisconsultus
1023 521 1028 538 t
1053 510 1083 538 Si
1096 510 1153 550 quis
1166 510 1270 538 violarit
1285 520 1382 540 muros,
1402 509 1479 544 capite
1487 511 1611 546 puniatur
1623 524 1632 539 :
1655 511 1731 539 sicuti
1743 511 1762 539 fi
1775 512 1834 548 quis
1846 509 1983 540 transcen-¹

399 550 445 579 det
458 548 530 577 scalis
544 548 674 581 admotis,
696 548 738 577 vel
750 549 798 576 alia
812 549 927 586 qualibet
941 549 1052 577 ratione.
1074 551 1148 577 Nam
1162 550 1234 577 cives
1249 550 1390 576 Romanos
1402 548 1470 581 alio,
1489 558 1570 586 quarn
1584 559 1632 586 per
1644 556 1734 586 portas
1742 550 1981 587 egredinonlicet:

399 597 481 626 quum
495 587 558 615 illud
572 586 664 615 hostile
677 589 703 616 &
718 586 928 615 abominandum
943 588 982 615 sit.
1012 589 1084 615 Nam
1101 590 1127 616 &
1142 587 1223 615 frater
1238 586 1351 615 Romuli
1368 589 1472 615 Remus
1484 587 1585 616 occisus
1598 589 1711 616 traditur
1723 588 1758 616 ob
1771 589 1813 620 id,
1835 588 1907 625 quod
1922 597 1982 616 mu-

399 636 443 654 ros
458 625 641 654 transcendere
654 625 777 653 voluerit.
805 628 869 654 Haec
880 626 932 654 ille.
967 625 1114 653 Plutarchus
1129 626 1156 653 in
1175 625 1368 662 Qaestionibus
1380 626 1513 654 Romanis
1525 646 1532 658 ,
1559 627 1699 662 quaestione
1712 626 1840 664 vigesima
1853 625 1979 663 septima:

400 666 455 693 Cur
470 673 583 692 omnem
598 673 707 692 murum
723 663 826 692 sacrum
839 665 1083 702 intaminatumque
1094 664 1193 692 habent
1206 685 1214 696 ,
1240 672 1330 701 portas
1346 674 1401 691 non
1414 665 1501 692 item?
1528 666 1569 692 An
1583 674 1645 692 vera
1658 664 1694 690 est
1707 664 1821 691 Varronis
1833 663 1981 692 sententia?

403 713 496 730 muros
515 709 656 739 propterea
671 701 756 730 fictos
769 702 956 730 existimandos
968 723 975 735 ‚
1001 711 1030 731 ut
1043 712 1094 739 pro
1108 703 1138 730 iis
1148 711 1317 739 propugnare
1330 702 1438 730 alacrius
1451 704 1524 731 cives
1537 723 1545 733 ‚
1573 710 1747 739 mortemque
1760 702 1841 730 etiam
1853 710 1982 738 oppetere

401 741 550 769 sustineant.
579 740 628 774 (Et
641 740 747 769 videtur
759 740 883 768 Romulus
894 750 1000 778 quoque
1013 741 1125 769 fratrem
1136 748 1279 778 propterea
1293 740 1451 769 interfeciss'e
1461 762 1468 773 ‚
1493 741 1567 778 quod
1581 741 1685 769 sacrum
1696 740 1788 768 locum
1801 761 1810 773 ‚
1831 741 1858 769 ὃ(
1872 740 1983 769 inacces-

401 778 461 808 sum
475 777 603 807 transilire
616 779 748 815 aggressus
757 800 766 811 ‚
787 778 1026 808 transcendendum
1042 779 1239 817 profanumque
1250 779 1424 814 reddidisset.)

440 821 519 844 Porta
533 824 622 844 autem
632 816 708 844 ficrae
715 817 766 845 effe
773 827 828 846 non
835 824 959 854 poterant
969 839 975 849 ,
994 828 1077 856 quum
1087 827 1133 855 per
1142 827 1197 849 eaS,
1218 817 1300 845 &alia
1306 817 1460 850 neceffiria,
1481 818 1608 847 cadavera
1614 817 1696 846 etiam
1705 815 1872 846 efferrentur.
1891 817 1985 854 Itaque

399 855 505 883 Urbem
526 855 571 892 qui
584 855 618 882 de
631 864 703 882 novo
718 856 884 888 condebant,
903 866 1005 887 aratro,
1025 857 1068 885 cui
1081 857 1182 884 bovem
1195 865 1299 884 marem
1315 855 1493 884 &foeminam
1502 856 1705 892 subjunxissent,
1724 855 1815 883 locum
1825 875 1831 886 .
1852 863 1984 892 quantum

401 901 458 921 erat
471 902 564 920 murus
577 900 767 929 occupaturus,
789 894 970 931 designabant:
985 903 1178 932 portarumque
1191 894 1304 922 dimensi
1314 893 1445 930 spatium,
1454 904 1566 923 vomere
1574 902 1840 931 exempto,aratrum
1849 902 1941 921 earum
1948 891 1987 921 lo-

400 932 438 959 cis
451 931 556 958 intaffls
570 930 774 962 transferebant,
797 932 868 968 quod
883 941 996 959 omnem
1011 941 1110 960 terram
1121 941 1223 960 aratam
1237 932 1334 960 sacram
1344 953 1352 965 ‚
1372 934 1399 961 ὃ(
1413 932 1594 961 inviolabilem
1608 932 1745 961 censerent
1756 930 1884 960 futuram.

440 967 628 996 Decimaetertiae
648 971 674 997 δε
688 969 880 1007 decimaeqimriae
902 970 1086 998 testimonium
1100 977 1173 998 extat
1191 970 1260 1006 apud
1272 968 1418 1008 Dioiiffi'am
1432 970 1650 1009 Halicarnaffeum
1664 991 1671 1002 ,
1697 979 1771 1006 cujus
1784 970 1841 998 haec
1853 969 1912 997 sunt
1926 977 1986 996 ver-

402 1006 436 1036 ba
451 1018 456 1034 ;
484 1006 619 1035 Romulus
636 1008 713 1035 unica
731 1008 919 1035 constitutione
932 1008 1036 1049 redegit
1048 1018 1145 1037 uxores
1158 1009 1190 1036 ad
1205 1009 1346 1036 decentem
1363 1009 1532 1037 modestiam.
1572 1010 1610 1036 Ea
1623 1009 1672 1037 fuit
1687 1009 1744 1037 talis
1760 1029 1768 1040 ,
1793 1007 1925 1035 mulierem
1939 1017 1986 1034 nu·

398 1053 488 1080 ptam,
506 1054 561 1083 qua
573 1046 655 1080 juxta
667 1046 779 1080 ,βιαιως
798 1045 862 1082 leges
879 1045 1027 1084 comrenijyet
1045 1056 1102 1074 cum
1120 1045 1190 1078 viro,
1209 1046 1232 1073 ei
1246 1044 1395 1080 participem
1413 1045 1459 1083 effe
1476 1046 1654 1085 possbffionum.
1676 1056 1704 1074 ac
1715 1048 1845 1082 lecrorum
1862 1044 1988 1073 omnium.

406 1083 592 1111 Nominabant
605 1090 695 1111 autem
708 1083 786 1119 prisci
801 1084 919 1111 Romani
933 1083 1015 1112 fixeras
1030 1086 1133 1121 nuptias
1147 1084 1279 1113 vocabulo
1292 1083 1339 1112 suo
1345 1083 1476 1120 fizrracia:
1497 1085 1558 1122 quia
1571 1086 1699 1123 conjuges
1713 1084 1879 1114 vescerentur
1886 1084 1987 1111 eodem

404 1121 482 1149 farre.
524 1122 558 1149 Et
570 1120 649 1158 paulo
663 1122 720 1157 post
733 1132 738 1148 z
763 1123 800 1150 ita
813 1121 867 1149 haec
882 1121 924 1149 lex
937 1122 1054 1150 mulieres
1067 1131 1158 1158 nuptas
1171 1144 1178 1154 ,
1202 1133 1251 1150 non
1264 1121 1379 1149 habentes
1392 1124 1475 1162 quast>
1488 1131 1592 1151 vertant
1604 1123 1656 1151 alio
1666 1144 1675 1153 ,
1700 1122 1797 1162 cogebat
1811 1121 1886 1149 unius
1897 1121 1989 1149 mariti

398 1160 427 1194 ft
440 1167 608 1194 attemperare
619 1158 726 1185 moribus
739 1171 747 1185 :
768 1160 839 1187 viros
852 1160 918 1187 item
932 1159 966 1187 fic
978 1160 1075 1188 habere
1089 1161 1216 1189 mulieres
1228 1181 1235 1192 ,
1261 1168 1292 1188 ut
1302 1169 1362 1188 rem
1377 1162 1546 1189 necessariam
1559 1182 1566 1193 ,
1586 1161 1713 1199 nulloque
1725 1161 1904 1189 divellendam
1917 1168 1987 1187 tem-

404 1206 478 1234 pore.
499 1199 575 1225 Uxor
587 1199 661 1224 enim
674 1198 770 1233 pudica
786 1200 812 1225 Ex*
829 1199 927 1225 marito
941 1197 1045 1235 semper
1057 1199 1219 1236 obsequens,
1240 1207 1313 1235 aeque
1326 1208 1357 1226 ac
1373 1197 1416 1226 ille
1428 1200 1526 1226 domus
1540 1207 1596 1226 erat
1609 1201 1719 1228 domina
1729 1220 1735 1230 ‚
1757 1200 1784 1226 in
1800 1200 1856 1235 ejus
1868 1197 1990 1226 defuncti

407 1236 478 1262 bona
493 1234 647 1262 succedebat
661 1234 742 1262 haeres
755 1255 762 1267 ,
789 1235 853 1263 ficut
867 1236 982 1272 parentis
995 1237 1047 1264 filia
1057 1257 1065 1270 ‚
1092 1247 1126 1266 ex
1140 1237 1191 1265 asse
1205 1237 1316 1275 quidem
1327 1256 1335 1268 ‚
1363 1236 1383 1264 fi
1400 1236 1489 1265 liberis
1504 1245 1595 1265 carens
1606 1258 1616 1270 ‚
1641 1246 1671 1265 ae
1686 1237 1821 1265 intestatus
1834 1236 1989 1265 decederet:

406 1274 479 1310 quod
496 1273 511 1299 ii
526 1272 631 1308 prolem
647 1272 769 1304 habexet,
791 1282 823 1301 ex
835 1283 911 1311 aequo
925 1283 987 1303 cum
1001 1275 1100 1303 liberis.

444 1310 646 1349 Decimaquiniae
666 1313 692 1339 ὃς
711 1310 879 1345 decimaeftxtae
899 1312 933 1340 fic
952 1314 1080 1341 meminit
1098 1313 1201 1350 Dionys.⁸
1215 1311 1426 1351 Halicarnqffi’us.
1466 1313 1492 1340 Si
1509 1320 1599 1341 autem
1620 1312 1717 1349 aliquid
1737 1313 1866 1350 peccasset
1879 1311 1991 1342 mulier,

407 1358 517 1387 poenam
533 1348 621 1376 luebat
635 1358 667 1376 ex
683 1349 774 1377 mariti
786 1349 834 1377 lxfi
849 1350 967 1378 arbitrio.
988 1353 1031 1379 De
1041 1351 1197 1388 hujusmodi
1209 1351 1366 1379 criminibus
1379 1352 1557 1388 cognaticum
1566 1352 1622 1388 ipio
1629 1351 1841 1388 cognoscebant,
1861 1352 1889 1378 in
1897 1350 1991 1387 quibus

406 1394 462 1415 erat
475 1386 571 1415 violata
584 1387 711 1423 pudicitia
724 1408 730 1418 ‚
759 1389 786 1415 &
801 1389 871 1424 quod
885 1389 954 1424 apud
968 1390 1076 1425 Grjaecos
1091 1390 1227 1417 videretur
1238 1389 1401 1417 leviffimum
1415 1410 1423 1421 ‚
1448 1389 1466 1416 si
1487 1389 1647 1425 deprehensa
1661 1389 1723 1417 effet
1736 1390 1825 1417 vinum
1839 1388 1887 1416 bibi
1907 1388 1920 1414 ὲ
1933 1397 1992 1415 mu·

405 1425 463 1452 lier.
505 1426 577 1452 Nam
592 1434 738 1461 utrumque
750 1425 888 1454 damnavit
904 1427 1038 1459 Romulus,
1060 1435 1087 1455 ut
1102 1436 1254 1455 erratorum
1268 1427 1440 1454 muliebrium
1455 1429 1606 1456 maximum
1621 1436 1693 1455 ratus
1705 1425 1720 1453 ὲ
1733 1428 1823 1463 stupro
1836 1428 1905 1453 nasci
1921 1425 1991 1453 inso-

404 1463 534 1494 lentiam,
554 1463 672 1499 stuprum
687 1461 700 1490 ὲ
716 1463 875 1491 vinolentia:
897 1464 1032 1502 longoque
1044 1473 1167 1502 tempore
1181 1466 1285 1493 crimen
1297 1465 1522 1501 utrumque-apud
1539 1466 1677 1492 Romanos
1690 1465 1759 1492 iram
1774 1465 1926 1492 merebatur
1938 1464 1991 1491 itu-

409 1500 582 1537 placabilem,
605 1500 841 1535 comprobantibus
855 1501 918 1538 legis
932 1504 1083 1538 aequitatem
1098 1510 1140 1530 tot
1154 1502 1259 1529 saeculis.
1278 1505 1343 1530 Haec
1357 1500 1495 1537 Dionyfius.

449 1537 568 1574 Age-llius
588 1545 694 1573 quoque
714 1537 758 1564 lib.
774 1547 815 1564 10.
836 1547 892 1574 cap.
909 1549 952 1575 23.
973 1548 1058 1575 quum
1078 1539 1163 1568 multa
1181 1541 1215 1567 de
1233 1540 1277 1573 ufic
1296 1538 1350 1566 *uini
1370 1539 1524 1568 mulieribus
1544 1540 1688 1567 interdicto
1708 1538 1843 1574 scripsisset
1857 1559 1863 1569 ,
1883 1538 1993 1566 adducit

411 1580 496 1603 Mam
515 1577 620 1601 Catonld
638 1575 790 1602 orationem
811 1575 844 1603 de
862 1576 919 1602 dote
932 1597 938 1608 ,
965 1577 993 1604 in
1013 1587 1064 1614 qua
1077 1578 1104 1605 id
1117 1587 1223 1614 quoque
1237 1577 1365 1613 scriptum
1381 1577 1460 1605 fuerit
1473 1587 1478 1603 z
1504 1579 1532 1603 In
1545 1577 1672 1603 adulterio
1684 1586 1773 1603 uxores
1785 1576 1993 1611 deprehenffisjus

405 1611 480 1650 siiiffl·
494 1612 595 1639 maritis
607 1621 700 1639 necare.
732 1613 766 1640 Et
780 1622 810 1640 ex
826 1614 920 1641 eadem
934 1618 1038 1642 Catonis
1051 1616 1174 1643 oratione
1186 1615 1240 1643 haec
1252 1615 1398 1651 subjungit:
1419 1617 1477 1643 Vir.
1499 1613 1599 1651 inquit,
1619 1624 1675 1641 cum
1688 1612 1826 1641 divortium
1836 1613 1900 1649 fecit
1909 1635 1917 1646 ‚
1937 1625 1994 1641 mu-

410 1650 559 1685 lierijicdex
567 1659 612 1684 pro
624 1652 717 1685 censore
729 1649 770 1687 {st-
792 1652 940 1688 Imperium
955 1653 1027 1689 quod
1043 1654 1160 1683 videtur,
1181 1652 1270 1681 habet.
1292 1653 1318 1679 Si
1332 1652 1395 1689 quid
1409 1651 1531 1689 perverse
1544 1660 1666 1690 tetreque
1680 1651 1781 1680 fastum
1796 1653 1831 1680 est
1843 1652 1857 1680 a
1867 1652 1995 1684 muliere,

413 1689 571 1717 mulehtur:
593 1689 611 1716 fi
626 1689 718 1715 vinum
733 1688 813 1721 bibit,
837 1689 856 1717 fi
870 1700 932 1719 cum
948 1692 1035 1718 alieno
1050 1693 1108 1719 viro
1122 1691 1213 1727 probri
1225 1690 1289 1728 quid
1303 1690 1380 1722 fecit,
1401 1690 1605 1719 condemnatur.

453 1731 497 1754 De
507 1728 565 1760 jure
577 1733 668 1754 autem
679 1726 802 1754 occidendi
817 1728 853 1755 ita
866 1727 994 1766 scriptum
1009 1729 1060 1756 est:
1081 1730 1114 1756 ln
1127 1729 1256 1757 adulterio
1267 1738 1382 1757 uxorem
1396 1736 1470 1756 tuam
1486 1728 1506 1755 fi
1518 1728 1744 1764 deprehendisses,
1763 1728 1818 1756 fine
1828 1729 1931 1765 judicio
1941 1730 1996 1757 im.

413 1774 484 1803 pune
499 1773 605 1792 necares
617 1774 624 1791 z
645 1764 687 1791 illa
701 1773 727 1792 te
741 1765 772 1799 (fi
785 1764 955 1803 adulterares)
973 1768 1059 1804 digito
1074 1777 1128 1794 non
1141 1767 1250 1794 auderet
1262 1767 1433 1804 contingere,
1454 1776 1542 1803 neque
1553 1767 1595 1802 jus
1610 1767 1654 1793 est.
1673 1765 1776 1798 Jacobus
1788 1767 1907 1802 Cujacius
1919 1767 1995 1804 juris-

413 1802 548 1832 consultus
561 1802 715 1830 clatiffimus
728 1802 771 1830 lib.
793 1803 1017 1833 Observationum
1031 1808 1056 1832 6.
1069 1814 1177 1842 cap.25.
1190 1804 1258 1832 hanc
1269 1805 1358 1842 legem
1368 1825 1375 1836 ‚
1394 1812 1424 1832 ut
1432 1803 1537 1835 falsam,
1557 1804 1746 1840 deprehendit,
1767 1805 1918 1833 &docetut
1926 1806 1997 1834 mul-

415 1842 521 1869 &entur
536 1849 632 1868 uxores
647 1840 767 1868 adulterii
781 1842 910 1869 convieiae
921 1863 929 1874 ,
957 1852 1011 1870 non
1025 1850 1116 1871 autem
1129 1850 1258 1871 necentur
1271 1842 1285 1870 ὲ
1299 1842 1402 1871 maritis
1415 1842 1567 1870 conceffirm
1581 1841 1595 1869 a
1610 1842 1733 1869 Romulo
1747 1862 1754 1874 ‚
1775 1852 1838 1870 cum
1852 1844 1920 1881 apud
1934 1843 1996 1871 Dio-

416 1878 512 1919 nyssam
533 1877 751 1916 Halicarnaffium
769 1878 886 1916 legatur,
908 1884 1001 1915 ζημιῖςγ,
1022 1882 1094 1917 quod
1112 1880 1143 1908 fit
1163 1881 1293 1908 muletam
1312 1881 1450 1917 infligere,
1471 1890 1526 1908 non
1547 1888 1684 1909 mortem:
1706 1882 1732 1908 ὃ(
1752 1880 1871 1917 Agellius
1889 1890 1997 1920 quoque

415 1917 546 1945 molestare
562 1919 588 1945 &
603 1919 783 1944 condemnare
793 1938 799 1947 ‚
820 1926 876 1944 non
889 1925 979 1946 autem
993 1927 1101 1951 necare,
1121 1918 1228 1947 habeat:
1250 1918 1294 1947 sed
1308 1926 1401 1947 tamen
1415 1924 1508 1947 contra
1526 1917 1656 1955 Jacobum
1670 1918 1804 1953 Cujacium
1822 1918 1901 1948 sentit
1912 1919 1998 1956 Joan.

416 1957 529 1983 Bodime:
541 1955 569 1983 in
585 1954 717 1983 Methodo
731 1954 853 1983 historica
867 1976 873 1986 ‚
902 1965 959 1993 cap.
968 1965 995 1992 4.
1009 1966 1091 1994 quem
1107 1956 1196 1994 legere
1209 1965 1296 1994 potes.
1338 1957 1425 1985 Moris
1445 1956 1512 1984 illius
1529 1966 1584 1994 quo
1602 1957 1659 1991 ufic-r
1673 1955 1729 1984 vim·
1748 1957 1903 1986 mulieribus
1916 1959 1999 1987 inter-

418 1994 503 2021 dicius
517 2000 586 2026 erat,
606 1993 689 2021 etiam
706 1992 817 2020 Videmus
831 1997 965 2021 Maximus
979 1996 1106 2023 meminit
1118 1995 1163 2023 lib.
1181 2005 1205 2024 2.
1219 2005 1275 2033 cap.
1295 2004 1317 2023 x.
1358 1996 1422 2023 Vini
1435 1994 1506 2026 usus,
1526 1995 1626 2032 inquit,
1646 1994 1713 2022 olim
1731 1996 1862 2023 Romanis
1876 1995 2000 2025 foeminis

419 2031 524 2067 ignotus
539 2031 588 2059 fuit
602 2052 609 2063 ,
636 2040 670 2058 ne
684 2030 784 2059 scilicet
798 2032 825 2058 in
839 2031 948 2069 aliquod
967 2033 1081 2061 dedecus
1094 2033 1296 2071 prolaberentur
1309 2044 1315 2061 2
1335 2034 1396 2070 quia
1410 2033 1549 2070 proximus
1564 2033 1577 2060 -Σι
1590 2033 1688 2061 Libero
1699 2041 1775 2069 patre
1787 2034 2000 2071 intemperantiae

420 2070 514 2105 gradus
530 2069 561 2096 ad
576 2069 753 2097 inconcessam
772 2073 909 2097 Venerem
924 2070 975 2099 effi:-
988 2071 1134 2100 consuevit.
1154 2073 1188 2100 Et
1203 2072 1300 2100 Plinius
1313 2071 1358 2099 lib.
1370 2081 1410 2107 ¹4·
1425 2080 1481 2107 cap.
1497 2082 1536 2109 ¹3·
1555 2075 1610 2098 Non
1623 2070 1711 2099 licebat
1723 2070 1816 2099 vinum
1823 2072 1938 2108 foeminis
1949 2077 1998 2100 Ra-

421 2116 465 2147 mq
478 2104 562 2150 bibere.
590 2108 744 2134 Invenimus
757 2108 827 2135 inter
840 2109 976 2146 exempla,
996 2108 1104 2147 Egimtii
1116 2109 1243 2138 Mecennii
1256 2119 1383 2142 uxorem,
1398 2110 1470 2147 quod
1483 2110 1576 2137 vinum
1591 2109 1693 2138 bibisset
1707 2110 1803 2138 edolio
1812 2111 1996 2143 ,interfeaam

420 2143 495 2171 futile
509 2153 523 2169 a
539 2145 635 2172 marito
644 2165 650 2175 ‚
671 2155 788 2183 eumque
801 2147 877 2174 caedis
892 2148 904 2175 a
920 2149 1041 2176 Romulo
1053 2147 1211 2176 absolutum.
1231 2147 1323 2176 Fabius
1335 2147 1421 2175 PiHor
1434 2148 1462 2175 in
1476 2148 1621 2176 Annalibus
1631 2148 1683 2177 suis
1695 2148 1807 2184 scripfit:
1829 2150 1980 2177 Matronam
1990 2168 1998 2180 ,

420 2181 492 2219 qUOd
507 2179 619 2213 loculos,
630 2183 656 2221 in
671 2183 764 2223 quibus
778 2193 851 2212 erant
865 2184 951 2213 claves
965 2186 1070 2214 vinariae
1084 2185 1169 2218 cellae,
1182 2186 1372 2224 refignaviffet‚
1393 2185 1406 2214 ὲ
1421 2185 1471 2214 suis
1485 2187 1573 2215 inedia
1585 2188 1657 2214 mori
1668 2187 1798 2215 coaCtam.
1817 2186 1938 2214 Catoideo
1942 2195 2003 2220 pro-

415 2228 523 2257 pmquos
538 2217 651 2253 soemmls
665 2221 769 2255 qlculum
781 2224 844 2250 dare
856 2222 983 2262 instituit,
1002 2233 1032 2253 ut
1040 2223 1148 2259 stirem,
1166 2235 1201 2252 an
1213 2233 1336 2253 temetum
1348 2224 1452 2251 olerent.
1490 2227 1552 2254 Hoc
1566 2233 1625 2253 tum
1642 2235 1744 2253 nomen
1759 2227 1823 2254 vino
1835 2232 1890 2253 erat
1900 2244 1907 2255 ‚
1927 2225 1999 2252 unde

423 2260 449 2286 δε
464 2258 612 2299 teintflentta
629 2258 763 2300 appellata.
789 2263 881 2296 Cney'uae
893 2262 1020 2291 Domitius
1030 2262 1113 2299 judex
1127 2264 1323 2300 pronuntiavit,
1343 2263 1486 2290 mulierem
1499 2264 1584 2292 videri
1596 2264 1652 2301 plus
1666 2265 1720 2292 vini
1734 2263 1838 2295 bibifle,
1857 2271 1939 2299 quam
1953 2272 2000 2290 va-

420 2295 545 2323 letudinis
559 2293 632 2337 causa
637 2316 645 2336 t
668 2305 727 2323 viro
746 2297 886 2333 insciente,
905 2310 936 2329 ac
949 2302 1013 2330 dote
1026 2302 1181 2333 muletavit,
1201 2304 1252 2331 &c.
1291 2302 1332 2330 Ex
1346 2301 1439 2338 quibus
1453 2309 1545 2333 tamen
1558 2302 1684 2334 omnibus
1696 2312 1752 2333 uon
1765 2301 1891 2340 probatur
1905 2304 2001 2337 Romu2

421 2333 475 2362 lum
487 2332 546 2371 lege
560 2333 668 2366 cavffle,
690 2341 719 2362 ut
733 2343 842 2368 uxores,
863 2348 919 2375 quae
934 2340 1029 2370 vinum
1042 2340 1180 2375 bibiss'ent,
1199 2346 1290 2371 mone
1304 2339 1505 2379 muletarentur.

1932 2375 2005 2415 ceci}
