2075 2734
403 105 458 134 822
952 92 1119 122 Pium

1165 94 1403 122 Manu-rii

404 148 500 173 claribus
512 151 581 172 terrm
594 147 651 171 locut
663 145 787 175 constitutus
801 150 807 166 t
833 143 937 176 quamvis
950 144 998 179 qus}
1004 144 1097 173 fortuna
1109 142 1164 165 vitio
1173 158 1180 169 ‚
1192 148 1193 152 ¹
1208 147 1261 165 tum
1268 141 1357 174 aliquid
1365 140 1455 172 populo
1463 140 1553 169 voluit,
1562 140 1600 170 &‚
1611 141 1663 166 uris
1671 141 1716 166 iuis
1723 141 1982 179 suffragiismagistmus

403 190 444 205 mon
467 189 492 203 uo
505 179 622 208 decoxiffit.
647 178 752 201 Primum
766 176 837 207 igitur
849 174 965 198 senatores
977 183 1002 198 rn
1014 173 1064 197 sedi
1119 173 1182 197 circo

406 212 523 245 proximis
530 209 687 235 comidebant.
699 209 801 232 secundo
814 207 869 230 loco
881 204 990 238 proxime
1001 205 1047 229 sed‘
1125 205 1184 228 uires

406 244 531 277 putabam,
543 241 612 269 cum,
625 242 728 271 exceptis
741 238 897 265 senatoribus,
912 239 935 262 ὅ(
948 236 1130 269 magistratibus⁷
1149 236 1184 260 di-

406 276 496 307 gnitate
504 276 631 299 anteirent:
648 271 686 296 sed
694 271 705 295 ὲ
714 272 829 295 Cornelio
836 271 920 294 Tacito
927 271 1033 294 monitus
1041 270 1183 300 opinionem

405 308 510 334 mutavi,
531 307 548 330 is
555 306 636 332 enim,
649 303 728 327 sedisse
736 303 833 334 quidem
842 303 932 326 inXlV.
946 301 1069 326 ordinibus
1076 302 1183 332 equites,

407 346 493 366 narrat,
503 346 552 362 non
560 344 635 360 tamen
645 354 651 363 ‚
659 343 710 359 anre
717 334 810 366 plebem
820 352 826 361 ‚
833 334 872 358 sed
879 334 974 358 confuse
981 351 987 361 ‚
995 340 1085 357 tantum
1094 340 1116 356 ur
1125 335 1183 356 XIV.

405 371 501 394 ordines
508 370 623 393 haberent.
642 371 715 394 Nero,
723 368 801 398 inquit
809 366 871 390 libro
878 369 926 391 XV.
937 374 973 393 32·
984 375 1007 390 2.
1024 367 1133 397 Equitum
1142 367 1181 387 Ro-

406 410 517 427 manorum
525 399 664 430 [ocosse-arbua
670 399 734 430 flebis
740 399 859 430 antepositi!
866 400 926 430 apud
931 400 1013 420 circum
1020 408 1028 420 .-
1042 405 1092 420 nam
1100 397 1128 419 ad
1134 404 1181 418 eam

404 434 462 456 diem
469 433 576 462 indtfireti
586 430 681 454 xmbant:
698 432 752 462 quia
768 432 804 453 lex
811 431 891 463 'Rqsria
898 431 965 457 nihil,
984 430 1020 457 nifi
1033 431 1058 451 de
1071 430 1108 451 XI
1114 431 1138 451 V.
1150 435 1183 449 or-

406 464 491 488 dinibus
500 481 507 491 ‚
520 465 603 493 saia-ir.
628 462 737 494 Hiclegis
744 463 811 486 Titia:
825 465 849 486 ὅς
858 462 987 487 Corneliae,
1004 459 1017 484 a
1030 459 1124 483 duobus
1136 458 1183 482 for-

407 494 460 519 taffe
468 495 566 519 tribunis
573 493 715 525 plebislarx,
734 494 804 524 (nam
817 495 842 518 &
856 493 941 525 plebeii
954 492 1062 516 Cornelii
1073 491 1183 520 suerunt)

406 526 566 558 subjungenda
574 527 665 550 mentio
673 526 717 549 est:
736 533 787 556 qua:
795 525 881 553 sanxit,
891 532 920 548 ne
928 525 980 556 quis
988 525 1012 547 in
1021 524 1141 555 pecuniam
1149 523 1184 545 lu-

406 558 485 586 deret,
502 557 703 590 sponsronemque
710 557 758 586 ejus
766 559 798 581 rei
807 564 863 580 eroo
871 556 968 583 faceret,
985 556 1026 579 nifi
1041 555 1055 579 si
1063 561 1184 578 certaretur

406 589 481 617 disco,
489 589 821 620 pilovejaciendmcurrendo,
829 588 932 612 saliendo
940 587 1071 616 Audendo,
1080 594 1184 619 pugnan-

407 622 453 646 do:
463 629 514 654 quac
520 622 612 645 virtutis
619 620 688 645 causs'a
695 621 786 644 fiebant.
797 621 854 644 hane
861 621 939 651 legem
947 626 1025 643 utrum
1034 619 1184 650 Reipublicas,

407 657 613 684 anlmperatorum
625 652 771 684 temporibus
784 653 853 676 latam
865 652 999 676 existimem
1011 669 1017 678 ,
1035 656 1186 682 compertum

408 693 459 710 non
466 684 548 709 habeo.
562 687 712 709 mentionem
720 684 791 708 video
804 684 856 708 fieri
868 684 926 715 apud
939 681 1120 713 jurisconsultos
1137 684 1186 705 Nec

409 717 573 741 omittendum
581 717 639 741 illud
646 733 653 743 ,
665 717 732 748 quod
738 717 854 747 pertinere
861 715 953 739 videtur
959 715 986 739 ad
993 715 1075 739 ludos:
1094 713 1184 737 histrio-

410 757 469 774 num
477 749 596 773 licentiam
604 748 726 781 repressam
734 748 777 772 effe
784 749 848 779 lege:
857 755 901 779 qua
909 747 937 770 de
944 755 968 770 re
976 747 1047 778 is‚qni
1055 745 1127 769 libros
1134 745 1185 768 rhe-

409 781 541 805 toricorum
549 780 636 812 scripsit
642 781 669 803 ad
677 781 904 811 Herennium,arque
910 779 980 802 eriam
988 778 1111 801 Suetonius
1117 784 1183 800 men<

411 814 505 837 tionem
511 812 572 837 facit.
591 815 648 836 Non
656 811 687 835 est
695 829 701 839 ‚
712 813 812 842 opinor,
826 810 838 834 Ξ
845 809 937 842 legibus
944 810 973 833 de
982 810 1139 841 religionelex
1149 809 1186 831 illa

410 844 565 874 sejungenda:
582 851 653 875 quam
661 843 773 867 vetustam
790 843 856 867 fuiffe
870 843 950 866 Livius
964 842 1050 868 asserit,
1067 840 1147 873 priscis
1159 840 1187 863 li-

411 877 467 900 teris
475 875 555 899 verbis
569 883 597 899 ue
604 875 723 906 scriptam:
741 882 767 899 ut
774 892 780 902 ‚
795 876 837 906 qui
844 882 926 906 prator
933 875 1050 898 maximus
1057 873 1111 896 effer
1118 889 1124 899 ‚
1143 872 1186 895 idi-

406 907 456 931 'bus
466 910 558 938 Septem
578 907 608 930 ris
621 908 711 930 clavum
725 913 844 938 pangeret.
860 906 925 934 cujus
938 905 1062 936 religionis
1076 904 1188 928 servanda:

410 939 482 971 gratia
489 945 590 962 creatum
598 937 641 962 esse
648 939 787 962 distarorem
795 956 801 965 ,
815 938 880 961 idem
888 938 967 960 Livius
980 938 1009 960 ait
1017 954 1023 963 ‚
1036 940 1062 959 L.
1070 937 1187 959 Manlium

411 970 585 1001 Imperiosum,
601 969 627 992 ab
634 978 711 1000 eoque
718 971 809 993 clavum
817 968 862 993 effe
874 969 949 992 fixum
962 969 1045 991 dextro
1059 968 1123 990 lateri
1136 967 1190 990 :edis

413 1003 481 1034 Jovis
487 1002 576 1034 optimi
585 1003 683 1025 maximi
692 1018 698 1028 ‚
713 1009 737 1024 ea
745 1009 807 1032 patre
814 1018 820 1028 ,
836 1009 880 1032 qua
888 1001 999 1023 Minerva
1007 999 1124 1029 templum
1131 998 1190 1021 fuit:

415 1035 440 1057 ὃ(
448 1034 518 1060 addit,
527 1040 582 1056 eum
589 1034 746 1064 clavurn,quia
754 1041 806 1056 rara:
813 1032 896 1064 primis
904 1031 968 1055 urbis
976 1030 1121 1062 temporibus
1128 1036 1190 1053 erant

412 1066 485 1090 literar
493 1083 499 1092 7
518 1071 599 1088 noram
607 1065 700 1087 numeri
708 1072 823 1087 annorum
832 1063 896 1087 fuisse
903 1063 977 1087 credi:
993 1069 1071 1094 eoque
1080 1063 1190 1085 Minerva»

415 1098 507 1128 remplo
515 1097 613 1120 dicatam
620 1097 696 1127 legem
705 1113 711 1122 ‚
729 1097 782 1128 quia
790 1103 899 1119 numerus
908 1096 1018 1119 Minerva
1028 1095 1151 1117 inventum
1159 1092 1190 1116 es-

415 1128 461 1153 set:
477 1136 529 1151 eam
537 1135 612 1151 autem
619 1128 779 1151 ceremoniam
786 1126 840 1151 cum
849 1135 888 1159 per
895 1127 987 1159 aliquot
994 1133 1066 1150 annos
1073 1124 1149 1149 fuisset
1156 1126 1192 1149 in-

415 1159 516 1184 rermiffa
524 1177 530 1187 ‚
539 1159 594 1183 ideo
601 1159 644 1183 effe
652 1166 787 1183 renovatam
795 1176 802 1186 ,
817 1166 842 1182 ut
850 1158 978 1190 pestilentia
984 1158 1098 1182 sedaretur
1106 1174 1112 1184 ,
1126 1157 1192 1188 quod

416 1198 481 1249 {ntea
488 1191 574 1216 factum
580 1208 587 1220 ‚
604 1191 761 1224 prospereque
768 1198 819 1216 rem
826 1189 948 1216 succeffiffe
955 1208 963 1219 ,
978 1189 1081 1214 seniores
1087 1189 1193 1222 pradica-

434 1230 480 1249 ant.

670 1301 843 1328 CAPUT
884 1299 940 1327 1v.

444 1389 518 1422 Leges
534 1383 565 1411 de
577 1381 647 1411 rebus
664 1381 783 1409 humanis
798 1402 805 1414 ,
832 1389 861 1420 <tc
870 1378 987 1414 primum
1000 1389 1031 1406 ex
1043 1388 1097 1419 qua
1106 1380 1169 1414 fiant

654 1421 686 1448 de
700 1417 886 1457 magstrattbus
898 1418 965 1449 lata.

472 1509 505 1533 ost
513 1516 548 1533 res
554 1509 643 1532 divinas
652 1525 658 1535 ‚
666 1509 771 1532 humanae
779 1506 907 1538 sequuntur
914 1523 920 1533 ,
931 1506 956 1529 δε
964 1505 1026 1529 inter
1032 1506 1143 1529 humanas
1149 1505 1196 1536 pri-

416 1511 468 1572 P
487 1548 555 1564 mum
562 1541 681 1571 dignitatis
688 1540 769 1563 locum
776 1537 885 1561 obtinent
892 1536 1043 1568 magistratus.
1052 1538 1128 1569 itaque
1135 1537 1195 1560 ordo

421 1572 532 1604 postulat,
550 1579 588 1599 ut,
606 1572 727 1603 quaeleges
734 1571 763 1594 de
771 1570 799 1593 iis
809 1570 856 1592 latae
865 1567 931 1596 sunt,
948 1576 984 1591 eas
996 1568 1034 1592 hic
1042 1576 1195 1600 exponamus.

422 1605 466 1628 Sed
485 1604 599 1635 quoniam
619 1610 647 1626 ex
666 1603 751 1626 ordine
767 1601 888 1624 Senatorio
904 1601 1015 1631 leguntur
1036 1599 1180 1631 magistratus
1191 1608 1196 1622 :

421 1635 559 1666 delegendo
567 1635 643 1658 senatu
651 1635 714 1665 prius
720 1634 770 1664 agi,
785 1639 879 1664 acquum
891 1631 992 1656 videtur.
1010 1639 1055 1663 qua
1067 1632 1097 1655 de
1108 1639 1132 1655 re
1139 1631 1197 1655 Festi

421 1666 489 1690 verba
497 1665 672 1690 subscribemus.
689 1665 926 1694 Praereririfi‘natorer,
939 1663 1034 1694 inquit,
1053 1664 1161 1694 quondam
1174 1664 1197 1686 in

420 1697 530 1732 opnrobrio
538 1706 577 1720 non
584 1704 645 1720 erant
653 1707 660 1720 .-
675 1698 740 1728 quod,
748 1703 772 1718 ut
781 1704 840 1726 reges
847 1694 889 1726 fibi
895 1694 991 1725 legebant
998 1711 1004 1721 ‚
1012 1693 1197 1726 sublegebantque

423 1724 476 1762 qim!
487 1731 508 1752 in
516 1727 684 1759 confiliopublico
693 1727 792 1750 [ruberent
800 1737 807 1749 .-
822 1728 853 1749 ira
859 1727 901 1756 post
909 1726 994 1749 exustos
1002 1734 1034 1749 ens
1042 1727 1137 1755 Consule}
1143 1735 1197 1758 quo-

425 1771 468 1794 que
481 1760 506 1784 ὼ·
520 1760 602 1783 tribuni
613 1761 711 1783 miluum
723 1760 829 1789 consulari
837 1758 950 1788 potestate,
974 1757 1148 1789 conjunfliffimor
1157 1758 1200 1788 sibi

423 1793 660 1825 quosqueparticiorum
669 1807 675 1818 ‚
693 1789 719 1813 (f
726 1789 940 1822 deindeplebejorum
948 1788 1058 1819 legebant:
1075 1790 1137 1811 donec
1144 1791 1199 1812 Ovi-

423 1827 460 1848 m‘a
467 1823 590 1846 Tribunm'a
597 1822 769 1854 intervenirqua
775 1821 885 1851 fizncirum
892 1822 927 1850 est,
935 1827 961 1843 ut
967 1820 1059 1848 Cenfhres
1068 1828 1096 1842 ex
1103 1822 1160 1842 omni
1167 1829 1199 1842 or-

424 1858 474 1879 dine
480 1856 584 1886 optimum
592 1861 702 1885 quemque
708 1853 809 1876 curiatim
817 1854 838 1875 ιή
846 1852 950 1875 Senatum
958 1853 1057 1882 legerent.
1064 1852 1198 1882 quofad'lum

423 1888 453 1915 est
461 1904 467 1914 ‚
479 1893 504 1909 rot
512 1903 518 1913 ,
532 1886 675 1916 quipraeteriti
681 1886 744 1916 essent
751 1900 758 1910 ‚
766 1882 792 1907 ὼ·
799 1886 840 1907 [πο
847 1884 901 1906 mori
909 1901 915 1910 ,
924 1882 1051 1906 haberemur
1057 1883 1197 1913 {gnominioffi

422 1922 459 1943 De
467 1916 635 1949 magistratibus
642 1917 716 1947 prima
722 1916 767 1939 fuir
775 1916 862 1946 opinor
870 1932 876 1942 ‚
883 1915 930 1938 hac
942 1923 947 1937 2
959 1921 984 1937 ut
991 1913 1020 1937 de
1027 1912 1105 1937 senatu
1113 1931 1119 1941 ,
1127 1914 1150 1937 id
1157 1913 1197 1939 es’r,

423 1951 452 1974 rie
460 1948 675 1981 patriciisfamiliis‚
695 1946 928 1978 omnesmagistratus
939 1952 1080 1969 crfflrentur:
1098 1945 1171 1978 idque
1185 1944 1199 1968 Ξι

423 1982 531 2006 Romulo
545 1980 677 2004 institutum
690 1980 776 2011 reliqui
788 1978 875 2002 deinde
889 1985 954 2009 reges
967 1976 1123 2001 observarunt.
1142 1977 1199 2001 hanc

428 2020 503 2037 autem
512 2014 590 2043 legem
598 2029 604 2039 ‚
612 2012 652 2035 vix
660 2012 797 2042 putaverim,
804 2009 910 2034 comitiis
916 2010 1008 2033 curiatis
1016 2027 1022 2036 ,
1031 2015 1055 2032 ut
1062 2010 1175 2041 reliquas,
1186 2007 1199 2032 *a

427 2045 535 2069 Romulo
543 2043 586 2067 esse
593 2043 655 2066 laras.
661 2043 810 2075 quippe,quae
817 2041 922 2065 adverlus
928 2040 1004 2073 plebis
1011 2042 1158 2064 voluntatem
1165 2048 1200 2065 res

429 2076 482 2100 ess'et
494 2092 500 2101 ‚
518 2083 570 2098 eam
577 2083 624 2098 rerr:
632 2082 671 2097 cur
678 2075 747 2105 ipfius
755 2073 923 2105 plebisjudicio
931 2072 1083 2104 potestatique
1089 2073 1202 2097 commit—

428 2109 501 2132 reret?
514 2106 586 2130 sanxit
598 2107 669 2136 igitur
676 2106 721 2130 hoc
728 2107 794 2137 regio
806 2106 869 2134 jure,
883 2104 1030 2136 publicisque
1038 2104 1201 2128 tabulisconfi-

431 2138 511 2170 giravit
518 2153 524 2164 ,
543 2138 566 2160 &
573 2137 687 2160 observari
695 2145 737 2168 pro
744 2139 796 2169 lege
803 2137 886 2160 voluit.
902 2136 966 2167 quod
974 2134 1093 2168 perlpicue
1100 2136 1201 2160 demon-

429 2171 481 2195 strat
490 2168 612 2198 Dionysius
619 2168 680 2191 libro
687 2171 715 2192 11.
721 2176 768 2199 cap.
774 2174 784 2192 8
791 2177 800 2194 3
807 2188 812 2192 .
818 2176 873 2192 cnm
881 2168 924 2192 ait:
942 2169 1075 2191 Romulum
1082 2167 1110 2191 de
1117 2176 1200 2191 mune—

427 2201 493 2227 :ibus
500 2200 649 2231 patriciorum
656 2201 679 2223 ὅ(
687 2200 832 2230 plebeiorum
840 2201 890 2231 lege
898 2199 1000 2226 sanxisse,
1013 2201 1131 2232 utpatricii
1137 2201 1200 2229 sacra

427 2237 530 2257 ‘ararent
537 2247 544 2258 ,
561 2232 693 2262 magistrumn
699 2239 798 2262 gererem
806 2249 812 2258 ,
820 2233 862 2263 jus
870 2233 977 2254 dicerem:
991 2231 1085 2263 plebeji,
1101 2239 1155 2262 quta
1162 2240 1199 2254 ru-

427 2267 463 2289 der
476 2264 586 2294 inopesque
596 2263 670 2290 efflue,
686 2271 744 2292 agros
757 2266 848 2286 colerem
856 2280 863 2290 ,
879 2263 1056 2295 quxstuam'fique
1062 2263 1145 2286 ambus
1152 2270 1198 2295 ope-

424 2304 474 2321 ram
485 2296 566 2318 darent.
595 2297 817 2323 Temperamenrum
831 2294 890 2318 illud
906 2302 998 2321 tamen,
1016 2301 1065 2326 quo
1078 2295 1199 2318 civitatum

424 2325 559 2353 eoncordia,
566 2325 590 2348 id
596 2324 636 2352 est,
644 2323 700 2348 salus
707 2324 752 2356 ipsa
759 2326 895 2352 custoditur,
903 2326 1006 2350 maxime
1014 2325 1125 2358 quoeiivit.
1133 2334 1197 2354 mm,

423 2367 454 2390 με
461 2358 534 2386 nimis
541 2357 567 2383 in
574 2357 685 2383 ordinem
691 2357 815 2388 patricium
820 2358 935 2382 videretur
944 2356 988 2382 ess‘e
994 2357 1123 2390 propensus
1133 2374 1140 2387 ‚
1159 2357 1197 2382 da-

1194 173 1199 247 l

1195 251 1199 285 l

1208 180 1302 201 crearet,
1311 175 1373 205 leges
1379 172 1490 199 scisceret,
1499 173 1557 197 bella
1565 173 1704 201 decerneret,
1711 176 1802 199 curratis
1809 178 1912 202 comitiis
1920 181 1980 205 runt,

1211 206 1355 229 Duumviros
1363 212 1460 237 quoque
1468 222 1474 231 ,
1482 207 1522 237 qui
1533 205 1718 237 perduellionem
1727 207 1851 234 iudicarent
1859 226 1865 236 ,
1873 210 1902 233 ita
1911 212 1980 236 creari

1211 236 1279 266 juffin
1287 245 1311 260 ut
1319 237 1344 260 ad
1352 238 1466 269 populum
1474 238 1611 268 provocatio
1619 237 1680 261 esset.
1693 245 1737 269 qua
1744 238 1790 270 ipsa
1797 240 1826 263 de
1833 241 1884 272 lege
1892 243 1982 267 &infra

1211 270 1303 292 menrio
1311 269 1349 292 fiet
1363 270 1424 292 inter
1436 276 1471 293 eas
1480 286 1485 295 ,
1500 277 1547 300 qux
1554 269 1581 293 ad
1588 270 1688 293 crimina
1694 271 1796 301 capitalia
1804 274 1927 302 pertinent.
1942 282 1984 298 nee

1211 306 1289 324 tamen
1297 300 1334 324 hic
1342 318 1347 327 ‚
1355 299 1409 324 cum
1417 301 1445 324 ad
1454 301 1592 324 duumviros
1601 320 1606 328 ‚
1615 302 1646 324 ho
1668 301 1708 329 est,
1715 303 1743 325 ad
1750 303 1907 333 magistratum
1913 307 1984 335 perti-

1212 332 1437 359 near‚omittendam
1444 334 1584 362 putavimus.
1611 332 1720 361 Ejusdem
1731 335 1782 365 lege
1795 336 1984 368 creavitpopulus

1211 363 1332 388 tribunum
1341 364 1460 391 Celerum,
1467 365 1509 396 qui
1516 364 1635 396 equitibus
1642 373 1742 396 praserat,
1749 367 1772 389 &
1781 368 1851 390 veluti
1858 366 1984 393 secundum

1212 396 1291 419 locum
1300 413 1306 423 ,
1318 402 1342 419 ut
1351 396 1712 427 aitPomponiusjurisconsultus
1721 415 1726 424 ‚
1740 396 1752 420 a
1760 398 1850 429 regibus
1858 398 1984 425 obtinebat.

1212 434 1261 458 qno
1275 429 1299 450 in
1307 435 1409 451 numero
1416 427 1461 450 suit
1474 428 1592 458 L.Junius
1599 431 1690 455 Brutus,
1707 430 1748 452 ille
1755 437 1818 461 reges
1826 431 1948 460 ejiciendi,
1959 433 1984 456 δε

1213 459 1349 482 inducendae
1356 459 1467 482 libertatis
1474 459 1562 484 author.
1574 461 1746 484 Creatosetiarn
1754 469 1862 492 regnante
1868 464 1985 492 Romulo,

1213 491 1336 520 quaeliores
1344 491 1455 521 Ulpianus
1462 492 1515 521 Dig.
1521 499 1530 514 r
1536 510 1541 515 .
1547 499 1556 515 ι
1563 499 1572 518 3
1579 511 1584 515 .
1593 491 1716 523 prodidita
1723 494 1795 524 Junio
1803 494 1935 518 Gracchano
1943 502 1987 519 tra-

1213 523 1290 555 ditum
1299 523 1323 546 in
1331 523 1360 546 iis
1367 522 1443 549 libris,
1450 529 1509 554 quos
1517 522 1545 545 de
1552 523 1701 548 Potestatibus
1709 524 1827 556 inscripfit.
1836 525 1901 550 idem
1909 533 1986 551 tamen

1214 554 1260 577 lm:
1267 554 1398 585 lubjungitt
1412 555 1472 585 Sicut
1479 553 1569 576 dubium
1577 555 1611 583 est,
1619 565 1655 583 an,
1663 558 1760 589 Qnmlo
1768 557 1793 580 (Ξ-
1801 560 1886 588 ‘Numa
1898 567 1986 589 regnan-

1215 585 1271 608 ribus
1280 603 1286 612 ‚
1294 587 1456 617 quaestorfutrit
1463 595 1471 608 :
1478 587 1511 608 ita
1518 602 1525 613 ,
1532 587 1588 608 Tullo
1596 588 1685 616 Hostilio
1692 596 1738 617 rege
1746 605 1752 614 ,
1761 590 1866 620 quaessnrer
1872 590 1938 618 smffi
1946 599 1988 613 cer-

1215 624 1263 640 tum
1271 619 1306 647 est.
1324 622 1351 641 Lt
1359 618 1410 641 sane
1417 616 1521 640 crebrior
1533 617 1618 648 opinio
1625 618 1656 641 est
1665 635 1671 645 ,
1689 619 1787 643 Tullum
1799 620 1927 644 Hostilium
1940 621 1986 652 pri-

1216 656 1284 673 mum
1299 651 1323 673 in
1337 648 1518 680 Rerirpublicam
1535 649 1658 680 quaestores
1670 650 1793 675 induxisse.
1819 655 1908 683 Legem
1917 653 1988 676 aliam
2004 649 2007 653 ”

1216 688 1321 710 practerea
1330 682 1354 706 in
1362 688 1436 713 regno
1443 683 1555 705 Romano
1563 680 1592 705 de
1599 681 1767 713 magistratibus
1775 690 1824 708 non
1831 684 1901 708 video
1908 685 1989 708 nomi-

1216 714 1274 737 nari.

1476 790 1652 817 CAPUT
1693 792 1728 817 V.

1249 846 1260 853 x

1234 874 1309 908 Leges
1316 870 1369 908 post
1382 869 1480 897 exaffos
1490 881 1558 909 reges
1570 872 1601 898 de
1614 870 1808 909 magistratuum
1820 870 1972 900 urbanorum

1409 908 1535 936 creatione
1554 919 1582 936 ac
1595 908 1717 946 potestate
1736 910 1800 937 [ατε.

1220 994 1366 1057 Regibus
1374 995 1442 1027 pulsis
1449 1012 1455 1023 ,
1469 996 1544 1028 prima
1558 996 1586 1020 de
1593 996 1762 1027 magistratibus
1774 997 1812 1020 lex
1818 996 1863 1020 fuir
1870 1014 1877 1024 ,
1887 969 2013 1029 quamffl‘

1300 1029 1383 1058 Junius
1390 1030 1471 1050 Brutus
1478 1029 1540 1055 tulit,
1548 1035 1573 1051 ut
1580 1028 1675 1059 singulis
1683 1029 1747 1051 annis
1753 1028 1804 1052 bini
1810 1028 1923 1056 consules,
1932 1030 1992 1060 regia

1218 1058 1551 1090 porestate.crearenrur‚iisque
1558 1060 1663 1090 primum
1670 1060 1772 1083 creandis
1785 1061 1909 1083 centuriata
1915 1061 1992 1085 comi-

1219 1091 1249 1113 tia
1257 1090 1283 1112 ab
1291 1091 1406 1122 interrege
1414 1107 1419 1116 ,
1437 1097 1461 1113 ut
1469 1091 1499 1113 ait
1507 1090 1633 1121 Dionysius
1640 1107 1646 1116 ‚
1668 1090 1819 1114 haberentur:
1834 1099 1884 1123 quae
1892 1099 1968 1116 tamen
1979 1090 1994 1116 *a

1220 1121 1328 1152 praefe&o
1336 1122 1400 1145 urbis
1407 1121 1451 1145 esse
1459 1122 1543 1149 habita,
1551 1123 1631 1146 Livius
1638 1122 1751 1146 tradit.sic
1759 1124 1825 1146 enim
1832 1124 1873 1148 lib.
1880 1132 1925 1148 1.ca
1945 1129 1993 1148 ,ὁο-

1221 1153 1315 1184 scripsit.
1331 1157 1381 1176 Duo
1389 1155 1480 1183 confides
1494 1156 1541 1177 inde
1547 1155 1636 1177 comitiis
1643 1155 1764 1177 centuriatis
1777 1155 1790 1178 ai
1798 1155 1896 1188 ptsfefio
1904 1163 1931 1179 ur
1945 1157 1992 1178 isex

1221 1192 1376 1208 commentaria
1384 1186 1429 1208 Ser.
1437 1187 1573 1208 Tnllinreari
1580 1187 1639 1215 sunt.
1658 1188 1684 1209 In
1693 1193 1742 1217 quo
1748 1186 1840 1210 viderur
1847 1188 1883 1210 illi
1891 1186 1934 1210 effe
1940 1194 1994 1211 cum

1223 1217 1337 1248 Dionysio
1344 1216 1511 1241 controversia:
1530 1225 1580 1249 quac
1588 1225 1666 1241 tamen
1673 1218 1736 1241 nulla
1743 1217 1784 1242 est.
1795 1226 1849 1242 nam
1857 1219 1880 1241 ἃ
1888 1219 1914 1242 ab
1925 1220 1996 1243 inrer-

1224 1256 1277 1280 rege
1286 1266 1291 1275 ,
1303 1250 1326 1272 ὅ(
1334 1248 1347 1272 a
1354 1249 1462 1279 prxfecto
1470 1248 1608 1272 fimulurbis
1615 1248 1748 1272 habirasunt
1755 1257 1780 1273 ea
1787 1250 1884 1273 comitia
1891 1267 1898 1277 ,
1908 1249 1995 1282 quibus

1223 1281 1294 1311 primi
1301 1282 1407 1305 consules
1413 1281 1482 1304 creati
1490 1281 1547 1304 sunt:
1554 1288 1609 1304 cum
1617 1281 1646 1304 iis
1653 1280 1767 1312 praefuerit
1773 1283 1810 1312 Sp.
1819 1283 1939 1305 Lucretius
1945 1283 1996 1307 Tri·
2032 1293 2036 1299 ·

1222 1313 1342 1343 cipirinus,
1350 1314 1461 1336 Lucreriae
1468 1319 1541 1343 pater:
1550 1313 1591 1344 qui
1599 1319 1645 1336 erat
1651 1312 1716 1336 idem
1722 1313 1784 1336 urbis
1792 1313 1917 1344 praefectus:
1925 1314 1996 1338 inrer—

1223 1351 1263 1368 rex
1272 1362 1278 1371 ,
1286 1344 1352 1376 quod
1358 1352 1413 1368 eum
1421 1344 1509 1368 senatus
1516 1344 1627 1368 habendis
1633 1343 1790 1368 consularibus
1797 1345 1902 1372 comitiis
1909 1362 1915 1372 ‚
1925 1347 1995 1369 Bruto

1222 1375 1335 1400 referente
1343 1394 1349 1404 ,
1356 1376 1459 1401 creasset:
1477 1375 1677 1407 prirfeCius,quod
1685 1377 1863 1408 eiTarquinius,
1872 1377 1899 1400 ad
1907 1376 1996 1402 bellum

1224 1408 1384 1440 proficiscens,
1400 1416 1479 1432 curam
1485 1407 1548 1432 urbis
1554 1409 1709 1440 mandaverat.
1726 1416 1853 1440 utrumque
1864 1410 1930 1433 enim
1943 1407 1998 1433 scri-

1224 1446 1291 1472 ptum
1299 1440 1330 1464 est
1337 1440 1396 1475 apud
1404 1439 1553 1471 Dionysium.
1561 1446 1598 1463 aut
1604 1438 1677 1471 igitui
1684 1438 1697 1463 a
1704 1440 1811 1471 praefeeto
1818 1439 1880 1463 urbis
1888 1441 2001 1464 Lucretio

1224 1473 1292 1495 creati
1300 1473 1406 1495 conlules
1413 1471 1473 1498 sunt,
1480 1477 1506 1494 ut
1513 1470 1539 1493 ab
1547 1472 1670 1502 interrege,
1681 1479 1732 1494 non
1740 1478 1764 1494 ur
1770 1471 1797 1494 ab
1805 1471 1867 1494 urbis
1873 1472 1998 1501 praesest05

1224 1509 1261 1525 aut
1268 1504 1347 1529 etiam,
1355 1503 1430 1534 quod,
1439 1503 1480 1534 qui
1488 1503 1589 1526 interrex
1596 1501 1726 1529 effenidem
1733 1503 1756 1525 δε
1764 1502 1880 1534 praefestus
1887 1502 1950 1526 urbis
1957 1511 2000 1527 vo—

1224 1535 1268 1557 cari
1275 1533 1356 1566 poffet.
1364 1534 1427 1558 urbis
1433 1534 1499 1558 euim
1506 1541 1584 1558 curam
1592 1533 1684 1564 gerebat
1690 1535 1791 1557 interrex
1799 1542 1804 1556 2
1818 1534 1872 1566 quia
1879 1541 1934 1558 tunc
1943 1551 1949 1562 ,
1961 1543 1998 1559 ur-

1224 1565 1292 1589 banas
1304 1573 1339 1589 res
1352 1566 1393 1598 qui
1401 1573 1501 1593 curaret,
1519 1565 1662 1597 magistratus
1668 1563 1770 1588 omnino
1778 1565 1923 1590 nulluseffet.
1946 1566 1998 1592 1²0st

1225 1598 1281 1620 hanc
1294 1598 1372 1628 Iegem
1386 1598 1435 1621 dua:
1449 1597 1575 1629 sequuntur
1588 1597 1703 1628 proximae
1710 1613 1716 1623 ,
1732 1594 1746 1618 ἒι
1757 1599 1780 1620 1⁷.
1789 1597 1880 1621 Valerio
1888 1597 2002 1627 consu1e‚.

1226 1629 1289 1652 Bruti
1296 1630 1385 1660 collega
1392 1646 1398 1656 ‚
1415 1630 1464 1652 latae
1472 1645 1479 1656 ,
1496 1627 1582 1659 quibus
1589 1627 1664 1660 plebis
1674 1627 1771 1659 potestas
1786 1629 1848 1652 aucta
1855 1646 1862 1656 ,
1878 1627 1967 1653 senatus
1974 1630 2002 1654 a:

1225 1660 1400 1691 magistratuum
1407 1660 1534 1684 imminuta
1541 1659 1583 1683 est:
1596 1660 1701 1691 primum
1709 1676 1717 1687 ,
1729 1666 1755 1683 ut
1761 1660 1918 1692 magistratum
1926 1668 2000 1685 nemo

1226 1699 1323 1723 caperet,
1331 1692 1373 1716 nisi
1380 1692 1422 1723 qui
1428 1690 1441 1715 31
1448 1692 1538 1724 populo
1545 1692 1673 1722 imperium
1679 1691 1790 1722 acciperet
1798 1709 1804 1719 ,
1812 1692 1828 1715 fi
1836 1693 1889 1724 quis
1895 1693 1960 1716 alirer
1967 1692 2000 1718 fe.

1227 1723 1290 1748 cisser
1299 1741 1305 1752 ‚
1312 1724 1403 1755 capitali
1410 1731 1480 1755 poena
1488 1724 1608 1755 puniretur
1615 1740 1621 1750 ‚
1628 1723 1732 1759 quicum
1738 1722 1864 1751 occidisset,
1871 1723 2002 1756 eiimpune

1228 1755 1295 1779 esset:
1312 1756 1413 1783 deinde,
1429 1762 1454 1779 ut
1460 1754 1565 1779 adversus
1576 1754 1735 1786 magistratum
1742 1756 1878 1786 provocatio
1891 1756 1917 1779 ad
1925 1764 2000 1788 popu-

1227 1788 1280 1810 lum
1289 1787 1353 1810 ess'et:
1372 1794 1430 1810 neve
1438 1787 1492 1818 quis
1502 1786 1646 1818 magistratus
1656 1787 1732 1810 civem
1745 1789 1883 1810 Romanum
1895 1787 2003 1813 adversus

1228 1820 1420 1850 provocationem
1427 1818 1553 1845 verberare,
1564 1824 1601 1840 aut
1610 1825 1686 1841 necare
1694 1818 1772 1842 vellet.
1781 1819 1935 1849 quamlegem
1945 1827 2002 1844 cen-

1229 1850 1317 1873 turiatis
1324 1848 1790 1876 comitiiseffelaram,v21eriusnaditlib.
1798 1853 1836 1874 lv.
1847 1853 1891 1873 Pro
1899 1851 2001 1881 patriciis

1229 1889 1255 1905 ea
1262 1881 1314 1908 suit,
1322 1889 1372 1912 qux
1380 1888 1405 1905 ut
1412 1881 1507 1913 opinor,
1514 1883 1543 1905 T.
1551 1881 1628 1904 Lartio
1636 1881 1704 1904 Flavo
1711 1881 1807 1908 iterum,

1228 1914 1271 1937 lara
1278 1913 1310 1936 est
1317 1930 1323 1940 ‚
1337 1914 1366 1937 de
1372 1913 1484 1936 dietatore
1491 1912 1538 1936 fine
1544 1912 1711 1943 provocatione
1723 1912 1822 1936 creando
1829 1928 1836 1940 ‚
1845 1914 1869 1936 δε
1877 1920 1901 1937 ut
1909 1913 1938 1937 de
1944 1922 2001 1939 con·
2015 1924 2017 1929 ·

1230 2041 1327 2067 multos,
1330 2040 1421 2072 patricii
1427 2039 1521 2064 fuerunt
1528 2048 1533 2062 z
1541 2047 1584 2063 nec
1591 2040 1654 2070 prius
1661 2040 1690 2063 de
1696 2040 1796 2071 patriciis
1802 2041 1850 2072 legi
1857 2040 2000 2066 distarorde-
2012 2050 2017 2068 e

1231 2071 1268 2096 fiir
1276 2089 1282 2098 ,
1299 2080 1370 2103 quam
1379 2072 1449 2096 creari
1461 2072 1510 2095 duo
1521 2070 1628 2095 consules
1639 2072 1729 2102 patricii
1741 2071 1863 2096 desierunt.
1877 2074 1999 2098 nonenim
2012 2081 2019 2099 ,κ’

1229 2103 1311 2127 consul
1317 2104 1424 2135 patricius
1430 2103 1569 2127 dictatorem
1577 2110 1722 2135 quemquam
1735 2103 1765 2128 de
1771 2103 1839 2136 plebe
1847 2103 1946 2129 dixiffet.
1959 2105 2001 2129 ita·
2014 2101 2023 2133 ξ’

1230 2143 1276 2167 que
1284 2152 1290 2162 ‚
1307 2137 1349 2167 qui
1356 2137 1446 2167 primus
1453 2135 1481 2159 de
1488 2134 1556 2167 plebe
1563 2135 1661 2158 distator
1668 2135 1726 2162 fuir,
1744 2138 1775 2160 C.
1784 2137 1884 2160 Marcius
1890 2137 1998 2166 Rutilus,

1228 2167 1248 2191 is
1259 2165 1272 2190 {a
1286 2169 1320 2190 M.
1333 2168 1435 2199 Popillio
1448 2170 1536 2191 Laenare
1544 2166 1640 2191 consule
1668 2166 1744 2196 lebejo
1757 2168 1832 2191 distus
1844 2168 1887 2191 est:
1903 2168 1958 2192 cnm
1969 2169 2000 2193 ira
2013 2183 2016 2189 ι

1227 2197 1393 2227 casustuliss‘et,
1411 2206 1437 2222 ut
1445 2196 1550 2223 adversus
1560 2196 1649 2230 *rusci
1676 2200 1716 2222 elli
1728 2205 1841 2224 terrorem
1855 2199 1953 2224 distaret
1963 2200 2000 2224 di·
2016 2196 2019 2202 ’

1228 2229 1387 2258 cenduseffet,
1402 2238 1445 2254 nec
1453 2230 1495 2254 nisi
1508 2229 1864 2263 aconsureplebejodicipoffet:
1881 2233 2000 2263 quiacon-

1229 2261 1262 2286 sul
1274 2263 1327 2286 alter
1339 2263 1446 2294 patricius
1460 2266 1492 2285 M.
1506 2262 1588 2287 Fabius
1595 2262 1722 2287 Ambustus
1735 2262 1798 2286 bello
1807 2264 1953 2288 retineretur.
1966 2264 1998 2287 ita
2014 2275 2018 2282 =

1228 2296 1402 2318 communicata
1409 2294 1471 2326 plebi
1479 2294 1588 2318 dictatura
1595 2312 1602 2322 ,
1619 2302 1680 2318 anno
1686 2294 1713 2318 ab
1720 2294 1776 2319 urbe
1782 2295 1877 2319 condita
1890 2295 1996 2319 CCClC.

1229 2327 1301 2358 idque
1313 2334 1392 2350 contra
1403 2334 1506 2350 veterem
1521 2326 1715 2351 consuetudinem
1727 2344 1734 2355 ‚
1756 2335 1807 2351 non
1824 2334 1901 2350 tamen
1918 2332 1999 2350 contra

1228 2358 1306 2391 legem
1312 2359 1400 2384 naum
1406 2358 1445 2384 est.
1458 2366 1510 2384 non
1516 2359 1583 2385 enim
1589 2359 1627 2384 lex
1634 2359 1774 2385 distatorem
1781 2359 1811 2384 de
1816 2358 1884 2391 plebe
1896 2357 1948 2381 fieri
1959 2365 1999 2381 ve-

1909 2394 1996 2418 tuerat,

1815 1884 1845 1912 Q.
1853 1882 1935 1905 Coelio
1946 1882 2002 1907 coffi
2016 1880 2019 1885 ⁸

1229 1944 1339 1968 sularibus
1346 1946 1468 1976 legeretur.
1475 1943 1520 1968 fuir
1527 1950 1604 1967 autern
1611 1943 1658 1967 haze
1663 1944 1701 1967 lex
1709 1942 1763 1968 ideb
1770 1952 1813 1976 pro
1818 1945 1929 1976 patriciis,
1938 1947 2000 1978 quia,
2016 1947 2032 1977 '3'

1229 1975 1284 2000 cnm
1291 1977 1362 2000 creari
1369 1977 1507 2000 dietatorem
1515 1975 1707 1999 deconsularibus
1714 1975 1802 2005 juberet
1811 1975 1966 2009 ,sequebatun
1974 1984 2000 2002 ut
2015 1978 2023 1996 ἴ

1230 2009 1259 2032 de
1266 2009 1367 2040 patriciis
1373 2015 1493 2032 crearetur.
1500 2006 1607 2031 consules
1613 2008 1680 2032 enim
1687 2014 1750 2036 tunc,
1757 2008 1782 2032 δι
1788 2015 1828 2039 per
1835 2016 1907 2032 annos
1914 2009 2000 2033 deinde
2012 2015 2026 2029 2¹·

2044 2001 2052 2504 ---.-.—-—...—„-...—....-.
2049 1852 2059 1983 -—⁴-—-—-ri
2049 1674 2059 1849 -q—..j
2058 1734 2059 1737 „
2058 1707 2062 1713 »
2050 1445 2061 1683 ,ὴν-..ψ
2052 1403 2055 1416 V
