2075 2734
397 96 448 122 552
673 66 1712 115 Aumqum-ir'uuRomauanuM-an.v1-H.

436 131 493 158 Post
509 130 597 158 tertias
611 129 736 158 nundinas
760 128 842 162 (narn
860 128 917 164 ipso
931 129 1109 156 nundinarum
1125 128 1168 156 die
1187 128 1257 156 ferre
1269 129 1357 167 legem
1377 140 1432 158 non
1449 129 1543 158 licebat
1557 150 1563 161 ,
1583 130 1648 158 teste
1660 131 1784 161 Macrobio
1797 133 1864 161 libro
1878 132 1966 161 Saturss

399 169 529 196 naliorum
547 169 652 204 primo,
672 169 758 204 capite
771 166 971 202 decimosexto)
992 166 1153 205 magistratus
1167 168 1193 194 in
1208 177 1271 195 eum
1285 167 1389 200 locum,
1412 169 1455 196 ubi
1464 169 1550 206 legem
1565 168 1664 197 laturus
1676 177 1747 203 erat,
1767 172 1850 200 fivein
1861 172 1968 202 forum,

399 207 450 234 sive
465 207 490 234 in
503 215 616 240 campum
629 211 756 233 Mantum
768 205 897 242 populum
913 207 1086 234 convocabat.
1118 205 1159 232 Ibi
1175 215 1238 232 cum
1255 206 1342 244 legem
1351 216 1426 241 prmo
1439 227 1446 236 ,
1467 206 1621 241 subjiciente
1626 207 1726 242 firiba,
1746 211 1885 238 recitasset:
1906 217 1968 237 tum

399 246 518 280 primum
531 245 639 280 quidem
656 245 691 276 is,
711 245 755 280 qui
770 245 856 281 legem
873 243 1054 281 promulgarat
1066 264 1072 275 ‚
1096 243 1196 279 populo
1210 243 1333 272 suadebat
1348 266 1355 276 ,
1376 253 1405 273 ut
1425 245 1577 282 rogationem
1590 247 1730 282 acciperet.
1769 248 1819 274 Sed
1835 249 1890 283 post
1904 257 1969 275 eum

400 282 458 313 alii,
480 293 533 310 non
547 283 641 318 privati
661 283 745 309 modo
759 302 768 313 ‚
788 282 882 318 quibus
900 281 930 309 ab
944 281 1031 318 aliquo
1045 280 1193 321 magrstratu
1213 284 1308 310 concio
1328 283 1437 310 dabatur
1457 284 1538 317 (nam
1559 284 1655 324 alioqui
1670 285 1846 312 concionandi
1860 287 1971 322 potestas
2002 302 2009 303 ff

402 322 511 356 privatis
527 330 580 348 non
595 321 667 354 erat)
690 330 783 347 verum
798 321 878 347 etiam
895 321 1052 356 quandoque
1067 318 1242 357 magtflmtus,
1260 329 1310 356 pro
1325 320 1371 348 suo
1385 322 1493 358 quisque
1507 329 1584 348 centu
1599 332 1629 349 ex
1646 323 1747 353 rostris,
1768 323 1786 350 sl
1799 324 1826 350 in
1840 325 1914 354 toro,
1936 332 1969 350 ex

392 358 522 394 ι(ἑιῖιτςεβιι.
546 366 589 385 aut
606 359 658 386 alio
671 359 783 385 editiore
797 358 871 390 Ioco,
893 359 910 386 fi
924 359 951 385 in
967 367 1064 394 campo
1079 359 1177 385 Martio
1190 357 1291 385 :omina
1305 359 1461 387 haberentur
1473 380 1481 391 ,
1501 359 1541 387 vel
1548 358 1691 393 steadebant
1704 380 1710 389 ,
1735 361 1775 387 vel
1789 359 1972 398 drfficadebant.

402 393 472 422 Cuin
488 395 630 428 suaserant,
651 396 853 424 diss'uaserantve
871 396 975 434 legem,
998 404 1057 424 tum
1072 395 1239 431 praesentibus
1253 396 1430 424 sacerdotibus
1443 418 1451 428 ,
1473 404 1502 424 ut
1517 397 1646 436 Dioni-fias
1660 397 1763 428 scribit,
1785 401 1811 427 &
1823 400 1912 426 divina
1927 407 1972 426 ex—

402 434 577 470 ponentibus,
599 433 693 464 sltella,
715 434 755 461 vel
769 443 833 463 urna
847 434 1029 462 deferebatur:
1051 435 1077 461 in
1093 443 1173 470 quarn
1187 455 1193 466 ‚
1214 434 1265 461 five
1279 435 1396 463 tribuum
1411 455 1418 466 ‚
1438 436 1457 462 fi
1470 434 1573 462 tributis
1587 435 1693 463 comitia
1711 437 1750 464 lex
1766 437 1879 465 ferretur
1892 457 1898 468 ,
1919 436 1973 464 five

400 471 584 503 centuriarum,
605 472 799 504 ficenturiatis‚
819 474 930 500 nomina
943 472 1164 508 conjiciebantur:
1186 473 1296 503 deinde,
1317 472 1429 501 sortibus
1441 474 1563 510 aequatis,
1583 474 1636 502 hoc
1650 474 1699 506 est,
1720 475 1756 502 ita
1767 477 1865 512 agitata
1877 474 1973 504 fitella,

403 518 437 536 ne
451 519 501 546 qua
514 509 568 537 sors
584 509 752 542 subsultaret,
772 518 850 548 atque
864 511 983 539 existeret
993 531 999 541 ‚
1019 510 1062 537 sed
1077 511 1175 545 pariter
1188 519 1283 538 omncs
1297 519 1402 547 aequatae
1415 511 1548 546 jacerent,
1570 511 1675 540 sortitio
1689 512 1781 544 fiebat,
1803 522 1911 550 quaeque
1917 513 1972 548 pri-

404 556 450 575 rna
462 548 504 574 vel
518 547 597 575 tribur
609 569 616 579 ‚
638 547 678 576 vel
692 547 803 576 centuria
816 570 823 581 ,
846 558 902 586 quae
915 548 1024 576 secunda
1038 569 1045 580 ‚
1066 557 1122 584 quae
1137 549 1214 575 tertia
1227 549 1260 575 de
1274 548 1353 576 fitclla
1367 549 1467 577 exiiffet
1481 550 1596 577 eundem
1612 570 1618 581 ‚
1639 559 1718 586 quem
1735 551 1789 578 sors
1803 552 1924 582 dederat,
1945 551 1972 577 in

404 584 527 623 suffragio
541 586 651 614 ferendo
665 587 753 614 locum
763 608 769 618 ,
790 594 868 624 atque
882 588 1005 615 ordinem
1020 585 1169 622 obtinebat.¹
1206 589 1271 614 Haec
1286 587 1351 615 dum
1366 595 1521 625 agerentur,
1541 587 1560 614 si
1573 589 1628 624 quis
1642 587 1757 616 tribunus
1766 588 1905 627 plebislegi
1920 589 1973 618 vel-

401 622 439 650 let
453 623 630 656 intercedere,
651 624 724 653 locus
738 632 801 653 erat.
892 652 895 653 γ

445 662 591 698 Nunquam
605 663 677 690 enim
692 671 752 691 ante
759 661 1135 702 ffiast'onem,cliffimfionemque
1149 664 1298 692 intercessio
1312 663 1403 692 locum
1412 663 1512 692 habuit.
1542 662 1649 704 Tribuni
1660 666 1748 702 itaque
1759 665 1974 703 plebis,quoru1n

403 701 511 735 proprie
519 701 700 729 intercedendi
711 701 753 737 jus
767 708 822 729 erat
831 720 839 730 ‚
851 702 920 730 edita
929 702 1045 729 voceilla
1053 713 1138 734 vere,
1148 703 1181 730 de
1190 711 1239 739 qua
1249 703 1417 730 mentionem
1426 702 1488 730 facit
1497 701 1584 729 Livms
1597 702 1640 730 lib.
1650 707 1675 730 6.
1684 704 1892 731 intercedebant.

444 739 541 767 Praeter
554 739 621 767 hanc
638 738 795 767 tribunorum
810 738 887 773 plebis
898 738 1088 775 intercefffionem
1104 761 1112 771 ‚
1133 741 1212 769 etiam
1227 741 1280 768 aliae
1295 748 1347 768 tres
1361 740 1440 768 causae
1453 740 1604 767 referuntur
1618 761 1626 772 ‚
1647 750 1704 777 quae
1716 762 1723 772 ‚
1744 751 1798 778 quo
1812 743 1900 770 minus
1913 751 1974 778 pro-

406 775 525 812 mulgata
546 777 588 805 lex
607 777 718 813 perferri
732 778 817 814 posset
830 799 837 809 ‚
859 779 1055 814 impedimento
1068 777 1174 807 fuerunt
1188 789 1193 805 2
1208 778 1295 812 prima
1309 800 1317 810 ‚
1338 788 1400 807 cum
1417 781 1437 806 is
1450 800 1456 810 ,
1483 779 1527 815 qui
1540 778 1722 816 promulgarat
1736 800 1742 811 ‚
1764 779 1805 807 vel
1822 781 1972 808 amicorum

406 814 528 849 precibus
538 815 680 848 addudtus,
701 816 742 843 vel
747 818 852 851 senatus
864 816 1018 843 authoritate
1032 825 1200 846 commotus,
1224 817 1263 846 vel
1277 816 1329 852 ipse
1343 816 1387 844 sua
1398 816 1492 852 sponte
1505 816 1642 844 coni-ilium
1657 817 1784 845 mutabat.
1804 818 1902 846 Altera.
1911 827 1975 845 cum

406 861 493 888 neque
508 853 688 884 intercedente
701 852 798 881 tribuno
810 874 818 883 ,
838 864 924 891 neque
939 864 972 882 eo
985 876 993 886 ‚
1014 855 1059 891 qui
1071 855 1287 891 promulgaverat
1301 875 1308 886 ,
1329 854 1467 882 confilium
1481 862 1602 883 mutante
1616 875 1621 885 ‚
1642 855 1776 882 comirmles
1787 855 1840 882 dies
1854 877 1862 887 ‚
1884 856 1909 882 id
1923 855 1975 888 est,

407 898 453 916 eos
463 910 469 919 ‚
490 891 582 927 quibus
596 891 638 927 agi
654 901 714 919 cum
731 893 830 928 populo
843 893 937 920 licebat
951 913 957 923 ‚
979 894 1071 927 Confid
1082 893 1215 920 eximebat
1230 914 1236 923 ,
1257 893 1297 920 vel
1309 892 1540 928 supplicationibus
1553 893 1725 920 decernendis
1739 914 1746 925 ‚
1766 893 1808 921 vel
1824 894 1894 921 feriis
1908 894 1975 920 indi-

407 927 498 955 cendis
508 949 515 959 ,
538 938 592 956 non
606 928 691 957 solum
707 931 752 962 iis,
771 939 827 966 qua*
840 930 934 957 Latina
948 930 1102 958 dicebantur
1117 951 1123 961 ,
1144 940 1206 966 quas
1220 931 1336 958 indicere
1354 930 1401 958 soli
1415 931 1530 965 Confides
1543 937 1682 968 poterant,
1702 931 1745 958 scd
1757 933 1839 960 etiam
1853 932 1898 963 iis,
1919 941 1976 968 quae

406 965 557 1000 tmperatirae
567 986 574 995 .
594 976 656 1004 quas
671 978 725 996 non
742 969 825 995 modo
840 966 996 1002 Confitlzbus,
1018 977 1112 996 verum
1126 970 1206 996 etiam
1220 967 1357 1006 praetoribus
1369 968 1486 1005 ipsorum
1502 969 1630 996 arbitratu
1643 968 1737 996 licebat
1749 970 1888 1005 imperare.
1914 974 1939 996 T
1937 979 1977 996 er-

407 1002 447 1029 tia
462 1003 547 1034 causa,
567 1005 671 1039 auspicia
686 1014 775 1037 erant,
797 1015 912 1042 quorum
927 1006 980 1033 duo
997 1005 1103 1035 fuerunt
1122 1016 1218 1044 genera
1233 1017 1237 1033 :
1257 1016 1339 1033 unum
1356 1027 1363 1038 ,
1383 1016 1437 1043 quo
1451 1005 1609 1044 magistratus
1622 1014 1724 1034 tantum
1740 1008 1898 1039 utebantur,
1919 1016 1978 1045 quae

399 1041 492 1074 spefflo
506 1041 654 1075 dicebatur,
676 1044 717 1071 vel
731 1045 763 1071 de
776 1043 846 1071 coslo
858 1042 1006 1077 obfirmatio.-
1027 1045 1139 1072 alterum
1153 1055 1236 1082 genus
1250 1045 1281 1071 ad
1295 1055 1399 1081 augures
1413 1044 1560 1080 pertinebat
1574 1066 1581 1076 ,
1601 1054 1662 1072 Cum
1679 1055 1710 1072 ex
1724 1047 1814 1072 avium
1830 1047 1907 1083 figniS
1921 1067 1927 1078 2
1949 1045 1978 1073 id

411 1079 459 1110 cst,
483 1081 585 1110 volatu,
606 1088 684 1109 cantu
703 1080 827 1116 (tripudii
838 1083 910 1109 enim
925 1082 1118 1110 animadverfio
1130 1083 1181 1110 huc
1194 1093 1249 1111 non
1264 1083 1407 1119 pertinuit)
1427 1082 1559 1116 auspicium
1574 1082 1712 1111 faciebant.
1735 1084 1808 1111 Nam
1822 1084 1840 1111 fi
1855 1084 1916 1121 quid
1932 1083 1978 1111 ad-

411 1116 476 1143 versi
489 1118 613 1146 vvidiss'ent
622 1139 628 1150 ‚
649 1127 693 1148 aut
707 1119 863 1148 audivissent
876 1140 883 1151 ‚
903 1120 928 1147 id
944 1121 1108 1152 nuntiantes,
1128 1120 1226 1148 comitia
1240 1120 1421 1157 impediebant
1433 1140 1439 1151 ‚
1462 1121 1525 1147 teste
1536 1119 1651 1148 Cicerone
1665 1121 1708 1148 lib.
1724 1131 1747 1147 2.
1760 1122 1791 1148 de
1802 1122 1887 1160 Legib.
1927 1121 1977 1149 Illo

411 1162 499 1183 autem
516 1157 605 1192 priore
617 1166 714 1194 genere
728 1179 735 1190 ,
757 1158 796 1185 vel
810 1157 828 1184 fi
841 1156 941 1186 adverfi
957 1157 1022 1186 nihil
1035 1159 1097 1186 esset
1110 1183 1118 1193 1
1140 1159 1192 1196 ipsa
1207 1167 1298 1187 tamen
1311 1169 1359 1195 per
1375 1156 1496 1191 sespetsho
1508 1168 1565 1186 rem
1584 1158 1758 1195 impediebat,
1779 1162 1850 1196 quod
1865 1160 1877 1188 ὲ
1894 1158 1978 1186 Diome

409 1191 455 1220 lib.
467 1197 507 1230 36.
525 1194 651 1223 traditum
660 1196 703 1223 est.
722 1195 886 1223 obnuntiatio
899 1203 1003 1228 autem,
1025 1206 1080 1233 quae
1093 1207 1220 1234 augurum
1234 1204 1302 1228 erat,
1322 1197 1434 1224 duarum
1449 1206 1539 1224 rerum
1554 1196 1738 1225 observatione
1752 1198 1844 1230 fiebat,
1866 1197 1977 1226 velcum

411 1230 445 1256 de
459 1232 529 1258 coelo
544 1231 662 1264 fulliffet‚
683 1241 727 1262 aut
740 1233 862 1262 tonaffet:
885 1233 925 1262 vel
937 1243 999 1261 cum
1014 1244 1074 1262 aves
1087 1234 1193 1264 adversa
1206 1235 1410 1272 portenderent,
1432 1243 1482 1270 qua
1499 1234 1532 1261 de
1546 1243 1574 1261 re
1586 1234 1646 1261 alibi
1661 1235 1742 1270 plura.

430 1303 433 1308 .
449 1268 583 1296 Sor-titiam
598 1269 724 1304 smmum,
746 1279 790 1299 aut
804 1273 982 1300 centuriarum
997 1272 1076 1305 faeta,
1097 1273 1200 1301 dicebat
1214 1275 1235 1301 is
1249 1275 1292 1310 qui
1302 1273 1389 1310 legen]
1405 1272 1517 1299 ferebat:
1539 1271 1566 1298 Si
1578 1271 1644 1298 vobis
1656 1272 1771 1304 videtur,
1791 1273 1908 1308 dtscedite
1920 1273 1978 1312 qui-

410 1314 478 1332 rttes.
500 1308 635 1344 Significat
648 1316 737 1337 autem
753 1309 864 1338 verbum
879 1310 1012 1345 dfiedwe,
1031 1311 1086 1338 *hoc
1099 1313 1125 1339 in
1138 1312 1212 1342 loco,
1234 1313 1273 1339 uti
1285 1319 1395 1339 annotat
1408 1310 1528 1345 Afionius
1544 1310 1690 1341 Padmnus,
1710 1321 1766 1338 non
1778 1313 1848 1348 quod
1863 1313 1890 1339 in
1903 1322 1979 1340 com-

412 1345 489 1371 muni
505 1345 693 1375 consuetudine
707 1349 757 1379 est,
778 1349 811 1376 de
825 1358 858 1375 eo
870 1348 931 1376 loco
946 1348 990 1376 ubi
1003 1349 1043 1377 lex
1059 1349 1142 1377 fertur
1154 1371 1161 1382 ,
1181 1350 1314 1378 discedere
1329 1360 1334 1376 z
1356 1349 1399 1376 scd
1414 1356 1443 1376 ut
1456 1348 1483 1374 in
1493 1350 1567 1382 fitam
1579 1348 1680 1388 quisque
1693 1348 1788 1376 tribum
1800 1348 1911 1385 discedat
1923 1371 1930 1382 ,
1950 1351 1979 1378 in

411 1390 463 1418 qua
477 1384 511 1410 est
526 1383 678 1422 suffragium
694 1385 798 1413 laturus.
818 1388 889 1413 Cum
904 1387 984 1423 igitur
998 1387 1031 1414 de
1044 1389 1175 1415 concione
1188 1389 1245 1423 jussi
1258 1387 1404 1416 discedere,
1418 1387 1445 1413 in
1452 1386 1525 1415 suram
1534 1387 1642 1423 quilque
1654 1385 1762 1419 tribum,
1782 1394 1826 1415 aut
1840 1387 1979 1416 centuriam

411 1420 525 1452 abiillet,
546 1423 641 1458 privati
654 1424 913 1465 quidam-homines,
933 1426 977 1461 qui
991 1426 1024 1452 de
1039 1424 1097 1462 lege
1112 1426 1278 1457 laborarent,
1300 1425 1361 1461 ipfi,
1382 1434 1416 1451 ne
1428 1426 1490 1461 quid
1505 1424 1611 1451 fallaciae
1625 1427 1842 1452 committeretur
1855 1446 1862 1457 ,
1884 1433 1928 1454 aut
1940 1433 1979 1453 ta-

413 1456 487 1486 bulas
500 1460 685 1488 distribuerunt
700 1483 707 1493 ,
729 1470 773 1490 aut
793 1461 1005 1490 distribuentibus
1024 1464 1203 1498 praefuerunt,
1231 1464 1310 1500 idque
1330 1461 1433 1488 dtribere
1452 1463 1562 1497 proprio
1583 1462 1712 1488 vocabulo
1727 1463 1863 1489 dicebatur
1877 1484 1884 1494 ,
1904 1464 1977 1499 quod

414 1498 534 1523 muneris
547 1497 601 1524 fere
613 1499 695 1530 obiri,
717 1502 854 1536 curarique
864 1500 895 1526 ab
909 1501 938 1527 iis
952 1500 1062 1530 solebat,
1083 1502 1128 1536 qui
1144 1510 1230 1537 neque
1244 1509 1319 1528 :etate
1331 1509 1423 1536 graves
1438 1519 1445 1529 ‚
1465 1509 1551 1536 neque
1562 1500 1640 1535 gestis
1653 1499 1796 1526 honoribus
1809 1500 1921 1537 insignes
1933 1501 1978 1528 ad-

414 1534 528 1561 modum
542 1534 631 1574 ess'ent.
652 1536 681 1562 Id
697 1544 787 1565 tamen
801 1537 846 1564 tibi
862 1538 873 1563 a
888 1536 990 1565 senibus
1005 1540 1031 1566 ἃ
1046 1537 1058 1564 a
1073 1539 1202 1574 dignitate
1215 1538 1392 1575 praestantibus
1405 1539 1533 1575 praecipue
1547 1538 1685 1575 contigiii'e
1699 1558 1707 1569 ‚
1727 1537 1841 1573 gloriose
1855 1548 1977 1567 comme-

415 1580 504 1599 morat
517 1575 600 1601 Crcero
614 1573 641 1602 in
654 1573 772 1610 Pajsbm‘m.

454 1609 648 1645 Diria-ebantur,
669 1615 711 1642 vel
723 1615 942 1644 distribuebantur
955 1617 1048 1654 cuique
1062 1618 1118 1645 duae
1128 1617 1236 1648 tabulae‚
1257 1626 1368 1653 quarum
1384 1626 1433 1643 una
1446 1616 1485 1643 his
1500 1615 1598 1642 duabus
1611 1613 1694 1641 literis
1708 1621 1762 1642 erat
1776 1614 1881 1652 signata.
1900 1616 1936 1643 U·
1946 1611 1983 1641 Rss

416 1648 442 1675 id
455 1649 504 1678 est,
524 1649 566 1676 uti
579 1661 661 1688 rogas:
682 1663 794 1690 eamque
807 1655 893 1691 legem
910 1655 1066 1690 accipiebat,
1087 1657 1125 1683 uti
1139 1654 1300 1693 magistriam
1315 1661 1463 1692 rogaverat.
1504 1653 1594 1681 Altera
1607 1659 1697 1679 notata
1711 1660 1767 1681 erat
1784 1653 1859 1682 litera
1872 1654 1904 1680 A.
1924 1662 1980 1692 quae

416 1685 534 1718 valebat,
555 1698 673 1727 nunqua,
693 1691 743 1719 hoc
757 1693 806 1724 est,
826 1693 890 1721 nihil
906 1694 997 1720 novari
1011 1693 1088 1725 volo,
1109 1695 1216 1731 antiqua
1230 1693 1328 1729 probo,
1351 1696 1376 1721 &
1391 1714 1398 1724 ‚
1418 1693 1456 1720 uti
1470 1691 1590 1727 explanat
1607 1689 1694 1731 'Festus
1708 1710 1713 1721 ,
1736 1692 1882 1732 in'morem
1896 1693 1981 1727 pristi-

414 1733 481 1751 num
497 1726 604 1755 reduco.
642 1729 760 1765 Appositi
772 1732 851 1759 etiam
866 1738 939 1759 erant
954 1733 980 1758 in
993 1741 1096 1768 quaque
1108 1731 1174 1758 trtbu
1186 1753 1192 1763 ,
1214 1739 1257 1759 aut
1270 1730 1384 1758 centuria
1403 1737 1497 1766 pontes
1512 1749 1517 1760 ,
1543 1729 1563 1756 si
1576 1728 1672 1755 mbusa
1687 1738 1788 1756 comma
1801 1730 1883 1758 essent
1896 1750 1903 1761 ι
1930 1740 1979 1768 pro

415 1772 531 1790 numero
543 1765 661 1793 tribuum
676 1769 901 1806 trigintaquinque
915 1790 922 1800 ,
945 1769 961 1796 fi
973 1778 1114 1796 tammam
1128 1791 1134 1799 ‚
1155 1780 1246 1797 cxciu.
1267 1771 1277 1804 (
1286 1777 1327 1796 tot
1346 1770 1418 1796 enim
1440 1775 1516 1795 erant
1528 1768 1661 1800 centana)
1683 1774 1711 1794 ut
1726 1776 1773 1802 per
1786 1767 1862 1795 suum
1876 1769 1981 1806 fingulae

414 1808 526 1836 pontem
539 1801 691 1840 suffragium
708 1806 815 1835 ferrent.
855 1808 961 1843 Alioqui
977 1809 1116 1843 negotium
1129 1807 1203 1844 longi
1217 1807 1347 1843 temporis
1360 1828 1369 1839 ,
1389 1816 1439 1833 nec
1453 1805 1505 1832 fine
1523 1804 1724 1840 perturbatione
1737 1805 1823 1841 aliqua
1837 1805 1941 1839 fuisset,
1960 1806 1980 1834 fi

414 1846 498 1874 ponte
513 1840 593 1868 unico
605 1841 683 1869 tribus
697 1854 806 1876 omnes,
827 1853 870 1872 aut
883 1844 994 1871 centuria
1008 1845 1115 1872 tranlire
1127 1854 1295 1882 cogerentur.

456 1881 545 1904 Pontes
559 1887 648 1908 autem
664 1881 727 1909 dieti
736 1903 742 1913 ,
762 1883 834 1919 quod
848 1884 972 1910 extructae
985 1882 1015 1908 ad
1025 1891 1131 1919 tenipus
1145 1882 1241 1910 menia>
1254 1883 1313 1911 satis
1326 1882 1438 1919 angustae
1447 1903 1452 1913 ‚
1461 1880 1605 1918 praesertim
1619 1881 1676 1917 post
1688 1880 1765 1918 legem
1778 1881 1981 1921 Mariam,p0n-

413 1915 481 1942 tium
498 1916 699 1946 rimilitudinem
711 1919 845 1947 haberent.
884 1920 1004 1947 Pontibus
1016 1921 1145 1957 impositae
1156 1930 1229 1949 eraut
1243 1923 1299 1949 dua:
1313 1921 1380 1948 cista:
1392 1920 1515 1957 oblongae
1527 1941 1535 1953 ‚
1557 1929 1607 1947 una
1627 1920 1653 1946 in
1668 1921 1754 1955 capite
1769 1921 1859 1956 pontis
1872 1943 1878 1953 ‚
1899 1923 1981 1952 altera

413 1955 439 1980 in
454 1955 518 1986 tine,
539 1955 620 1992 iisque
632 1958 807 1986 custodiendis
819 1959 884 1986 certi
899 1958 1021 1986 homines
1042 1968 1068 1985 in
1082 1958 1187 1986 comitiis
1200 1967 1327 1995 praeerant
1339 1979 1347 1991 ‚
1368 1959 1413 1999 qui
1429 1978 1435 1989 ‚
1457 1957 1539 1985 Plinio
1552 1957 1619 1986 libro
1636 1968 1678 1999 33.
1697 1967 1754 1994 cap.
1772 1968 1796 1986 2.
1815 1960 1880 1987 teste
1894 1981 1901 1992 ‚
1920 1971 1981 1988 non·
1993 1974 2000 1982 ·

409 1992 482 2027 genti
497 1993 556 2022 sunt
569 1994 700 2030 appellati.
721 1998 769 2024 Per
782 2004 877 2031 pontes
892 2007 935 2023 eos
949 1997 1090 2025 transibant
1105 1998 1136 2025 ad
1150 1995 1395 2035 lr1t1071em3ffrgzt
1408 2017 1414 2028 ‚
1436 1995 1535 2025 tabellis
1546 2003 1660 2031 acceptis
1678 1996 1705 2022 in
1719 1997 1807 2032 pri-ma
1819 1999 1908 2034 pontis
1922 2008 1981 2035 par-

414 2035 441 2058 te
451 2050 457 2060 ‚
477 2040 538 2067 quas
553 2032 579 2059 in
589 2041 708 2061 extrema
721 2035 871 2062 redderent.
893 2036 985 2062 Primo
998 2035 1059 2062 loco
1073 2044 1102 2062 ea
1115 2035 1208 2062 trtbus.
1229 2045 1291 2063 eave
1301 2032 1426 2065 centuria,
1447 2043 1504 2070 quae
1516 2035 1640 2061 omnium
1656 2032 1783 2067 tribuum,
1805 2043 1848 2064 aut
1857 2036 1981 2064 cemus—ia-

416 2076 472 2093 rum
486 2070 636 2097 nominibus
650 2072 675 2099 in
690 2071 788 2100 sortem
804 2073 945 2108 conjectis,
968 2073 1054 2109 prima
1066 2073 1099 2099 de
1109 2073 1189 2101 sitella
1202 2073 1272 2101 sorte
1285 2073 1397 2104 exierat,
1417 2071 1570 2109 stiffi-agium
1586 2070 1687 2099 fer-ebat
1700 2082 1704 2098 :
1724 2081 1807 2109 eaque
1814 2073 1979 2112 praerogativa

416 2104 564 2137 dicebatur,
585 2110 656 2143 quod
670 2111 755 2144 prima
768 2118 904 2147 rogaretur
917 2111 930 2137 a
946 2111 1110 2148 magistratu,
1131 2113 1175 2147 qui
1188 2111 1290 2138 comitia
1302 2109 1421 2137 habebat.

456 2143 489 2170 At
504 2144 524 2169 is
537 2153 616 2179 quem
631 2145 791 2183 magistratus
806 2150 894 2185 legem
909 2148 996 2176 ferens
1009 2169 1015 2179 ‚
1035 2149 1061 2175 in
1074 2150 1161 2184 prima
1173 2148 1240 2176 trsbu
1254 2170 1260 2179 ,
1280 2148 1322 2176 vel
1334 2147 1447 2175 centum'a
1461 2169 1467 2178 ,
1488 2150 1604 2184 primam
1619 2147 1776 2176 sententiam
1790 2150 1900 2186 rogabat
1912 2171 1919 2182 ,
1939 2150 1978 2178 di-

415 2180 632 2214 cebaturprrmus.
652 2185 791 2222 Deligebat
804 2195 892 2214 autern
908 2196 988 2224 quem
1004 2188 1030 2215 δε
1043 2187 1172 2223 dignitate
1185 2187 1318 2223 praeslare,
1340 2189 1366 2214 ὅ(
1380 2187 1513 2222 rogationi
1527 2187 1575 2214 suae
1587 2195 1682 2224 practer
1694 2194 1801 2214 caeteros
1814 2187 1978 2223 faverejudi-

414 2218 502 2245 cabat:
523 2220 547 2244 &
564 2227 619 2245 crat
630 2223 835 2255 quodammodo
846 2223 906 2261 legis
917 2233 1105 2254 ornamentum,
1126 2234 1187 2253 cum
1203 2226 1223 2252 is
1238 2233 1297 2252 eam
1311 2223 1433 2251 sciscebat
1446 2225 1547 2262 primus
1559 2245 1567 2257 ,
1589 2225 1662 2260 cujus
1676 2224 1703 2251 in
1719 2225 1826 2253 civitate
1842 2235 1896 2254 non
1912 2224 1977 2253 levis

415 2256 479 2283 effet
491 2254 643 2285 authoritas.

453 2295 524 2320 Cum
540 2293 576 2335 ab·
587 2303 641 2336 ⁶⁰st
660 2303 740 2330 quem
758 2298 918 2335 magistratu:
931 2299 986 2336 ipse
1006 2303 1126 2337 primum
1141 2301 1289 2339 delegisset,
1309 2300 1434 2337 deinceps
1457 2301 1489 2329 ab
1504 2301 1559 2329 aliis
1579 2300 1697 2338 ejusdem
1709 2299 1791 2328 fribus
1806 2306 1850 2328 aut
1864 2299 1978 2328 centuria

413 2331 511 2369 perlata
524 2330 642 2369 suth‘agra
656 2340 730 2361 erant
743 2343 748 2360 :
769 2342 842 2368 tum,
864 2337 992 2375 suffragiis
1011 2340 1039 2371 in
1052 2347 1192 2378 utramque
1205 2339 1366 2369 stutentiam
1380 2339 1555 2369 dinumeratis
1567 2360 1575 2372 ‚
1596 2342 1624 2369 &
1640 2342 1734 2367 eoruin
1747 2347 1861 2366 numero
1874 2339 1981 2375 punctis

1904 2383 1981 2406 nota-

2051 0 2075 198 l

2054 370 2066 536 r

2069 1408 2075 1422 ,

2057 1435 2062 1662 ε

2058 1687 2062 1877 l

2057 2621 2063 2734 Ι
