2075 2734
349 102 407 132 880
811 96 1055 126 Pauci

346 152 529 174 contemnamus
541 162 548 174 ,
564 151 616 170 non
628 144 774 177 gravabimur
786 144 916 169 ostendere.
948 144 987 169 Ad
1001 146 1050 169 VII.
1069 143 1123 168 idus

347 180 450 214 Januarii
462 178 567 203 senatum
585 177 691 202 habitum
709 175 754 200 else
769 174 843 200 Caesar
856 175 967 208 fignificat
981 192 988 203 ,
1009 183 1064 200 cum
1078 176 1120 199 ait:

348 215 402 236 Hac
416 211 599 242 finatuftonsulta
609 207 770 242 perscribuntur
788 208 817 231 ad
831 211 881 232 Vll.
899 209 950 231 idus
969 208 1079 236 Januan'i.
1096 208 1120 230 δε

347 242 469 274 subiungit
479 242 590 273 proxime
602 249 608 263 ι
632 243 711 271 ltaque
723 242 822 272 quinque
836 241 916 272 primis
927 238 1001 262 diebus
1011 256 1018 267 ,
1040 238 1121 271 quibus

349 274 427 298 haberi
435 276 523 304 lirratus
534 273 619 303 potuit,
636 271 699 294 biduo
712 278 800 303 excepto
813 272 920 295 comitiali·
933 287 940 298 ‚
957 270 983 294 ό·
993 272 1017 294 de
1029 272 1121 302 imperio

350 307 437 337 Caefizris
450 323 457 333 ‚
481 305 506 329 (9-
525 306 550 327 de
568 303 703 335 ampltffimis
721 304 777 326 viris
797 302 892 326 tribunis
908 302 976 333 plebis
986 304 1123 333 gravissime,

349 337 519 368 acerbiffimeque
529 336 655 358 decernitur.
687 334 730 358 I-lis
742 333 817 357 verbis
835 332 848 357 a
862 334 971 358 Kalendis
983 334 1083 366 Januarii
1097 333 1125 357 ad

351 372 402 392 VII.
419 368 470 392 idus
483 367 591 398 quinque
603 365 692 389 senatus
704 365 805 389 habendi
817 366 867 389 dies
879 365 924 396 effe
936 365 1090 389 demonstrat:
1100 371 1124 387 ut

351 406 431 424 tamen
444 400 468 423 in
483 399 518 422 his
531 398 638 430 quinque
650 396 732 421 diebus
745 398 769 420 δι
782 397 888 421 Kalendae
900 395 966 428 ipsaz,
984 398 1006 420 &
1015 396 1126 421 Vll.idus

350 430 508 456 includantur.
525 437 580 453 cum
593 430 667 460 igitur
684 429 714 453 de
726 430 834 460 quinque
847 430 893 458 jam
906 428 1030 452 habeamus
1049 428 1122 451 duos:

351 462 465 487 Kalendas
478 461 565 485 scilicet
579 478 585 488 ,
603 463 627 484 δι
641 463 689 485 VII.
709 460 763 484 Idus
776 468 782 483 z
800 460 887 492 reliqui
901 466 946 483 tres
960 460 1002 492 qui
1014 458 1059 483 effe
1073 458 1124 491 pos-

351 494 412 522 fint,
429 494 557 518 videamus.
575 494 699 516 Nonarum
711 492 761 515 dies
774 508 781 519 ,
798 498 823 515 ut
836 493 976 523 opinamur,
995 499 1053 515 unus
1065 491 1123 514 erit:

351 533 409 550 cum
420 527 446 551 δε
458 526 518 550 inter
530 523 644 551 nefastos,
660 524 706 547 hoc
717 524 747 547 est
760 540 767 550 ‚
785 523 855 547 festos
867 523 917 547 dies
930 522 943 546 a
956 523 1079 546 Macrobio
1093 529 1127 545 re-

355 557 443 582 seratur
455 574 463 586 ,
487 558 512 581 &
526 563 556 580 eo
569 555 609 579 die
624 555 728 579 senatum
739 554 785 579 ess'e
796 554 902 578 habitum
916 571 922 581 ,
952 555 991 578 illa
1005 554 1128 578 Ciceronis

357 591 425 615 verba
433 596 475 620 pro
482 589 561 613 Flacco
567 595 629 614 c.40.
638 586 777 619 fignificent:
794 590 812 610 ο
820 590 887 610 Non-2
895 587 932 609 iuae
938 586 1131 616 Decambres,qua

355 631 391 646 me
399 621 485 650 Corfiale
492 620 575 650 fmstii.
591 619 696 651 reliquos
709 619 783 645 duos,
801 618 887 649 quibus
899 616 1088 642 haberisenatum
1102 617 1130 640 li-

357 654 422 680 cuit,
439 652 581 676 crediderim
594 650 638 674 effie
649 654 688 674 IV.
699 657 786 678 nonas,
803 651 828 673 ὅ(
840 652 900 674 VIII.
913 649 976 673 idus:
994 651 1032 673 1V.
1042 656 1129 675 nonas,

356 685 412 716 quia
425 684 552 707 comitialis
564 681 608 706 effe
621 689 670 706 non
683 683 761 713 potuit
774 698 781 708 ,
807 687 834 704 ut
846 681 979 704 Macrobius
991 681 1127 704 saturnalio-

355 723 411 740 rum
423 715 490 739 lib.1.
504 714 617 746 fignificat
630 722 635 736 :
653 715 714 737 VIII.
728 713 781 737 idus
793 729 800 740 ‚
817 712 872 744 quia
884 719 914 736 ne
926 712 964 736 hic
977 712 1075 743 quidem
1088 719 1128 735 co-

355 747 454 772 mitialis
465 746 529 770 fuit:
546 745 652 778 sequitur
663 745 730 768 enim
747 744 789 774 post
800 752 865 766 nonas
877 754 885 767 .-
904 743 930 768 &-
958 744 985 772 ost
999 744 1127 774 quaemias,

355 786 435 806 nonai,
452 779 514 804 idus,
532 777 637 808 religiofin
648 776 693 799 dia:
707 777 770 805 futffe
781 792 789 803 ,
811 775 904 800 Verrius
921 777 936 799 F
948 782 1025 801 accus,
1046 775 1128 798 Livius

352 811 372 836 1.
381 818 418 834 vr.
427 818 447 834 c.
457 818 466 834 t
473 826 480 833 .
496 810 520 833 ὅτ.
527 808 604 833 Festus
611 807 762 832 tradiderunt.
770 813 831 838 quos
838 808 1028 837 autemreligiofin
1035 807 1084 831 dies
1092 807 1128 830 Li-

355 842 409 866 vius
422 841 544 867 nominat,
561 848 602 864 eos
614 841 720 866 verrius,
738 839 814 863 Festus
826 855 833 865 ,
852 839 875 861 ὅ(
889 837 992 863 Macrob.
1004 837 1041 862 sat.
1058 846 1080 862 t.
1091 842 1128 861 16.

355 880 417 898 atros
437 873 571 904 appellant:
595 878 652 894 atros
671 878 750 894 autern
767 870 900 894 Macrobius
919 870 1017 901 exponit
1030 887 1036 897 ‚
1061 878 1129 900 neque

355 905 477 937 pralium,
494 911 562 934 neque
571 911 646 934 puros,
665 911 732 930 nryue
745 902 873 924 comitialex.
905 903 953 931 Jarn
968 902 1039 932 igitur
1054 907 1129 931 patet,

358 937 400 967 qui
413 935 499 958 fuerint
509 935 617 966 quinque
629 934 692 961 dies,
710 941 750 964 per
759 940 819 964 quos
832 932 910 956 haberi
923 932 1028 955 senatum
1041 932 1129 962 potuis-

358 968 381 992 se
394 967 466 990 Caesar
479 965 573 997 scripsit.
591 964 685 989 fuerunt
698 965 780 990 enim,
797 970 822 986 ut
834 964 984 994 probavimus
998 979 1004 989 ,
1023 963 1128 986 Kalendae

374 999 474 1024 anuarii,
492 1000 530 1021 IV.
544 1004 616 1020 nonas
629 1013 635 1023 ‚
654 1003 722 1019 nona:
735 1011 742 1021 ‚
762 997 820 1018 VIII.
834 995 886 1017 idus
901 1011 908 1021 ,
925 997 975 1018 VII.
991 994 1050 1017 idus.
1070 1001 1130 1024 pater

359 1032 433 1061 igitur
445 1029 529 1055 simul,
547 1027 613 1059 quod
625 1027 696 1050 fuerit
709 1026 799 1049 biduum
813 1026 922 1048 comitiale
937 1042 944 1052 ,
961 1025 990 1048 de
1003 1032 1052 1056 quo
1068 1025 1131 1048 idem

359 1059 434 1086 Caesar
453 1060 575 1084 meminit.
591 1058 696 1090 sequitur
710 1057 776 1081 euim
794 1055 918 1080 necessario
931 1075 936 1081 ,
965 1063 990 1080 ur
1008 1057 1078 1080 luerit
1092 1059 1132 1080 111.

359 1099 435 1118 nonas
447 1109 453 1119 ‚
470 1092 494 1115 ὃ(
507 1093 536 1115 11.
551 1098 632 1114 nonas.
650 1090 728 1121 itaque
741 1089 767 1112 in
779 1089 886 1112 oratione
901 1088 925 1111 in
934 1086 977 1112 Pis.
990 1095 1134 1120 cap-4.cum

361 1125 392 1148 ait
405 1124 506 1149 Cicero,
526 1123 606 1146 Triduo
617 1122 660 1155 post
675 1120 688 1144 21
702 1122 735 1144 Ῥ.
750 1121 819 1143 Clodio
832 1122 869 1142 lex
881 1121 954 1143 «Δία
966 1118 992 1143 &¹
1006 1119 1067 1149 Fufia
1074 1128 1133 1142 ever<

355 1157 384 1187 fa
396 1156 438 1185 est,
457 1153 568 1185 fignificat
581 1153 646 1177 dlem
660 1155 690 1177 11.
702 1159 781 1176 nonas.
800 1159 856 1175 nam
869 1159 923 1175 cum
937 1151 1015 1175 triduo
1028 1151 1079 1182 post
1094 1154 1131 1175 Ka-

361 1187 443 1211 lendas
457 1186 558 1217 januarii
572 1186 640 1208 latam
652 1184 666 1207 a
679 1183 771 1206 Clodio
786 1190 838 1206 earn
851 1184 929 1214 legem
943 1184 1001 1206 dicat
1016 1199 1023 1210 ,
1041 1190 1092 1213 qua:
1105 1183 1137 1205 le-

361 1226 419 1250 gem
433 1218 516 1241 A-:iiam
526 1218 550 1240 ὅ(
562 1216 651 1241 Fufiam
663 1217 746 1240 evertit
759 1231 766 1242 ‚
783 1213 871 1238 necess'e
884 1214 915 1238 est
928 1232 934 1241 ,
959 1221 983 1238 ut
996 1214 1137 1238 intellexerit

363 1258 401 1273 ant
414 1249 443 1273 de
457 1252 483 1273 11.
498 1256 584 1275 nonas,
603 1255 652 1280 quo
665 1247 704 1271 die
716 1246 821 1271 triduum
829 1246 960 1278 perficitur,
977 1253 1014 1270 aut
1022 1246 1050 1269 de
1058 1246 1137 1273 nonis,

363 1289 415 1313 quat
428 1281 531 1311 petlcsto
544 1282 568 1303 ὅ(
581 1278 693 1302 transacto
711 1279 757 1308 jam
773 1279 853 1301 triduo
870 1278 1007 1310 sequuntur.
1025 1278 1055 1301 de
1068 1279 1138 1301 nonis

363 1313 498 1344 intelligere
510 1319 559 1335 non
573 1311 664 1341 potuit,
682 1311 736 1342 quia
744 1309 869 1336 Kalendas,
887 1317 974 1337 nonas,
992 1309 1044 1334 idus
1055 1309 1141 1332 haben-

363 1345 398 1370 do
412 1344 499 1368 senatui
519 1343 644 1374 legitimos
655 1342 706 1365 dies
718 1339 785 1366 fuiss'e
798 1358 805 1369 ,
826 1342 873 1371 jam
886 1341 999 1367 diximus.
1017 1341 1082 1365 restat
1095 1341 1140 1372 igi-

363 1383 404 1400 tur
416 1393 422 1403 ,
441 1382 465 1399 ut
477 1375 506 1399 de
519 1377 547 1398 II.
566 1374 639 1398 nonas
653 1373 803 1398 intellexerit.
820 1374 887 1397 diem
899 1379 976 1397 autem
989 1375 1029 1396 111.
1049 1380 1137 1399 nonas,

364 1407 575 1434 etli,comitia!em
588 1405 666 1433 fuisse,
685 1404 737 1429 satis
749 1411 823 1435 patet:
841 1405 910 1436 quia,
927 1411 996 1432 cum,
1013 1404 1043 1427 de
1057 1405 1140 1435 primis

366 1438 454 1470 septem
474 1438 556 1462 diebus
569 1438 612 1469 qui
623 1437 710 1461 fuerint
723 1437 830 1467 quinque
843 1436 951 1460 senatorii
964 1453 970 1463 ,
996 1435 1138 1459 demonstra

367 1472 443 1494 verim
452 1487 458 1497 ,
475 1470 617 1501 relinquitur
625 1486 631 1497 ,
655 1476 681 1492 ut
693 1469 742 1491 dno
755 1469 841 1499 reliqui
850 1484 857 1495 ,
865 1470 904 1491 III.
915 1475 987 1490 nonas
996 1484 1002 1493 ,
1021 1470 1050 1490 11.
1059 1475 1139 1493 nonas,

367 1502 498 1525 comitiales
514 1501 601 1524 fuerint
612 1517 618 1526 ,
646 1506 724 1523 tamen
738 1500 876 1529 exemplum
889 1501 960 1521 etiam
977 1495 1099 1521 afferemus
1112 1506 1140 1521 eit

368 1534 496 1557 Ciceronis
516 1532 543 1555 ad
563 1532 689 1555 Metellum
712 1530 774 1554 libro
791 1533 817 1553 V.
843 1530 926 1553 Famil.
946 1532 988 1560 ΕΡ.
1003 1537 1026 1553 2.
1055 1530 1080 1552 in
1097 1537 1141 1560 qua

366 1565 416 1588 hece
435 1563 486 1588 sunt
505 1563 591 1587 verba:
619 1563 663 1586 Ad
682 1565 730 1585 Ill.
755 1570 817 1583 nonar
835 1561 937 1589 Janusmi
957 1569 1006 1583 cnm
1023 1569 1086 1590 agere
1104 1569 1141 1583 (ω-

368 1596 445 1628 pffit,
462 1596 525 1618 lertio
538 1602 624 1626 quoque
637 1593 699 1617 verbo
713 1594 817 1616 orationis
831 1593 875 1621 suae
887 1601 921 1614 me
933 1591 1062 1623 appellabar.
1095 1594 1143 1615 Lo-

371 1628 453 1659 quitur
466 1627 495 1650 de
508 1626 608 1650 Metello
625 1627 718 1656 Nepote
731 1623 828 1647 tribuno
842 1622 916 1653 plebis
928 1623 971 1653 qui
987 1622 1014 1645 ad
1026 1623 1142 1653 populum

369 1659 448 1682 acerbe
459 1664 537 1682 contra
549 1658 693 1680 Ciceronem
706 1655 793 1686 agebar.
818 1654 869 1678 1²0st
879 1656 928 1678 vu.
943 1653 995 1677 idus
1008 1660 1092 1684 paucos
1106 1654 1144 1677 ha—

368 1689 421 1714 buit
436 1689 565 1713 senatorios
577 1688 628 1711 dies
642 1687 729 1711 mensis
741 1686 868 1718 januarius.
886 1691 976 1708 tantum
989 1685 1056 1708 enim
1067 1685 1094 1708 ad
1108 1685 1142 1709 us-

370 1729 418 1753 que
431 1723 511 1745 XVIII.
526 1720 637 1744 Kalendas
649 1718 766 1743 Februarii
785 1717 874 1741 senatus
893 1716 971 1740 haberi
984 1717 1070 1748 potuit.
1088 1725 1143 1741 nam

372 1753 423 1785 post
436 1755 518 1776 XVlll.
533 1751 643 1775 Kalendas
657 1750 727 1780 Pupia
740 1751 776 1773 lex
784 1749 862 1773 haberi
874 1748 979 1772 senatum
990 1749 1143 1780 vetuit-quod

369 1792 400 1808 ex
411 1783 498 1808 duabus
509 1783 633 1807 Ciceronis
645 1782 752 1813 epistolis
765 1798 771 1808 ‚
789 1781 856 1804 altera
869 1780 896 1803 ad
910 1782 932 1803 Ρ.
947 1780 1077 1803 Lentulum
1089 1797 1096 1807 ,
1112 1784 1145 1805 al-

371 1822 418 1840 tera
435 1816 462 1839 ad
479 1817 596 1846 Quintum
609 1814 703 1837 fratrem
718 1821 738 1837 2.
756 1819 794 1838 13.
812 1810 970 1842 cognoscitur.
989 1810 1067 1834 scribit
1078 1812 1145 1835 enim

372 1849 399 1872 ad
413 1848 508 1871 fratrem
521 1847 556 1869 his
568 1846 644 1870 verbis
658 1853 663 1867 :
683 1842 831 1867 comitialibus
842 1842 916 1865 dzebm
931 1858 936 1868 ,
958 1851 996 1870 „zm
1011 1843 1145 1873 Qimmlm

370 1881 508 1911 lequuntur,
525 1881 619 1910 ,Appiur
632 1878 785 1905 interpretatur
798 1883 837 1896 non
849 1875 979 1904 impediris}
992 1875 1037 1904 lfge
1051 1875 1143 1905 (Pupia,

373 1919 415 1941 quo
435 1911 508 1933 mium
529 1909 606 1931 habeat
618 1910 730 1938 sennium.
764 1905 836 1937 Qod
858 1905 873 1928 li
894 1904 943 1935 post
966 1905 1096 1934 Quhinalia
1112 1904 1144 1929 se-

373 1948 478 1973 quuntur
490 1941 633 1964 comitiales:
653 1938 814 1969 Qui-inanum
827 1937 876 1960 dies
888 1936 979 1959 videtur
991 1935 1057 1959 fnisse
1064 1939 1146 1960 XVIII.

375 1973 487 1997 Kalendas
501 1971 630 1996 Februarii:
649 1971 703 2001 quia
713 1971 738 1993 in
745 1969 841 2000 epistola
855 1968 882 1991 ad
891 1967 1029 1994 Lentulum,
1048 1966 1145 1991 &fuiffe

373 2003 479 2028 senatum
496 2005 573 2027 XVIII.
587 2002 699 2027 Kalendas
709 2018 716 2028 ,
740 2008 782 2025 nec
795 1999 881 2024 deinde
894 1998 999 2023 futurum
1019 1998 1051 2022 ob
1065 1999 1142 2031 legem

376 2037 474 2066 Pupiam
486 2035 633 2066 lignificatur.
648 2039 711 2057 erant
724 2033 791 2056 enim
803 2033 921 2055 comitiales
936 2032 979 2054 dm
992 2048 998 2057 ‚
1015 2030 1092 2062 quibus
1106 2033 1143 2054 lm·

377 2066 532 2095 berifenaium
542 2073 581 2099 per
600 2068 668 2096 Iegem
681 2066 775 2098 Pupiam
791 2073 829 2087 non
840 2063 929 2095 potuiffe
947 2063 1032 2086 Cicero
1045 2062 1071 2086 ad
1086 2064 1145 2085 Len·

377 2099 455 2121 tulum
469 2100 531 2121 Fani.
548 2106 567 2121 r,
581 2106 603 2125 4.
620 2096 707 2121 scribit.
719 2096 784 2127 quod
801 2095 878 2127 ipsum
892 2111 897 2121 ,
915 2095 996 2118 eadem
1010 2093 1038 2116 de
1051 2095 1147 2118 Leniuli

375 2136 414 2156 re,
433 2129 456 2152 in
468 2129 509 2151 alia
522 2129 548 2151 ad
562 2128 655 2152 fratrem
669 2128 765 2159 epistola
778 2136 802 2151 n.
815 2129 842 2150 It.
858 2135 880 2150 zi
898 2126 993 2149 declarat
1007 2125 1043 2148 his
1056 2126 1144 2149 verbis:

375 2162 425 2183 ‘Per
438 2160 584 2182 obtrcllnrorer
598 2162 688 2183 Lentuli
701 2168 733 2182 res
748 2159 859 2182 calumnia
871 2158 969 2180 emmila
981 2156 1007 2185 efl
1020 2173 1026 2183 ‚
1044 2159 1146 2187 conseruit

369 2193 422 2222 fiam
433 2192 475 2214 dies
489 2192 616 2213 comitiales.
635 2195 712 2221 Atque
726 2191 770 2214 hos
782 2188 845 2221 ipsos
857 2189 988 2213 comitiales
1001 2189 1064 2215 dies,
1085 2196 1146 2220 quos

374 2222 445 2254 Pupia
458 2223 495 2246 lex
508 2222 533 2245 in
548 2222 656 2252 januario
669 2222 742 2246 sanxit
754 2240 760 2249 ‚
778 2221 891 2253 fignificat
905 2221 928 2245 ἃ
943 2221 968 2244 in
982 2220 1089 2244 oratione
1102 2228 1144 2252 pro

374 2254 455 2279 sextio
466 2261 515 2285 cap.
524 2260 561 2280 34.
578 2260 632 2276 cum
646 2254 689 2277 ait:
708 2255 814 2283 Conftruti
826 2254 870 2275 dies
881 2254 944 2282 panti
957 2254 1040 2275 omnino
1060 2255 1145 2282 Janua-

374 2288 406 2309 rio
419 2287 500 2315 mense,
515 2291 553 2316 per
564 2292 617 2316 quot
625 2285 724 2314 seriarum
737 2285 809 2308 haberi
822 2286 894 2307 liceret
908 2295 915 2307 :
937 2285 976 2314 fid
987 2290 1057 2306 tamen
1070 2285 1144 2307 aelam

375 2318 442 2344 nihil,
459 2317 501 2348 m'fi
510 2317 534 2339 de
545 2324 587 2340 me.
621 2318 706 2339 Paucos
718 2316 767 2346 post
779 2315 890 2340 Kalendas
902 2315 1003 2346 Januarii
1017 2314 1145 2339 senatorios

374 2348 422 2375 dies
435 2348 494 2374 dicit
503 2345 582 2377 suiffe,
598 2347 654 2380 quia
665 2346 717 2380 post
730 2347 928 2372 xvn1.1<alend2s
937 2347 1144 2373 FebruariIomnes

1115 97 1146 124 M
1188 104 1204 122 A
1245 104 1262 123 Ν
1305 104 1322 122 υ
1364 104 1381 122 τ
1422 104 1431 123 1
1472 104 1481 122 r

1151 151 1216 168 etant
1225 144 1366 168 comitiales.
1390 143 1440 168 1¹0ss
1454 145 1503 168 VII.
1516 142 1588 174 igitur
1598 141 1650 166 idus
1663 140 1736 174 usque
1748 142 1775 167 ad
1789 144 1870 169 XVHI.
1880 148 1925 171 Καί

1153 176 1232 200 lendas
1245 176 1323 200 haberi
1336 182 1425 208 poterat
1432 174 1530 199 senatus.
1552 181 1631 202 utrum
1639 181 1716 198 autem
1729 175 1773 199 hoc
1787 182 1839 199 toto
1852 177 1925 202 inter-

1153 208 1215 232 vallo
1228 215 1312 232 omnes
1327 207 1399 231 essent
1411 206 1520 231 senatorii
1532 205 1581 230 dies
1595 222 1602 233 ,
1624 206 1685 230 nulli
1698 207 1829 232 comitiales
1841 224 1848 235 ,
1865 208 1926 233 affir-

1155 247 1217 263 mare
1230 239 1328 264 difficile
1339 239 1380 263 est.
1397 238 1464 270 quod
1478 245 1555 262 autem
1569 245 1608 261 me
1626 237 1708 261 docuit
1725 237 1855 263 observatio
1870 256 1877 268 ,
1899 240 1926 266 id

1154 278 1198 302 ego
1209 272 1268 296 item
1280 272 1338 295 alios
1346 272 1431 294 docere
1441 269 1542 302 possum.
1560 270 1638 300 itaque
1651 270 1756 301 primurn
1768 271 1828 294 illud
1838 271 1925 300 dicam,

1154 306 1192 326 IV.
1206 303 1258 326 idus
1272 311 1321 326 non
1332 301 1399 326 fuiffe
1410 302 1556 326 comitialem
1569 301 1647 325 diem:
1666 302 1720 333 quia
1732 308 1787 326 cum
1800 303 1926 328 cannensis

1154 334 1192 357 illa
1205 334 1292 358 funesta
1305 334 1379 358 clades
1392 333 1419 358 ad
1431 336 1468 360 lv.
1482 340 1555 357 nonas
1562 333 1658 357 Sextiles
1665 339 1751 364 accepta
1760 334 1800 361 sit,
1818 335 1927 363 atridies,

1155 366 1221 396 quod
1237 367 1283 393 iam
1301 365 1419 392 diximus,
1437 372 1521 388 omnes
1541 365 1616 396 quarti
1631 371 1681 388 ante
1695 365 1818 392 Kalendas,
1836 373 1927 395 nonas,

1153 397 1220 424 idus,
1238 396 1311 420 habiti
1329 396 1391 420 sunt.
1408 396 1500 420 Addam
1513 398 1537 420 &
1551 396 1611 419 illud
1620 412 1626 422 ,
1643 396 1694 419 idus
1703 412 1709 422 ,
1729 400 1786 420 XIX.
1799 398 1925 425 Kalendas,

1154 431 1232 452 xvm.
1246 428 1358 452 Kalendas
1370 435 1420 451 non
1433 427 1648 451 fuiss‘ecomitiales:
1666 428 1720 458 quia
1728 435 1767 458 per
1775 428 1868 452 nostres
1875 430 1927 453 dies

1154 460 1261 483 habitum
1280 463 1384 483 lenatum
1403 459 1428 482 in
1445 459 1562 482 Cicerone
1581 458 1760 482 observavimus.
1781 460 1846 491 qnod
1860 477 1866 488 ,
1884 461 1928 492 qui

1154 493 1254 515 duarum
1266 493 1295 515 ad
1309 489 1792 521 Lentulumepistolarumlocacontulerit‚
1811 491 1929 523 limulque

1156 523 1345 551 consideraverit,
1355 521 1423 546 facile
1430 521 1564 553 cognoscet.
1580 523 1632 545 I-laec
1643 521 1695 545 sunt
1703 538 1710 549 ,
1729 530 1779 554 qua:
1786 522 1814 546 de
1821 524 1931 553 januario

1159 555 1311 586 collegimus:
1329 562 1372 578 nec
1384 553 1533 580 dubitamus,
1550 553 1610 584 quin
1623 553 1652 576 de
1663 553 1930 579 senatoriis&comitia-

1159 586 1220 610 libus
1233 585 1315 610 diebus
1327 585 1409 610 eadem
1422 586 1447 609 in
1460 584 1557 616 reliquis
1564 583 1745 608 menfibusratio
1752 584 1833 609 fuerit:
1852 593 1876 609 ur
1887 586 1931 611 sci-

1159 619 1215 641 licet
1233 625 1317 642 omnes
1336 616 1458 644 Kalendae,
1478 623 1560 642 nonae,
1576 616 1642 642 idus,
1659 622 1743 639 omnes
1762 616 1873 647 postridie
1885 621 1929 642 Ka-

1160 650 1238 673 lendas
1249 666 1256 677 ,
1272 656 1360 676 nonas,
1378 648 1443 675 idus,
1460 649 1645 671 omnesanteIV.
1654 647 1779 674 Kalendas,
1795 651 1833 672 IV.
1851 657 1931 677 nonas,

1157 683 1195 704 tv.
1204 681 1256 705 idus
1269 688 1319 704 non
1329 680 1475 706 comitiales,
1492 678 1530 702 sed
1540 677 1649 704 senatorii
1657 677 1810 702 diesfuerint:
1828 679 1884 704 item
1893 688 1934 708 ‚ut

1160 714 1184 736 in
1192 713 1345 743 JanuarioIII.
1359 719 1433 735 nonas
1440 709 1582 737 senatorius,
1600 712 1628 733 II.
1636 717 1708 733 nonas
1715 710 1854 737 comitialis,
1871 714 1933 737 VIlI.>

1159 744 1360 771 iduscomitialis,
1372 746 1421 767 VII.
1432 742 1484 767 idus
1491 741 1631 768 senatorius,
1640 741 1755 765 itidemin
1762 742 1860 773 reliquis
1866 750 1934 768 rnen-

1160 775 1232 803 fibus,
1251 776 1296 799 hoc
1310 782 1388 799 tamen
1402 775 1427 798 in
1439 775 1548 806 Januario
1558 772 1690 800 diversum,
1707 772 1774 804 quod
1784 780 1877 805 propter
1889 777 1934 798 Pu-

1160 808 1202 838 pia:
1216 806 1433 837 legisinterdietum
1441 806 1561 837 pauciores
1567 803 1780 828 habuitsenatorios
1787 804 1850 832 dies,
1861 813 1935 838 quam

1161 837 1247 870 reliqui
1265 837 1371 862 menses:
1388 836 1508 861 sexdecim
1525 837 1592 860 enim
1611 836 1675 863 dies,
1693 835 1718 859 id
1731 835 1762 859 est
1774 843 1873 864 omnes,
1889 838 1934 869 qui

1162 870 1212 901 post
1230 872 1316 902 xym·
1329 868 1443 893 Kalendas
1455 874 1615 893 numerantur.
1638 868 1676 890 lex
1684 866 1806 891 auferebat.
1817 869 1841 891 &
1852 876 1936 898 quem-

1160 901 1290 925 admodum
1300 902 1417 932 Januarius
1424 900 1542 931 pauciores
1549 897 1675 922 senatorios
1683 914 1691 925 ,
1703 897 1732 921 fic
1738 898 1873 922 Februarius
1880 907 1935 931 pau-

1160 934 1234 956 ciores
1248 933 1380 955 comitiales
1393 931 1487 957 habuit,
1501 938 1573 962 quam
1580 937 1664 953 omnes
1671 930 1757 960 reliqui
1765 930 1933 959 meniesnarn,

1163 971 1188 987 ut
1198 965 1228 986 ait
1243 963 1355 987 Pedianus
1373 964 1398 986 in
1411 962 1584 986 commentario
1597 963 1637 985 III.
1654 961 1768 984 orationis
1786 962 1810 985 in
1825 964 1934 990 Verrem,

1163 998 1199 1017 hoc
1222 996 1292 1023 mense
1307 996 1414 1025 frequens
1423 995 1512 1023 serimus
1522 994 1636 1025 postularis
1646 993 1810 1024 provinciarum
1823 994 1938 1024 legationi-

1163 1025 1201 1048 bus
1220 1026 1333 1049 audiendis
1351 1024 1454 1047 dabatur.
1469 1024 1499 1047 de
1511 1030 1560 1054 quo
1573 1023 1605 1046 fic
1617 1023 1643 1046 in
1655 1022 1751 1053 epistola
1763 1024 1790 1047 ad
1805 1026 1934 1049 Lentulum

1163 1059 1227 1081 Fam.
1238 1065 1258 1081 r.
1266 1065 1289 1085 4.
1310 1058 1402 1079 Senarus
1415 1054 1487 1078 haberi
1499 1061 1550 1077 ante
1558 1055 1671 1085 Kalendas
1680 1053 1810 1078 februarias
1820 1063 1857 1087 per
1866 1058 1936 1088 legen·

1165 1090 1267 1118 ‘Pupiam
1280 1096 1319 1110 non
1329 1087 1402 1119 potest.
1419 1094 1486 1117 neque
1498 1086 1569 1115 mense
1581 1084 1695 1108 Februario
1702 1091 1744 1108 rora
1757 1102 1764 1112 ,
1781 1088 1934 1118 nifiperfeclis,

1164 1127 1204 1143 ant
1222 1119 1307 1151 rejeffis
1319 1118 1469 1149 legationibus.
1486 1124 1536 1149 quo
1550 1117 1574 1140 in
1586 1116 1642 1139 loco
1656 1123 1705 1140 non
1719 1117 1743 1140 δι
1757 1117 1786 1140 de
1796 1118 1896 1141 Ianuario
1909 1119 1937 1142 fi-

1167 1151 1231 1177 mul‚
1249 1152 1273 1174 ὅς
1292 1150 1321 1174 de
1334 1149 1457 1174 Februario
1470 1149 1522 1180 lege
1535 1148 1603 1178 Pupia
1615 1147 1728 1171 sancitum
1737 1165 1744 1175 ‚
1761 1147 1799 1172 sed
1813 1149 1843 1172 de
1858 1150 1940 1181 Janus-

1168 1184 1205 1206 rio
1217 1188 1309 1206 tantum
1322 1181 1441 1212 intelligo,
1458 1188 1512 1204 narn
1523 1179 1552 1203 de
1558 1179 1682 1203 Februario
1688 1187 1738 1203 non
1746 1181 1813 1211 Pupia
1822 1197 1828 1208 ‚
1847 1181 1885 1205 sed
1893 1184 1938 1204 Ga.

1167 1215 1232 1238 binia
1243 1215 1281 1237 lex
1293 1212 1409 1239 sanxerat,
1420 1218 1445 1235 ut
1459 1211 1510 1243 ipso
1523 1212 1639 1235 Cicerone
1652 1211 1943 1242 interpreteostendernus.

1168 1246 1197 1270 fic
1210 1246 1277 1269 enim
1289 1244 1369 1268 lib.11.
1385 1247 1425 1275 Ep.
1440 1251 1477 1270 13.
1497 1242 1525 1267 ad
1535 1243 1652 1273 Qintum
1664 1242 1774 1267 fratrem:
1791 1244 1940 1268 Comitialibus

1167 1277 1254 1304 diebus,
1272 1278 1312 1309 qui
1325 1276 1600 1307 Qiririaliafhquuntur‚
1617 1275 1710 1303 ⁸Appius
1719 1276 1887 1307 interpretatur,
1901 1284 1940 1298 rio-i

1169 1310 1272 1338 impediri
1286 1309 1309 1338 se
1322 1309 1367 1339 lege
1383 1308 1467 1337 Pupia,
1485 1313 1527 1338 quo
1540 1307 1612 1328 minus
1625 1305 1704 1328 habeat
1712 1306 1826 1335 finarum,
1845 1307 1870 1330 ύ-
1884 1308 1941 1337 quod

1171 1341 1266 1363 Gabinia
1273 1340 1423 1369 fixnc'iumfir,
1441 1339 1508 1360 etiam
1523 1339 1578 1368 cogi,
1596 1345 1623 1360 ex
1632 1338 1740 1368 IQIendis
1747 1337 1943 1370 Februariisufique

1169 1373 1197 1395 ad
1210 1372 1321 1401 Kalendas
1335 1371 1431 1393 Martias
1441 1370 1516 1400 legatis
1525 1370 1627 1398 senarum
1638 1369 1733 1401 quotidie
1746 1370 1802 1392 dari.
1820 1371 1884 1392 Cum
1897 1370 1944 1401 igi-

1171 1410 1207 1427 tur
1220 1405 1246 1426 in
1259 1401 1354 1430 mense,
1371 1402 1413 1433 qui
1427 1400 1550 1427 senatorii,
1567 1400 1639 1431 quive
1647 1400 1779 1424 comitiales
1791 1400 1840 1424 dies
1847 1400 1944 1429 fuerint,

1169 1434 1340 1458 consideretur:
1358 1431 1434 1456 rursus
1445 1432 1516 1456 indie
1524 1431 1652 1459 senatoriO,
1661 1431 1726 1462 (nam
1733 1432 1762 1455 de
1768 1432 1882 1455 comitiali
1890 1440 1945 1463 pro-

1172 1467 1234 1497 prius
1245 1467 1288 1489 erit
1301 1467 1367 1488 locus
1376 1465 1401 1487 in
1413 1463 1476 1487 libro
1490 1464 1519 1487 de
1532 1463 1647 1493 comitiis)
1660 1470 1704 1494 qua
1714 1463 1769 1486 hora
1784 1464 1807 1486 in
1816 1464 1904 1486 curiam
1912 1463 1944 1487 se-

1172 1505 1263 1520 natores
1282 1496 1412 1522 coiverint,
1431 1502 1475 1525 qua
1494 1493 1648 1520 discesserint,
1667 1494 1859 1518 considerandum
1879 1496 1944 1518 vide-

1172 1536 1216 1551 tur.
1235 1535 1304 1558 atque
1317 1527 1362 1550 hoc
1377 1526 1475 1557 quidem
1489 1524 1541 1549 satis
1553 1531 1657 1556 apertum
1665 1524 1704 1548 est.
1722 1533 1774 1549 nam
1783 1524 1896 1549 senatores
1905 1534 1944 1550 nc-

1173 1567 1219 1591 que
1234 1566 1286 1583 ante
1299 1558 1355 1581 solis
1365 1564 1446 1580 ortum
1460 1557 1486 1580 in
1499 1559 1587 1580 cutiam
1598 1555 1745 1584 convenisse,
1764 1565 1840 1588 neque
1849 1557 1898 1588 post
1905 1566 1946 1581 oc-

1172 1589 1249 1614 casum
1262 1588 1420 1622 permansiffe,
1438 1588 1492 1611 ideo
1505 1587 1684 1614 verilimileest,
1700 1589 1754 1618 quia
1767 1588 1946 1613 senatusconsub

1175 1629 1211 1648 ra,
1227 1628 1266 1645 aut
1284 1627 1335 1645 ante
1356 1620 1413 1643 solis
1430 1626 1524 1646 ortum,
1542 1625 1578 1642 aut
1597 1618 1647 1650 post
1668 1619 1774 1643 occalum
1793 1619 1864 1647 fasta,
1882 1621 1947 1645 irrita

1174 1651 1255 1680 fuisse,
1271 1659 1324 1676 tum
1336 1651 1396 1683 apud
1412 1651 1520 1675 Gellium
1532 1651 1648 1682 legimus,
1665 1651 1707 1682 qui
1720 1652 1828 1675 Varronis
1835 1651 1902 1676 verba
1912 1660 1948 1676 re-

1175 1685 1242 1712 citat,
1260 1691 1311 1708 tum
1330 1691 1359 1707 ex
1377 1682 1429 1714 ipso
1443 1683 1558 1707 Cicerone
1572 1684 1745 1714 cognovimus,
1762 1684 1804 1713 qui
1817 1683 1946 1715 Philippica

1174 1717 1240 1740 tertia
1255 1714 1357 1740 Consuli
1369 1715 1451 1743 objicit
1465 1715 1573 1738 Antonio
1588 1714 1617 1737 de
1629 1713 1824 1738 senatusconsulto
1837 1714 1947 1747 vesperti-

1175 1756 1214 1772 no.
1234 1755 1288 1772 nam
1302 1746 1342 1771 etfi
1356 1754 1417 1770 anno
1432 1746 1459 1769 ab
1473 1745 1536 1769 Urbe
1548 1745 1643 1769 condita
1655 1747 1747 1769 CCXC.
1765 1746 1948 1771 senatusconsul-

1175 1787 1226 1803 tum
1243 1779 1316 1803 nonu
1329 1777 1416 1802 fastum
1429 1776 1473 1801 else
1485 1777 1586 1801 constat:
1603 1783 1681 1800 tamen
1694 1777 1726 1800 est
1738 1777 1783 1800 hoc
1796 1785 1843 1800 non
1851 1779 1949 1802 consue-

1175 1811 1278 1837 tudinis,
1298 1809 1335 1833 red
1348 1809 1484 1832 neceffiratis
1497 1809 1647 1839 exemplum:
1665 1806 1759 1838 urgebat
1771 1809 1836 1832 enirn
1844 1816 1894 1832 tum
1902 1817 1946 1837 res,

1176 1843 1200 1865 ὅ(
1214 1841 1394 1872 procrastinandi
1414 1841 1479 1863 locus
1492 1847 1541 1862 non
1554 1846 1613 1865 erat,
1631 1845 1685 1861 cum
1698 1841 1734 1869 Sp.
1747 1840 1842 1863 Furium
1856 1840 1948 1865 Consu-

1175 1874 1223 1897 lem
1239 1879 1295 1897 cum
1314 1872 1416 1896 exercitu
1429 1870 1456 1894 ab
1470 1871 1549 1903 AEquis
1561 1871 1585 1893 δι
1599 1870 1687 1894 Volscis
1701 1869 1801 1894 obsideri
1812 1873 1946 1897 nuntiatum

1175 1904 1237 1928 esset.
1256 1903 1342 1927 Eadem
1356 1910 1417 1926 nunc
1429 1902 1459 1925 est
1471 1903 1496 1926 in
1508 1909 1594 1933 magno
1607 1901 1687 1925 noflrae
1695 1902 1825 1932 reipublicae
1833 1903 1948 1932 confilio,

1175 1944 1225 1968 quo
1237 1934 1378 1966 magistratus
1391 1940 1510 1960 creantur,
1526 1931 1681 1957 consuetudo.
1696 1934 1781 1956 nam&
1792 1935 1891 1958 meridie
1900 1935 1949 1960 sere

1176 1970 1201 1991 in
1215 1967 1274 1991 illud
1282 1967 1402 1998 amplum,
1419 1963 1715 1997 excelliimqueconclave,
1732 1964 1798 1995 quod
1805 1967 1950 1997 magnicon-

1176 1999 1221 2023 (ilii
1233 1999 1318 2022 atrium
1331 2003 1427 2025 vocant,
1444 2004 1528 2021 omnes
1540 1996 1797 2028 patticiiconveniunt,
1814 1998 1950 2029 nequepost

1176 2031 1262 2062 primas
1275 2029 1379 2054 tenebras
1391 2035 1541 2061 permanent:
1559 2028 1677 2059 praeclare5
1696 2036 1725 2052 ne
1736 2035 1783 2052 nox
1795 2045 1801 2056 ‚
1826 2037 1871 2061 qua
1887 2031 1948 2054 deli.

1176 2063 1211 2086 eia
1223 2069 1347 2094 teguntur,
1363 2061 1431 2085 alicui
1451 2059 1583 2090 suffragium
1601 2058 1686 2082 ferenti
1702 2060 1730 2083 ad
1742 2060 1847 2084 fraudem
1859 2061 1949 2086 occario

1176 2094 1216 2121 fit,
1234 2093 1358 2125 prasertim
1373 2094 1398 2116 in
1411 2099 1457 2115 tam
1470 2091 1587 2122 frequenti
1599 2090 1712 2118 consilio,
1730 2098 1783 2115 cum
1797 2093 1950 2123 patriciimil-

1177 2127 1199 2149 le
1212 2125 1315 2151 ducenti,
1339 2124 1460 2147 interdum
1473 2124 1543 2146 ctiam
1558 2123 1646 2153 plureS‚
1665 2122 1694 2146 de
1706 2122 1801 2154 lingulis
1815 2125 1952 2155 magistrati-

1177 2157 1220 2180 bns
1232 2156 1365 2187 suffragium
1379 2155 1460 2179 ferant.
1478 2161 1498 2178 at
1512 2156 1536 2177 iu
1544 2153 1643 2177 confilio
1650 2161 1786 2185 rogatorum
1795 2172 1800 2182 ,
1815 2156 1842 2184 ,ὃς
1856 2158 1880 2180 in
1893 2164 1952 2181 con.

1179 2188 1232 2211 filio
1250 2187 1411 2212 decemvirum
1431 2185 1518 2210 diversa
1536 2187 1595 2209 ratio
1608 2185 1648 2209 est.
1665 2186 1721 2217 saepe
1733 2187 1799 2210 enim
1812 2187 1837 2211 in
1851 2189 1952 2213 multant

1178 2220 1274 2244 nostem
1288 2226 1330 2251 pro
1341 2219 1373 2242 rei
1386 2218 1549 2250 magnitudine
1562 2216 1701 2241 consultatio
1713 2218 1856 2249 producitur.
1872 2227 1950 2253 neque

1177 2258 1257 2275 tamen
1277 2252 1302 2275 in
1315 2249 1428 2282 suffragiis
1441 2250 1527 2273 vitium
1543 2250 1654 2273 timetur:
1671 2257 1720 2273 non
1733 2249 1826 2278 solum,
1842 2253 1896 2281 quia
1903 2253 1950 2277 mi-

1179 2291 1222 2307 nor
1235 2283 1266 2307 est
1278 2283 1412 2317 senatorum
1425 2289 1550 2308 numerus,
1568 2288 1639 2312 quam
1652 2281 1678 2305 in
1690 2288 1778 2313 magno
1799 2282 1910 2310 confluo,
1922 2283 1949 2307 δε

1178 2315 1219 2339 ubi
1233 2316 1313 2339 minor
1326 2321 1450 2340 numerus,
1467 2314 1503 2337 ibi
1515 2313 1566 2345 plus
1579 2312 1670 2336 ordinis
1679 2330 1685 2340 ,
1701 2314 1726 2337 δε
1739 2314 1851 2338 rationis:
1868 2321 1949 2339 vetum

1178 2348 1249 2373 etiam
1257 2364 1264 2376 ,
1281 2347 1336 2379 quia
1348 2345 1464 2371 senatores
1477 2345 1518 2378 ipsi
1528 2362 1535 2375 ‚
1557 2346 1600 2377 qui
1613 2345 1639 2369 in
1650 2344 1687 2370 his
1700 2344 1792 2371 duobus
1804 2344 1906 2372 consiliis
1918 2346 1949 2371 de

1907 2385 1952 2410 Pu?
