2075 2734
299 113 347 140 Dr
369 113 567 144 Peasoxrs,
591 119 744 149 QJARUM
768 118 1001 139 mutaverit-u
1022 112 1190 139 CorttrrA
1211 112 1262 139 ἃς.
1302 111 1389 140 (ΞΑΡ.
1413 122 1473 149 ¹7²·
1615 125 1668 153 477

86 172 146 194 tum
159 163 240 193 effetit
253 160 352 190 tribuni
365 161 461 198 plebis,
484 168 593 197 propter
606 158 803 186 decemvirorum
817 160 979 195 imperium,
1000 161 1027 187 in
1042 169 1095 197 quo
1110 160 1270 188 instituendo
1285 160 1410 188 ceffarant
1422 169 1522 188 omnes
1529 159 1573 189 alii
1581 164 1666 199 magi-

87 205 191 233 stratus,
211 209 261 227 nec
275 199 381 236 possent
394 199 440 235 ipli
454 199 485 226 ab
499 201 637 233 Interrege
650 196 764 232 patricio
778 198 930 234 magistratu
945 199 1036 225 creari.
1059 198 1335 235 Tribunortmzitaque‚
1355 198 1524 235 aediliumque
1534 198 1617 235 plebis
1627 210 1666 227 co-

85 237 160 268 mitia
181 239 315 266 ordinarie
338 237 500 265 habebantur
513 237 526 263 a
542 235 663 263 tribunis.
696 234 824 271 Reliquos
839 235 989 263 ordinarios
1003 237 1167 273 magistratus
1182 237 1300 263 minores
1317 235 1443 264 Consules
1457 237 1598 268 creabant,
1618 246 1665 266 aut

85 278 250 307 Didtatores,
272 276 290 303 fi
303 276 411 312 quando
424 273 578 301 comitiorum
591 272 776 300 habendorum
791 272 865 300 causa
878 273 1048 305 creabantur,
1069 282 1113 302 aut
1129 274 1230 301 tribuni
1245 275 1364 302 militum
1380 273 1663 312 Consularipotestate.

124 317 166 343 De
186 312 343 342 Consulibus
361 313 432 350 quod
451 311 589 339 habuerint
608 310 709 338 comitia
728 309 825 337 tribum
845 312 1003 348 quaestorum
1023 313 1201 340 creandorum
1218 333 1225 343 ,
1253 314 1360 341 testatur
1379 311 1464 339 Cicero
1483 312 1528 341 lib.
1544 324 1568 349 7.
1589 315 1664 350 epist.

85 354 117 381 ad
140 352 224 382 firmil.
244 353 277 379 ad
300 351 428 380 Curium,
450 352 476 377 δί
490 350 610 377 oratione
624 348 653 376 in
667 348 815 377 Vatinium.
858 350 901 376 Sic
916 352 941 377 ἃ
957 348 1074 377 aed'tlium
1091 350 1222 378 curulium
1241 351 1350 378 comitia
1364 350 1513 382 habebant,
1535 352 1663 388 quemad-

85 391 199 419 modum
219 389 326 417 testatur
345 388 419 415 idem
439 387 561 415 oratione
574 396 624 423 pro
639 386 761 419 Plancio,
775 390 801 416 &
816 387 848 414 ad
863 388 984 415 Atticum
1000 386 1045 415 lib.
1056 397 1083 422 4.
1106 389 1188 425 Qod
1202 389 1275 415 idem
1289 390 1372 417 etiam
1381 389 1414 416 de
1427 388 1534 416 tribunis
1547 389 1661 417 militum

86 428 222 457 Consulari
242 426 368 463 potestate
383 424 560 452 sentiendum.
593 425 632 452 Illi
646 426 717 452 enim
732 426 867 461 quaestoria
879 424 980 452 comitia
993 424 1142 454 habuerunt
1156 446 1163 456 ,
1191 427 1227 453 uti
1240 436 1271 454 ex
1289 426 1362 454 Livio
1376 427 1554 464 cognoscitur.
1582 428 1661 456 Idem

82 467 171 495 scribit
188 466 232 494 lib.
242 468 266 492 6.
291 464 396 499 primos
410 462 496 491 aediles
516 463 618 492 curules
632 463 645 491 ὲ
659 463 798 491 Dictatore
812 471 917 492 creatos
927 462 1002 490 fuisse
1016 474 1021 490 z
1047 471 1149 491 comitia
1163 463 1245 490 ctiam
1260 464 1429 492 tribunorum
1444 465 1563 493 militurn
1578 466 1606 493 in
1619 475 1662 495 ca-

86 506 158 536 stris,
178 505 211 532 ad
227 500 372 529 Consulum
389 510 486 529 munus
498 503 691 537 pertinuerunt.

125 542 206 580 Qod
219 540 251 567 ad
267 539 488 568 extraordinarios
503 540 670 577 magistratus
689 541 785 569 attinet
799 561 806 571 ‚
827 549 873 568 eos
886 539 992 568 creandi
1006 538 1163 573 Confidibus,
1177 536 1341 573 praetoribus„
1363 542 1389 568 Se
1404 539 1508 568 tribunis
1522 541 1605 578 plebis
1616 543 1663 579 jus
1676 559 1678 561 -

83 580 150 613 fuit,
172 580 209 607 uti
221 586 253 604 ex
268 577 343 604 omni
354 577 462 605 historia
474 585 557 614 patet.
580 579 646 605 Non
659 578 740 615 igitur
754 578 853 616 lingula
866 578 984 615 pluribus
998 577 1057 605 sunt
1071 577 1216 614 probanda.

120 616 280 645 sacerdotum
298 614 400 642 comitia
418 614 515 643 tributa
535 615 663 643 Consules
682 616 777 645 habere
797 616 941 653 oportuisse
962 625 993 644 ex
1012 614 1134 643 Ciceronis
1154 613 1261 651 epistola
1280 615 1313 642 ad
1328 616 1440 644 Brutum
1454 616 1544 655 colligi
1558 620 1658 654 potest,

81 656 126 684 ubi
142 656 196 686 ait,
224 653 340 681 mortuis
359 654 453 681 Hircio
469 656 495 682 &
510 653 589 681 Pansa
603 653 761 683 Consulibus
774 676 781 687 ‚
805 653 905 682 comitia
919 655 1076 688 fizcerdotum
1095 653 1238 681 necessario
1252 652 1398 680 differenda
1417 655 1467 682 effe
1480 676 1488 688 ‚
1515 658 1601 685 donec
1614 667 1659 685 res

80 694 112 722 ad
130 694 300 729 interregnum
316 691 445 724 rediisset,
465 700 495 720 ut
509 692 638 720 Consules
651 693 782 730 auspicato
796 692 828 720 ab
843 693 980 729 Interrege
995 692 1207 729 subrogarentur.
1248 692 1331 728 Atqui
1346 699 1405 719 tum
1421 694 1448 720 ὃς
1463 702 1587 728 praetores
1598 716 1605 726 ‚
1628 699 1656 724 ὃς

80 731 144 761 trib.
157 730 226 766 pleb.
241 737 318 758 erant.
331 731 428 757 Romce
442 740 449 756 :
476 731 570 767 quibus
585 730 603 757 si
614 731 656 767 jus
669 730 756 758 fuisset
769 751 775 762 ‚
803 740 833 758 ea
840 730 945 758 comma
959 730 1072 758 habendi
1085 751 1091 762 ,
1118 729 1287 757 sacerdotum
1304 730 1416 757 comitia
1432 739 1486 757 non
1502 730 1606 760 fuissent
1622 743 1663 761 eo,

79 769 162 807 usque
181 768 327 796 differenda
340 789 347 799 ‚
371 768 438 795 dum
460 767 587 796 Consules
607 769 740 807 subrogati
760 770 850 796 effent.
889 771 951 796 Hoc
965 777 1057 797 tamen
1070 768 1128 805 post
1141 767 1229 804 legem
1247 768 1400 795 Domitiam
1414 767 1583 797 oblervatum
1599 771 1657 799 fuit.

81 809 157 836 Nam
177 814 238 835 ante
257 816 317 834 eam
336 804 425 843 legem
449 806 549 833 comitia
566 804 663 834 tributa
678 827 684 837 ‚
707 816 764 844 quae
781 806 905 843 pontifici
925 809 1046 834 maximo
1066 807 1180 834 creando
1201 804 1365 833 habebantur
1378 825 1386 837 ,
1412 805 1444 833 ab
1464 815 1518 833 uno
1537 810 1663 844 quodamv

80 845 208 884 pontifice
221 843 312 872 haberi
325 843 456 876 solebant,
476 845 503 871 id
517 844 590 881 quod
606 854 638 873 ex
652 843 725 872 Livio
738 843 782 872 lib.
801 854 843 880 25.
857 845 935 872 initio
950 845 1112 883 intelligitur.
1142 842 1241 873 Scribit
1254 845 1344 875 enim,
1360 843 1466 872 comitia
1473 844 1587 883 pontifici
1600 856 1659 876 ma-

80 886 157 912 ximo
171 884 274 910 creando
286 880 402 910 habuisse
416 884 456 910 M.
470 882 628 910 Cornelium
641 882 794 919 Cethegum
806 882 973 918 pontificem.

121 924 218 959 Legum
231 942 239 953 ,
259 919 464 958 judiciorumque
482 919 584 947 comitia
603 919 700 947 tributa
719 919 815 949 habere
837 921 868 948 iis
890 920 1084 959 magistratibus
1104 919 1199 950 licebat
1212 941 1219 952 ,
1247 918 1342 957 quib'us
1355 921 1397 956 jus
1411 926 1467 949 erat
1482 930 1544 949 cum
1558 922 1659 959 Populo

79 961 189 998 agendi,
210 958 355 993 Coificlibus
372 958 485 990 scilicet,
505 957 660 994 praetoribus
672 979 679 989 ,
700 961 726 987 ἃ
745 958 859 987 tribunis
877 958 975 995 plebis:
995 961 1029 988 de
1049 959 1144 997 quibus
1165 958 1230 996 saepe
1250 958 1363 996 legimus
1383 960 1410 986 in
1431 959 1562 992 historiis,
1583 962 1657 998 quod

80 999 234 1036 rogationes
245 997 278 1024 ad
291 995 422 1034 populum
436 995 557 1024 tulerint:
578 997 809 1034 quemadmodum
824 1006 901 1025 :etate
915 997 1042 1025 Ciceronis
1055 998 1161 1035 rogatio
1174 997 1207 1024 de
1220 996 1349 1034 religione
1365 995 1379 1024 a
1395 998 1422 1024 P.
1433 998 1530 1025 Clodio
1538 999 1655 1035 polluta,

81 1036 97 1065 ἐι
111 1039 151 1064 Μ.
166 1034 258 1063 Pisone
275 1033 390 1062 Consule
402 1034 453 1062 lata
466 1035 512 1062 est.
551 1036 608 1062 Lex
623 1034 731 1062 Aurelia
746 1036 780 1063 de
792 1034 876 1063 trihus
886 1035 1028 1064 'ordinibus
1044 1036 1165 1072 judicum
1179 1033 1210 1061 ab
1226 1033 1328 1062 Aurelio
1344 1037 1423 1062 Cotta
1435 1043 1548 1073 praetore
1562 1047 1566 1063 :
1592 1036 1656 1074 leges

79 1073 201 1105 Gabinia,
220 1071 347 1104 Manilia,
367 1072 482 1105 amnia,
502 1071 517 1100 a
531 1072 643 1100 tribunis
655 1072 738 1109 plebis
748 1075 806 1101 lata:
819 1073 887 1102 sunt.
908 1077 956 1102 Hae
969 1075 1051 1112 igitur
1067 1073 1184 1111 personae
1197 1082 1295 1101 omnes
1311 1073 1354 1110 jus
1365 1072 1482 1102 habendi
1492 1073 1592 1103 comitia
1608 1084 1657 1102 tri-

79 1112 141 1141 buta
153 1110 310 1140 habuerunt.
332 1113 481 1148 Sequuntur
494 1110 559 1143 illae,
579 1120 637 1148 quae
649 1111 691 1147 jus
705 1111 820 1149 suffragii
832 1111 987 1140 habuerunt.

119 1148 254 1178 Omnibus
275 1146 377 1177 civibus
398 1149 529 1176 Romanis
543 1169 551 1181 ,
573 1147 668 1186 quibus
682 1150 742 1178 data
754 1159 809 1178 erat
824 1151 914 1178 civitas
927 1160 989 1178 cum
1004 1151 1062 1187 jure
1075 1149 1152 1179 suffra
1172 1150 1189 1178 ii
1202 1171 1210 1182 ,
1236 1148 1332 1178 licebat
1345 1148 1451 1177 comitiis
1463 1149 1566 1178 tributis
1579 1150 1655 1179 suam

79 1191 169 1218 dicere
188 1188 357 1215 sententiam.
391 1187 477 1214 Simul
488 1188 563 1215 enim
583 1196 645 1215 cum
661 1187 741 1223 pleno
753 1189 813 1223 jure
827 1189 940 1215 civitatis
953 1188 1046 1215 tribum
1061 1158 1225 1224 accipieffiant
1236 1207 1246 1219 ‚
1273 1188 1301 1215 in
1315 1197 1366 1225 qua
1378 1187 1532 1226 suflragium
1547 1189 1656 1218 ferrent.

80 1229 170 1256 Docet
191 1227 218 1254 id
237 1224 327 1253 Livius
339 1223 385 1253 lib.
399 1227 442 1262 38.
460 1226 581 1261 inquiens
595 1235 600 1251 z
629 1226 671 1252 De
686 1226 835 1253 Formianis
847 1226 1029 1263 Fundanisque
1044 1225 1222 1262 municipibus
1235 1246 1242 1258 ‚
1270 1228 1296 1254 ὃς
1312 1225 1482 1261 Arpinatibus
1497 1231 1527 1254 C.
1544 1227 1658 1254 Valerius

81 1268 166 1299 Tappo
185 1262 306 1292 tribunus
324 1261 408 1298 plebis
429 1263 610 1299 promulgavit
624 1283 631 1295 ,
657 1271 687 1291 ut
708 1264 737 1292 iis
754 1263 870 1301 suffragii
883 1263 947 1292 latio
961 1265 1042 1299 (nam
1060 1272 1121 1292 ante
1136 1265 1192 1291 line
1203 1263 1325 1301 suffragio
1339 1262 1485 1292 habuerant
1498 1265 1654 1300 civitatem)

81 1303 154 1331 esset.
188 1303 221 1330 Et
241 1300 310 1336 apud
325 1300 455 1337 Agellium
470 1299 539 1327 libro
554 1311 594 1336 15.
610 1309 666 1337 cap.
680 1311 724 1337 27.
756 1301 843 1329 Laelius
857 1302 929 1329 Felix
941 1301 1032 1331 scribit
1045 1324 1053 1335 ‚
1080 1301 1176 1329 tributa
1189 1300 1289 1329 comitia
1305 1302 1357 1329 effe
1372 1311 1434 1330 curn
1449 1312 1481 1330 ex
1496 1302 1560 1330 locis
1575 1305 1601 1331 δε
1615 1313 1657 1330 re-

79 1337 206 1379 gionibus
224 1337 377 1376 suffragium
397 1337 504 1366 feratur.
544 1338 646 1376 Qbus
661 1349 740 1380 ex.er
754 1339 795 1367 bis
810 1339 982 1368 manifestum
1001 1341 1030 1369 fit
1040 1361 1046 1372 ‚
1066 1350 1121 1368 non
1136 1350 1182 1368 eos
1196 1340 1283 1367 solum
1298 1340 1368 1367 cives
1384 1341 1467 1368 Rom.
1479 1341 1524 1377 qui
1539 1343 1566 1368 in
1582 1340 1655 1368 Urbe

79 1379 134 1416 ipsa
149 1377 294 1406 habitarent
305 1397 314 1408 ,
343 1379 370 1404 ὃς
386 1375 507 1404 tribubus
521 1377 574 1404 sive
588 1378 653 1405 locis
666 1349 780 1406 distinxffi
795 1377 877 1406 essent
890 1399 897 1410 ‚
916 1376 1086 1416 fisffiutgiijus
1099 1377 1215 1406 habuisse
1227 1389 1232 1404 z
1258 1377 1302 1405 led
1319 1387 1363 1405 eos
1379 1378 1459 1405 etiam
1470 1399 1478 1410 ,
1498 1380 1543 1415 qui
1557 1388 1612 1406 non
1626 1379 1654 1407 in

78 1416 155 1446 Urbe
168 1436 175 1447 ,
200 1415 244 1442 sed
256 1422 329 1443 extra
343 1423 400 1442 eam
415 1434 422 1446 ‚
450 1415 477 1442 in
492 1415 566 1443 Italia
578 1413 726 1443 habitarent
738 1437 744 1447 ‚
772 1424 851 1453 atque
865 1416 946 1444 etiam
960 1414 1080 1443 tribubus
1093 1437 1101 1448 ,
1127 1416 1180 1443 five
1194 1414 1346 1452 regionibus
1358 1436 1364 1446 ,
1389 1416 1472 1452 ipsam
1488 1416 1656 1444 Urbem-cir-

78 1451 291 1491 cumjacentibus
304 1452 419 1480 distincti
433 1453 537 1485 efflent,
562 1453 703 1490 postquam
717 1454 824 1482 civitate
838 1463 900 1481 cum
905 1452 1026 1492 stiffi-agii
1032 1455 1092 1488 jure
1106 1454 1198 1482 donati
1211 1453 1292 1481 elsent
1306 1474 1314 1485 ,
1340 1454 1392 1481 live
1406 1454 1559 1490 municipes.
1569 1474 1576 1485 ‚
1603 1455 1656 1482 five

79 1493 170 1522 coloni
183 1491 273 1518 effent.
313 1491 344 1518 In
357 1489 452 1527 quibus
465 1498 556 1519 autem
568 1489 679 1518 tribubus
693 1493 789 1529 quaevis
804 1491 920 1522 colonia,
943 1492 984 1519 vel
998 1492 1167 1527 ptxfefftura,
1190 1491 1230 1519 vel
1246 1492 1374 1519 foederata
1387 1493 1478 1518 civitas
1492 1493 1549 1528 post
1563 1493 1657 1519 eivita-

79 1540 137 1561 tem
151 1532 324 1566 impetratam
338 1527 492 1565 suffragium
507 1528 598 1557 tulerit
612 1550 620 1560 ,
643 1530 754 1557 inventu
763 1529 959 1557 difficillimum
971 1550 978 1561 ‚
1004 1538 1053 1557 nec
1070 1531 1106 1558 ita
1120 1530 1185 1558 scitu
1200 1529 1371 1557 neeessarium
1387 1528 1437 1556 ess‘e
1450 1529 1572 1557 arbitror.
1605 1534 1659 1556 Ca-

80 1567 212 1604 rolus‘Sig.
225 1565 271 1594 lib.
283 1577 306 1602 3.
320 1567 353 1594 de
368 1567 547 1603 antiquojure
561 1567 654 1600 Italiae,
676 1577 732 1604 cap.
742 1578 765 1605 3.
775 1576 869 1604 paucas
881 1574 1004 1599 annotat,
1026 1576 1088 1604 quas
1102 1568 1154 1605 ipse
1163 1568 1302 1595 invenerit.
1324 1565 1415 1594 Verba
1422 1567 1477 1603 ejus
1486 1566 1551 1594 libet
1560 1567 1655 1596 adscri-

79 1606 160 1635 here:
189 1604 259 1633 Mihi
279 1605 366 1641 inquit
378 1625 385 1635 ‚
411 1614 446 1631 ne
464 1604 532 1632 hanc
551 1606 660 1642 quidem
675 1607 859 1642 investiganda:
872 1606 1036 1642 antiquitatis
1049 1615 1154 1642 partem
1168 1606 1313 1643 negligenti
1326 1606 1439 1642 contigit
1452 1626 1460 1637 ‚
1487 1614 1515 1633 ut
1530 1614 1655 1633 veterum

79 1645 199 1681 lapidum
213 1641 305 1671 titulos
316 1641 468 1679 perlegens,
489 1650 568 1680 atque
580 1642 734 1675 observans,
754 1653 897 1680 paucarum
912 1651 1018 1672 tantum
1033 1645 1197 1680 quarundam
1212 1652 1294 1671 certas
1309 1642 1392 1670 tribus
1405 1643 1564 1671 invenerim.
1591 1647 1654 1670 Mu.

78 1683 139 1712 tina
159 1681 270 1719 quidem
282 1701 289 1712 ,
309 1681 399 1716 patrie
418 1689 486 1708 meae
498 1701 506 1712 ‚
527 1680 635 1708 Polliam
647 1702 654 1713 ‚
676 1685 790 1709 Veronae
810 1681 947 1709 Publiliam
958 1701 966 1714 ,
988 1683 1067 1710 Sutrii
1086 1683 1198 1710 mimam
1212 1703 1219 1714 ‚
1242 1682 1344 1709 Ceretis
1364 1683 1391 1709 &
1411 1681 1536 1709 Tudertis
1556 1679 1656 1718 Clustu-

79 1720 195 1750 minam,
217 1719 355 1746 Florentiae
369 1717 510 1752 scaptiam,
531 1720 626 1747 Atestis
644 1719 797 1751 Romiliam,
819 1721 910 1748 Brixiae
927 1718 1049 1751 Fabiam,
1069 1721 1199 1748 Vicentix
1212 1719 1371 1750 Menenium,
1392 1718 1471 1746 Clulii
1492 1720 1654 1752 Arniensem,

80 1759 214 1796 Tergestis
227 1756 377 1792 Pupiniam,
399 1757 493 1784 Aletrii
506 1756 657 1789 Publiliam,
677 1757 957 1792 Arretii-Pomptinam.
979 1758 1053 1786 Nam
1069 1760 1177 1787 Atinam
1192 1760 1220 1786 in
1234 1759 1380 1786 Terentina
1392 1756 1547 1794 suffragium
1564 1756 1654 1790 inisse,

80 1798 161 1826 docet
174 1795 259 1822 Cicero
272 1796 298 1822 in
314 1795 458 1821 Planciana.
477 1794 613 1823 Haerenus
625 1795 747 1833 Sigonius.

121 1834 279 1862 Notandum
297 1842 362 1860 vero
376 1835 400 1860 ἃ
415 1832 468 1859 hoc
481 1832 531 1863 est,
550 1833 612 1861 licet
626 1835 761 1862 interdum
775 1834 906 1871 ejusmodi
919 1833 1030 1862 coloniae
1043 1856 1050 1867 ,
1077 1836 1237 1873 ρηξεεῖιπκ
1247 1855 1255 1867 ‚
1275 1842 1320 1862 aut
1333 1833 1468 1860 foederatx
1481 1833 1599 1860 civitates
1605 1835 1655 1868 jus

74 1871 196 1912 fhffragii
213 1880 269 1899 non
290 1870 417 1899 haberent
431 1881 436 1897 :
462 1869 590 1906 quofilam
604 1879 696 1900 tamen
710 1875 780 1900 cives
792 1882 824 1901 ex
839 1874 869 1900 iis
882 1873 944 1901 illud
956 1873 998 1909 jus
1011 1875 1119 1912 adipisci
1131 1873 1244 1911 potuisse
1256 1893 1263 1903 ‚
1289 1873 1369 1908 idque
1383 1871 1459 1898 variis
1476 1871 1566 1898 modis
1579 1881 1584 1897 ;
1612 1871 1655 1899 vel

81 1921 131 1948 per
145 1911 248 1947 legem,
268 1909 341 1944 cujus
355 1908 508 1946 exemplum
523 1909 652 1937 habemus
666 1911 734 1948 apud
748 1910 855 1939 Livium
867 1910 912 1938 lib.
922 1922 967 1946 4¹·
988 1913 1058 1942 Lex,
1078 1913 1178 1948 inquit,
1199 1911 1288 1941 sociis,
1311 1917 1341 1936 ac
1353 1909 1471 1936 nominis
1483 1909 1588 1940 Latini,
1609 1909 1655 1946 qui

80 1950 191 1985 stirpem
206 1956 239 1975 ex
252 1945 303 1973 sese
315 1947 392 1974 domi
404 1949 596 1984 relinquerent,
616 1949 693 1975 dabat
706 1957 734 1977 ut
748 1950 816 1976 cives
832 1952 915 1976 Rom.
928 1949 1022 1977 fierent
1034 1950 1079 1986 qui
1093 1951 1120 1977 in
1135 1950 1235 1976 Latinis
1249 1947 1361 1975 coloniis
1374 1947 1558 1983 magistratum
1566 1947 1655 1984 gessis-
1674 1962 1678 1963 ν

82 1987 155 2018 sent,
175 1984 218 2012 vel
229 1984 310 2011 etiam
324 1984 372 2011 hac
384 1985 500 2017 ratione,
521 1995 572 2023 qua
585 1995 633 2022 per
645 1987 723 2024 legem
736 1986 872 2014 Serviliam
886 1987 987 2015 Latinis
998 1987 1038 2021 jus
1051 1995 1106 2014 erat
1119 1987 1256 2013 civitatem
1270 1984 1420 2022 affequendi
1435 1985 1462 2012 in
1474 1986 1565 2013 locum
1581 1986 1653 2022 ejus,

82 2033 166 2063 quem
179 2021 325 2051 accusando
339 2023 502 2052 damnall'ent
514 2025 730 2060 repetundarum.
751 2026 792 2051 De
805 2024 853 2052 hac
866 2025 968 2052 ratione
980 2028 1061 2051 Cicero
1074 2033 1124 2060 pro
1138 2023 1228 2051 Balbo.

125 2064 221 2089 Praeter
237 2059 283 2087 has
301 2060 422 2096 personas
444 2070 584 2097 oportebat
606 2064 687 2090 etiam
702 2062 788 2090 adeffe
801 2062 906 2089 comitiis
919 2061 1019 2089 tributis
1036 2063 1234 2099 magistratuum
1249 2060 1403 2089 candidatos
1416 2081 1423 2092 ‚
1452 2060 1548 2098 eosque
1561 2063 1589 2090 in
1606 2063 1653 2090 tri-
1673 2076 1677 2078 -

82 2100 192 2129 bunitiis
206 2099 315 2136 quidem
332 2100 358 2126 &
371 2099 437 2126 aedili
450 2100 481 2126 iis
495 2101 612 2130 comitiis
625 2110 720 2128 omnes
734 2100 861 2137 plebejOS.
904 2100 978 2127 Nulli
994 2102 1068 2128 enim
1082 2100 1194 2136 patricio
1208 2100 1228 2127 is
1243 2100 1409 2137 magistratus
1422 2099 1528 2136 patebat
1538 2121 1547 2132 ,
1567 2109 1595 2128 ut
1609 2100 1655 2128 ha-

83 2139 131 2166 bet
143 2136 232 2165 Livius
245 2137 289 2166 lib.
300 2145 327 2171 4.
363 2137 532 2174 Qapropter
545 2138 646 2167 fastum
661 2139 697 2166 est
710 2159 717 2170 ,
745 2145 772 2165 ut
785 2138 972 2174 posterioribus
987 2138 1155 2175 temporibus
1168 2137 1275 2175 quidam
1291 2138 1412 2174 patricii,
1432 2147 1485 2174 quo
1499 2138 1603 2173 possent
1619 2140 1654 2168 ad

83 2186 148 2204 eum
167 2176 350 2213 magistratum
363 2175 501 2210 pertenire
514 2197 522 2208 ,
542 2177 595 2205 sese
607 2177 718 2214 plebejis
731 2177 895 2212 adoptandos
910 2177 1048 2208 dederint,
1069 2177 1301 2214 quemadmodum
1316 2176 1350 2203 de
1361 2174 1453 2202 clodia
1460 2176 1583 2213 legimus.
1621 2177 1653 2205 Id
1675 2195 1677 2197 ·

85 2216 168 2243 etiam
189 2213 356 2242 observatum
372 2212 408 2238 est
419 2232 427 2244 ,
448 2221 477 2240 ut
490 2224 520 2242 ex
534 2214 639 2253 singulis
652 2216 768 2245 clastibus
781 2224 827 2250 par
842 2224 968 2242 numerus
979 2214 1171 2242 candidatorum
1185 2214 1256 2242 effet.
1296 2214 1413 2250 Ideoque
1425 2213 1457 2241 ab
1471 2223 1541 2242 anno
1554 2215 1654 2252 trigesi-

85 2261 136 2281 mo
149 2251 224 2280 sexto
237 2252 294 2288 post
309 2251 411 2286 primos
424 2250 543 2279 tribunos
557 2254 652 2289 plebis,
672 2254 777 2290 semper
790 2263 821 2280 ex
837 2253 940 2290 singulis
953 2253 1070 2282 classibus
1083 2253 1160 2280 binos
1174 2260 1276 2280 creatos
1289 2251 1376 2284 fuisse,
1397 2253 1502 2280 testatur
1512 2252 1599 2280 Livius
1608 2252 1653 2280 lib.

87 2300 112 2327 3.
140 2291 218 2318 Idem
230 2288 292 2317 alibi
305 2289 370 2317 dicit
384 2297 389 2315 :
415 2295 523 2316 cautum
537 2292 617 2318 etiam
632 2292 706 2321 fuisse
718 2293 751 2319 de
765 2290 935 2319 tribunorum
950 2291 1119 2328 aediliumque
1132 2290 1214 2327 plebis
1227 2289 1345 2327 personis
1358 2310 1366 2322 ,
1392 2300 1421 2318 ut
1435 2300 1480 2318 eos
1493 2290 1654 2328 magistratus

84 2336 178 2366 gerere
190 2329 220 2356 iis
233 2334 288 2356 non
302 2328 408 2357 liceret,
429 2335 544 2363 quorum
558 2337 647 2364 pater.
666 2331 712 2367 qui
725 2329 786 2357 sella
799 2330 881 2356 curuli
895 2329 1012 2361 leuiss‘et,
1033 2330 1144 2358 viveret.

124 2365 270 2396 Candidati
280 2365 402 2405 qmgflurae
414 2372 471 2394 tam
486 2366 605 2403 patricii,
624 2377 704 2406 quam
719 2367 817 2405 plebeji
831 2367 882 2396 effe
895 2376 1033 2405 po:erant,
1053 2369 1105 2397 hoc
1117 2376 1222 2397 tanturn
1235 2368 1265 2396 in'
1274 2368 1306 2396 iis
1320 2367 1518 2405 providendum
1531 2372 1587 2433 erait
1597 2367 1656 2403 post

949 2408 1025 2435 Ooo
1046 2416 1060 2444 3
1577 2413 1658 2442 egem
1679 2421 1681 2424 -
