2075 2734
0 0 77 70 ''3951“

7 69 11 80 Ι

63 1751 135 1781 serit.

273 107 335 134 De
376 103 1254 136 TESTAMENT18‚HAEREnlnus‚&c·
1293 103 1441 137 Cap-18.
1589 114 1645 148 ⁶3⁴¹

62 166 133 198 dati,
152 162 186 192 ad
204 160 359 198 exemplum
381 159 588 197 posthumorum
607 156 704 188 essent,
724 155 915 184 testamentum
936 165 992 184 non
1012 156 1120 186 valeret.
1162 158 1269 195 Duplex
1288 160 1377 198 itaque
1390 161 1417 189 in
1431 161 1480 190 hac
1495 160 1554 200 lege
1567 169 1647 198 caput

64 203 130 235 fuit,
149 202 268 238 primum
287 220 293 231 ‚
313 207 343 227 ut
362 195 534 235 mormofilio,
555 202 666 232 nepotes
686 193 808 221 nondum
828 194 884 221 nati
903 195 1002 230 poffint
1025 197 1131 225 institui.
1174 199 1259 229 Item,
1282 205 1312 225 ut
1331 198 1432 226 riv-eme
1447 198 1500 236 filio
1520 200 1644 229 nascituri

63 248 175 278 nepotes
193 238 290 276 possint
311 237 428 268 institui,
455 237 473 263 ii
492 244 544 263 avo
565 234 672 261 vivente
685 253 692 264 ,
720 234 747 261 δε
772 240 883 260 mortuo
906 231 962 260 filio
982 233 1141 263 nascantur:
1162 246 1196 264 ne
1216 236 1278 264 facti
1299 235 1356 268 sui,
1378 247 1440 265 cum
1463 238 1644 269 nascerentur.

64 280 85 307 fi
108 278 136 306 se
160 277 307 314 praeteritos
333 275 501 305 invenerint,
527 277 655 308 rumpant
674 270 874 300 testamentum.
915 270 1007 299 Altero
1028 274 1113 309 capite
1134 282 1241 303 cautum
1262 276 1315 307 est,
1336 282 1366 303 ut
1385 285 1496 312 nepotes
1515 278 1570 314 jam
1592 276 1648 305 nati

65 317 174 346 vivente
193 315 266 348 filio,
285 313 318 341 ab
337 323 388 342 avo
407 312 520 340 haeredes
538 311 721 341 instituantur,
742 309 784 337 vel
804 310 969 337 nominatim
991 311 1203 344 exhaeredentur‚
1224 323 1257 341 ne
1277 313 1348 342 forte
1367 322 1476 343 mortuo
1495 317 1553 352 post
1573 316 1647 343 testa-

64 362 192 384 mentum
222 353 277 381 filio
303 352 364 380 faeti
389 350 425 378 sui
443 349 558 377 haeredes
572 370 579 381 ,
608 349 640 376 ad
661 347 817 385 exemplum
838 347 1044 384 posthumorum
1065 352 1256 380 testamentum
1276 352 1422 381 infirment.
1463 353 1580 389 Cujacius
1598 363 1646 390 pro

63 392 171 431 Junia‚
191 392 260 424 Iulia
278 390 419 427 legendum
439 387 542 420 censet,
562 394 740 424 corrupteque
754 386 800 415 ubi
820 386 898 423 hujus
922 387 953 415 fit
975 388 1094 421 mentio,
1114 390 1192 422 szin
1213 389 1341 426 scriptum
1364 391 1415 419 esse
1435 393 1466 421 ad
1484 393 1500 421 l.
1514 393 1602 420 Gallus
1618 391 1648 419 ff.

65 432 127 460 eod.
140 437 225 458 notat.

104 471 202 498 Extant
223 469 302 496 etiam
323 472 376 493 tres
392 464 463 505 leges
485 464 570 497 Juliae,
591 464 624 492 de
645 464 822 495 testamentis,
844 472 957 501 quarum
979 473 1031 493 una
1049 464 1146 493 dicitur
1160 465 1245 498 falia,
1266 466 1298 494 de
1313 467 1449 497 vicesima:
1470 468 1551 498 altera
1563 468 1645 507 Julia

61 506 210 536 caducam.-
228 506 306 535 tertia
318 502 399 541 Julta
414 503 533 539 Mfiella.

666 541 765 590 Julia
777 541 840 583 lex,
855 539 892 574 de
906 541 1058 588 vicesima.

99 609 172 643 Jalia
189 609 224 636 de
240 606 366 635 vicesima
379 604 435 633 haec
450 605 556 635 fuerunt
572 606 667 643 capita:
687 612 717 633 ut
730 614 787 642 quae
800 603 978 635 haereditates,
998 603 1100 642 legata,
1121 605 1147 632 &
1162 605 1320 635 donationes
1335 609 1431 636 mortis
1449 608 1522 637 causa
1537 609 1569 638 ad
1583 608 1647 637 alie-

62 648 130 679 ῄος,
149 654 194 674 aut
207 645 352 682 locupletes
364 645 550 680 pervenirent,
570 653 661 672 earum
671 653 732 678 pars
741 641 854 681 vicesima
865 643 898 670 ad
913 642 1006 670 fiscum
1019 645 1174 679 pertineret.

101 687 138 713 Ut
158 685 316 713 testamenta
337 684 364 710 in
385 683 557 720 municipiis,
579 683 690 712 coloniis
703 703 711 713 ,
732 682 854 718 oppidis,
874 680 1030 717 praefenfftura
1044 703 1051 714 ,
1071 682 1151 713 vico,
1172 681 1293 715 castello,
1315 684 1491 713 conciliabulo
1512 685 1594 717 faeta,
1615 687 1642 713 in

63 722 138 756 foro,
159 722 200 751 vel
219 722 336 753 basilica,
356 720 524 758 praesentibus
543 722 651 750 testibus
673 721 714 748 vel
735 720 849 747 honestis
870 720 946 750 viris,
969 721 1038 747 inter
1056 719 1150 747 horam
1174 719 1314 749 secundam
1338 725 1363 751 ὃς
1382 723 1517 751 decimam
1534 726 1586 752 diei
1604 734 1645 752 re.

60 762 176 790 citentur
189 783 196 794 ‚
222 760 402 798 exemploque
427 759 530 789 sublato
543 782 550 793 ‚
577 760 609 788 ab
634 759 730 787 iisdem
754 757 842 786 rursus
861 756 1049 795 magistratibus
1068 758 1224 796 oblignat0‚
1253 769 1369 797 quorum
1388 761 1524 797 praesentia
1545 764 1646 790 constat

59 809 74 828 a
94 808 192 828 ertum.

74 808 139 866 pUt
153 837 330 877 testamentum
346 836 432 864 statim
447 837 506 873 post
521 843 641 864 mortem
654 834 786 864 testatoris
803 834 951 872 aperiatur:
970 834 1023 862 hoc
1036 835 1072 863 est
1081 856 1088 867 ‚
1103 833 1116 862 a
1128 834 1298 872 praestntibus
1310 837 1379 865 intra
1392 838 1511 866 triduum
1520 838 1562 867 vel
1570 840 1649 876 quin.-

60 886 113 916 que
125 877 197 908 dies,
215 876 248 904 ab
264 875 412 903 absentibus
424 884 531 912 quoque
545 876 615 903 intra
627 882 673 902 eos
686 874 755 905 dies,
778 883 841 901 cum
854 872 1064 909 supervenerint.

98 917 138 943 Ut
152 916 230 943 testes
244 913 286 942 vel
299 913 418 942 maxima
430 922 489 950 pars
501 923 596 942 eorum
611 912 800 944 adhibeantur,
821 912 865 949 qui
878 911 1039 949 signaverint
1050 910 1244 949 testamentum,
1264 914 1301 942 ita
1313 921 1343 942 ut
1356 915 1452 952 agnitis
1459 914 1537 953 signis
1547 935 1553 946 ‚
1563 921 1644 951 rupto

57 952 121 982 licio
130 954 278 989 apen'atur,
299 954 326 980 &
342 952 469 980 recitetur
483 962 488 979 :
509 960 588 990 atque
601 952 637 979 ita
648 951 815 979 describendi
829 950 945 986 exempli
958 951 1003 980 fiat
1020 951 1149 988 potestaS,
1170 960 1200 979 ac
1214 952 1311 980 deinde
1323 952 1398 990 figno
1409 953 1517 990 publico
1525 953 1660 990 obfignae

59 998 120 1020 turn
132 992 160 1019 in
170 989 299 1019 archivum
313 990 461 1028 redigatur,
481 998 511 1020 ut
523 991 542 1019 sl
556 991 664 1028 quando
677 988 831 1026 exemplum
846 988 902 1025 ejus
916 990 1096 1020 interciderit,
1115 989 1147 1018 s1t
1163 990 1234 1018 unde
1246 991 1301 1027 peti
1316 991 1404 1027 possit.
1442 997 1494 1021 Dto
1504 990 1548 1019 lib.
1565 995 1604 1028 38.
1615 993 1646 1020 ὅτ.

59 1029 156 1058 Paulus
168 1029 280 1058 sentent.
289 1028 421 1065 l.4.tit.6.

671 1067 769 1115 Julia
781 1066 950 1101 caducaria
964 1068 1025 1101 lex.

103 1125 186 1164 Juliae
198 1128 330 1156 caducariae
345 1127 400 1156 haec
414 1128 468 1156 duo
483 1128 568 1164 capita
581 1127 687 1155 fiierunt
703 1137 710 1157 ε
731 1130 770 1156 Ut
783 1128 800 1155 fi
815 1137 899 1156 nemo
910 1126 954 1158 sit,
976 1127 1007 1154 ad
1023 1137 1104 1164 quem
1119 1126 1253 1156 bonorum
1270 1128 1393 1164 poffeffio
1409 1130 1542 1165 pertinere
1549 1129 1641 1165 possit:

64 1172 96 1193 ut
114 1170 144 1194 fit
160 1167 269 1204 quidem
283 1188 291 1199 ‚
313 1166 357 1196 sed
369 1167 411 1203 jus
424 1165 500 1193 suum
516 1166 638 1193 omiserit
651 1187 659 1197 ‚
679 1165 749 1193 bona
762 1166 936 1203 publicentur.
977 1165 1095 1199 Ulpianus
1108 1176 1164 1203 cap.
1178 1167 1378 1195 Institutionum
1391 1170 1434 1196 28.
1456 1169 1532 1195 ldem
1548 1168 1564 1195 l.
1581 1178 1606 1202 4.
1620 1168 1645 1203 §
1658 1186 1662 1189 ι

62 1204 158 1232 eod.ff.
171 1205 204 1232 de
215 1205 266 1233 fide
276 1205 322 1235 lib,
363 1206 452 1243 Qre
466 1204 511 1232 etsi
526 1205 670 1232 caducan'is
682 1204 782 1241 legibus
795 1205 865 1232 bona
877 1203 963 1231 delata
977 1204 1040 1234 sint,
1062 1205 1135 1232 idem
1150 1206 1200 1233 erit
1216 1205 1397 1241 probandum.
1418 1206 1539 1234 Sicenim
1550 1206 1644 1233 lotum

62 1240 134 1270 hunc
144 1243 222 1270 nobis
238 1244 349 1270 restituit
360 1241 486 1277 Cnjacius.
507 1243 627 1269 Eandem
641 1241 730 1279 legem
762 1242 844 1269 uliam
857 1241 986 1279 significat
999 1241 1118 1273 Julianus
1132 1242 1201 1278 l.96.
1211 1243 1236 1278 §.
1252 1253 1275 1270 1.
1296 1243 1418 1279 delegat.
1434 1246 1460 1272 &
1473 1244 1643 1272 fideicomm,
1656 1264 1660 1266 v

61 1278 109 1306 lib.
119 1289 142 1307 ι.
162 1281 275 1318 Qoties
288 1281 339 1318 lege
351 1280 435 1318 Julm
448 1279 518 1307 bona
531 1281 650 1309 vacantia
664 1281 696 1307 ad
712 1280 729 1307 fi
743 1289 805 1307 cum
820 1281 971 1316 pertinent,
992 1282 1019 1308 &
1033 1279 1119 1317 legata
1131 1282 1157 1309 ὃ(
1169 1280 1373 1308 fideicommissa
1386 1282 1546 1317 ptaestantur.

683 1347 748 1396 Jul
750 1351 782 1382 ia
801 1349 951 1394 Miscella
966 1350 1027 1383 lex.

101 1408 173 1443 salia
187 1409 296 1445 Mifiella
318 1409 383 1439 fuit,
403 1413 433 1436 ut
452 1407 561 1444 conjugi
581 1407 708 1445 superstiti
730 1409 845 1447 legatum
860 1409 906 1437 fibi
918 1410 931 1436 a
945 1410 1090 1437 demortuo
1105 1418 1134 1436 ea
1145 1408 1220 1445 lege,
1241 1418 1275 1436 ne
1292 1409 1390 1437 iterum
1406 1409 1531 1441 nuberet,
1552 1410 1588 1436 ita
1605 1418 1646 1437 ca-

14 1447 17 1470 ?
62 1456 126 1485 pere
145 1448 187 1484 jus
205 1448 282 1479 effet,
303 1448 322 1474 fi
336 1447 405 1474 intra
418 1455 518 1485 ann-um
531 1446 626 1479 (metui
638 1448 761 1475 nondum
777 1456 832 1475 erat
845 1448 988 1484 praefinitus
1002 1448 1098 1482 annus)
1109 1455 1219 1482 juraret,
1239 1446 1266 1473 se
1279 1446 1425 1474 liberorum
1439 1448 1645 1484 quxrendomm

14 1499 16 1506 ¹
61 1485 138 1514 causa
162 1486 229 1513 velle
249 1486 357 1513 nubere.
397 1481 562 1520 Justmmnus
582 1485 608 1511 in
622 1485 735 1514 traetatu
749 1487 783 1513 de
799 1486 940 1514 interdieta
953 1486 1095 1516 viduitate,
1116 1484 1206 1522 &lege
1218 1484 1289 1516 Jut'ia
1301 1484 1409 1520 Mfiella
1423 1485 1556 1516 tollenda,
1576 1485 1647 1513 libro

6 1520 17 1538 '³
62 1525 134 1552 eod.
149 1527 176 1551 6.
191 1525 233 1553 tit.
246 1534 292 1559 40.
302 1526 328 1552 ὃς
348 1522 453 1549 Novella
474 1521 570 1549 Const.
585 1532 628 1549 22.
650 1523 694 1551 ubi
714 1523 814 1556 Iulium
831 1523 970 1557 Mifiellam
990 1523 1067 1558 hujus
1085 1523 1150 1559 legis
1164 1522 1304 1550 authorem
1318 1525 1450 1550 nominat.
1490 1524 1542 1550 Alii
1555 1531 1647 1551 tamen

63 1562 201 1597 Mifiellam
218 1562 320 1588 malunt
331 1560 445 1591 dictam,
465 1561 537 1594 quod
561 1561 588 1588 id
607 1560 667 1598 Iegis
685 1561 758 1594 julie
772 1570 850 1598 caput
864 1570 920 1589 tarn
935 1562 968 1589 ad
982 1562 1070 1589 virum
1085 1570 1166 1597 quam
1181 1561 1325 1588 foeminam
1339 1561 1498 1597 pertinebat.
1537 1562 1580 1589 De
1595 1561 1645 1589 hac

61 1598 124 1636 lege
144 1596 278 1625 Barnabas
295 1596 432 1634 Bussenius
451 1596 495 1624 lib.
521 1608 546 1634 3.
585 1598 741 1628 sclestarum
765 1610 796 1628 ex
815 1600 877 1636 jure
895 1599 966 1627 civili
985 1600 1188 1637 antiquitatum,
1209 1600 1295 1634 capite
1312 1610 1334 1636 ς.
1350 1600 1393 1626 ubi
1408 1602 1434 1628 ἃ
1447 1599 1499 1627 hoc
1513 1600 1602 1631 addit,
1623 1600 1648 1627 ci

62 1636 118 1675 legi
137 1635 324 1674 justinianum,
346 1636 418 1672 quod
437 1635 470 1662 ad
490 1635 674 1671 jusjurandum
688 1640 796 1670 attinet,
819 1638 966 1675 obrogaffe.
1007 1639 1048 1665 Eo
1062 1637 1134 1665 enim
1150 1637 1238 1674 legem
1254 1637 1321 1665 hanc
1336 1638 1371 1665 ait
1383 1647 1430 1673 per
1447 1639 1645 1673 interpretatio-

63 1685 128 1704 nem
143 1674 312 1710 prudentium
333 1672 491 1711 produ&am
513 1672 587 1700 fuiffe
605 1682 635 1702 ut
648 1684 743 1704 omnes
757 1677 821 1704 inde
835 1678 1017 1707 conditiones,
1039 1685 1095 1712 quae
1108 1675 1218 1703 liberam
1232 1675 1351 1703 auferant
1365 1677 1517 1711 nuptiarum
1539 1684 1643 1703 comra-

62 1713 212 1742 hendarum
237 1712 419 1750 potestatem,
447 1710 578 1748 legatariis
602 1715 796 1746 seminantur,
823 1714 893 1751 quafi
918 1713 1019 1742 nullam
1045 1714 1101 1741 fieri
1127 1715 1226 1751 nuptiis
1251 1723 1357 1741 nzoram
1384 1722 1509 1750 oportere
1527 1713 1568 1741 lex
1589 1724 1645 1743 ien-

654 1792 776 1839 Pappia
798 1790 969 1825 decimaria
990 1792 1051 1825 lex.

103 1853 217 1892 Reliqua
229 1853 266 1882 est
280 1851 375 1887 Pappia
386 1851 523 1880 decimaria
531 1874 537 1885 ,
558 1853 633 1889 cujus
645 1852 700 1881 haec
712 1852 840 1881 sententia
854 1853 905 1883 fuit
913 1865 918 1881 :
927 1856 967 1882 Ut
973 1855 1013 1882 vir
1021 1856 1046 1883 ὃ(
1055 1863 1138 1886 uxor,
1147 1853 1222 1881 nullis
1231 1863 1262 1881 ex
1270 1864 1302 1881 eo
1312 1853 1486 1880 matrimonio
1494 1853 1648 1883 extantibus

63 1891 166 1924 liberis,
186 1893 320 1920 decimam
341 1901 374 1918 ex
394 1891 555 1920 testamento
572 1892 741 1920 matrimonii
759 1892 872 1919 nomine
883 1902 977 1930 capere
986 1893 1092 1929 poffint.
1133 1892 1158 1919 Si
1172 1902 1235 1919 vero
1247 1900 1338 1920 extent
1354 1891 1431 1918 liberi
1444 1901 1476 1919 ex
1489 1892 1540 1920 alio
1552 1894 1642 1920 matri.

63 1931 175 1962 monio,
193 1939 243 1966 pro
253 1938 414 1966 unoquoque
428 1939 459 1957 ex
475 1928 565 1957 liberis
578 1929 657 1957 aliam
673 1931 809 1958 decimam
819 1951 826 1963 ,
847 1933 874 1959 &
888 1940 939 1967 pro
953 1931 1095 1957 communi
1107 1929 1162 1956 filio
1172 1930 1229 1965 post
1243 1939 1346 1957 nonum
1361 1930 1433 1956 diem
1449 1930 1543 1957 amisso
1550 1930 1643 1960 aliam:

63 1978 115 2007 pro
128 1967 231 1996 duobus
244 1968 302 2004 post
315 1977 417 1994 nonum
437 1969 509 1995 diem
521 1968 619 1995 amiffis
631 1968 712 1995 duas:
734 1968 804 2004 quod
820 1969 933 2005 explicat
944 1967 1043 2002 Uz'pian.
1059 1968 1086 1994 in
1101 1967 1244 2004 fragment.
1259 1969 1302 1995 tit·
1322 1977 1362 2003 15.
1373 1969 1399 1996 ὃς
1416 1977 1459 1995 21.
1479 1968 1549 1995 Vide
1562 1972 1643 2004 Cuju-

18 1993 21 2014 ι
63 2007 130 2035 cium
146 2005 284 2034 Observat.
294 2005 341 2033 lib.
358 2015 381 2042 3.
396 2015 452 2042 cap.
472 2015 514 2034 12.
534 2005 635 2033 Alludit
647 2006 678 2034 ad
693 2006 760 2034 banc
774 2005 863 2043 legem
879 2004 1053 2034 Tertullianus
1065 2004 1110 2032 lib.
1122 2015 1143 2032 1.
1158 2006 1189 2032 ad
1205 2014 1328 2033 uxorem.
1367 2006 1512 2043 Haeitaque
1526 2007 1641 2036 detesta-

18 2060 21 2071 ,
64 2046 166 2074 mentis
184 2044 256 2082 leges
275 2053 308 2071 ex
326 2044 458 2072 veteribus
471 2044 557 2073 adhuc
572 2053 677 2076 extant,
697 2053 808 2082 quarum
822 2044 957 2080 prolixam
974 2043 1181 2080 explicationem
1195 2052 1279 2071 nemo
1293 2043 1306 2071 a
1320 2053 1366 2071 me
1379 2044 1514 2081 expcilet,
1535 2055 1598 2074 cum
1612 2047 1641 2076 id
1657 2068 1660 2069 γ

63 2085 97 2112 ad
102 2082 290 2120 jurisconsultos
304 2082 443 2119 pertineat.

747 2121 876 2155 Galicia
890 2122 953 2154 Iex.

101 2183 175 2212 Solet
200 2182 246 2210 hic
269 2190 379 2219 quoque
400 2184 504 2211 mentio
525 2183 582 2212 fieri
601 2181 662 2221 legis
681 2180 780 2210 Galiciae
794 2203 801 2214 ‚
832 2183 866 2211 de
886 2182 988 2211 ratione
1010 2181 1164 2209 inducendae
1181 2179 1293 2218 querelae
1311 2181 1451 2210 inofficiosi
1469 2183 1620 2214 testamenti
1634 2207 1642 2219 ,

20 2216 22 2230 ²
63 2223 98 2251 de
116 2232 168 2261 qua
186 2229 278 2249 tamen
297 2229 359 2248 cum
379 2219 445 2247 nihil
464 2223 529 2250 certi
549 2221 675 2250 habeatur
689 2230 781 2261 ,Unon
803 2221 838 2248 est
850 2242 857 2252 ‚
878 2230 908 2249 ut
929 2220 1011 2248 multa
1030 2219 1149 2247 afferam.
1191 2220 1217 2246 Si
1237 2220 1282 2256 qui
1300 2220 1393 2248 volunt
1412 2221 1516 2257 possunt
1537 2232 1643 2251 contra-

21 2292 24 2297 ,
63 2263 114 2290 rias
127 2262 161 2289 de
175 2269 205 2288 ea
217 2259 407 2295 disputationes
420 2258 508 2296 legere
519 2259 602 2292 jacobi
613 2262 712 2295 Cujacn
725 2258 770 2286 lib.
785 2269 810 2286 2.
826 2259 1068 2290 Observationum,
1090 2267 1146 2293 cap·
1165 2268 1210 2285 21·
1226 2259 1252 2285 &
1267 2257 1314 2285 lib.
1331 2268 1372 2294 14.
1392 2268 1422 2287 ac
1434 2259 1517 2291 jacobi
1525 2260 1661 2287 ΙίιετανιείἳΑ

63 2298 132 2328 libro
151 2298 274 2337 singulari
291 2297 325 2325 de
345 2296 500 2327 auitoritate
515 2297 682 2333 prudentium
695 2318 702 2330 ,
729 2306 786 2334 cap.
804 2307 844 2326 12.
865 2300 954 2336 Atque
971 2296 1011 2325 hae
1030 2297 1064 2325 de
1082 2296 1246 2325 testamentis
1265 2295 1336 2334 leges
1356 2306 1388 2325 ex
1408 2298 1539 2327 veteribus
1556 2298 1660 2326 adhuc-

63 2345 161 2367 extant.

1536 2412 1642 2441 CAm‘
