2075 2734
378 132 428 150 ,Μ
698 119 1140 154 ANriQuirarun
1180 116 1526 144 Roninnfxnum
1567 119 1694 147 L1s.11.

368 170 482 205 Jupitcr,
503 169 528 196 id
551 168 603 199 est,
616 170 712 202 juvans
724 176 815 201 pater,
836 177 918 204 quem
938 167 1071 195 conversis
1091 166 1190 195 casibus
1211 166 1373 204 appellamus
1394 166 1406 194 ἐ]
1427 165 1546 202 juvando
1558 164 1672 202 Jovem‚
1691 165 1808 198 &Poetis
1823 173 1903 198 Pater
1913 171 1955 199 di.

369 217 479 246 tumque
491 205 669 243 hominumque
682 205 786 233 dicitur.
814 207 880 232 Sunt
895 206 939 242 qui
954 204 1035 241 Jowh
1049 215 1153 234 nomen
1166 205 1198 234 ab
1213 205 1347 234 Hebraico
1363 205 1427 228 ΠῚΤΓ
1443 203 1546 241 Jehova
1560 212 1653 232 ortum
1667 205 1718 233 effe
1733 206 1829 239 velint,
1852 209 1923 246 quod
1939 208 1953 238 ὲ

370 246 481 271 veritate
495 251 550 271 non
567 243 672 270 ridetur
687 241 767 279 usque
781 242 849 270 adeo
864 244 914 271 effi:
929 243 1055 272 alienum.
1074 248 1161 276 joves,
1180 245 1268 280 inquit
1283 244 1342 271 Cic.
1356 251 1409 272 tres
1423 250 1567 271 numerant
1582 242 1632 274 ilii,
1655 244 1700 281 qui
1714 243 1848 283 Theologi
1862 249 1953 276 nomi-

367 291 477 310 nantur:
498 290 530 308 ex
552 280 646 317 quibus
665 281 788 317 primum·
802 284 828 309 ἃ
847 279 992 311 secundum
1008 291 1085 312 natos
1099 283 1127 311 in
1142 282 1269 314 Arcadia,
1290 282 1402 309 alterum
1416 289 1493 319 patre
1506 281 1620 313 AEthere,
1641 291 1673 310 ex
1687 290 1742 319 quo
1756 283 1837 310 etiam
1852 286 1953 319 Pro-ler-

360 319 451 355 ,pm-m
471 328 562 347 natam
583 317 671 346 ferunt
692 320 718 346 ἃ
739 317 873 346 Libe-mm:
893 320 1007 348 alterum
1027 329 1103 359 patre
1118 320 1200 353 Coelo,
1221 321 1267 357 qui
1280 320 1398 358 genuiss'e
1410 320 1557 347 Minervam
1572 320 1683 351 dicitur,
1705 329 1787 357 quam
1800 322 1950 359 principem

368 361 395 386 ἃ
408 358 586 385 inventricem
601 356 664 383 belli
677 356 775 384 ferunt.
809 359 935 386 Tertium
951 359 1109 388 Cretensem
1126 359 1230 386 Saturni
1245 358 1330 386 filium
1345 369 1350 385 z
1371 359 1445 396 cujus
1460 359 1486 386 in
1502 358 1543 386 illa
1558 357 1638 386 insula
1652 357 1821 394 sepulchrum
1837 361 1951 389 ostendi-

366 404 418 424 tur.
453 400 527 422 Varro
549 394 643 421 alicubi
663 393 751 422 scribit
761 415 767 426 ,
787 394 813 422 se
835 406 867 423 ex
883 398 953 425 varia
966 397 1083 426 leffione
1096 403 1168 431 joves
1182 406 1237 424 ccc.
1251 397 1392 429 invenifle,
1411 398 1456 435 qui
1470 397 1533 425 hinc
1547 397 1609 424 inde
1623 398 1651 424 in
1666 405 1798 425 terrarum
1813 398 1879 426 orbe
1894 399 1951 427 fue.

367 435 422 462 rint
435 433 506 460 culti.
527 432 576 459 Sed
591 442 639 460 nos
654 433 688 459 de
702 432 818 471 Cretensi
830 434 904 471 Jove
923 436 1057 469 dicemus,
1078 437 1125 474 qui
1139 434 1245 462 Saturni
1260 436 1301 468 ξς
1312 436 1382 462 Rhsae
1396 435 1448 464 five
1463 435 1522 470 Opis
1538 436 1604 463 fliius
1618 434 1682 463 fuit.
1702 436 1812 473 dequo,
1827 437 1885 473 quis
1894 437 1951 466 fue-

367 473 403 500 n't
417 491 424 502 ‚
453 474 479 499 ἃ
494 470 587 507 quibus
601 471 634 498 de
647 471 725 499 causis
741 472 826 500 divini
837 473 952 503 honores
965 475 1012 512 ipsi
1025 475 1075 504 fint
1090 473 1200 503 exhibiti
1215 494 1222 504 ,
1250 474 1305 501 hacc
1318 475 1399 501 tradit
1412 475 1535 501 Diodorus
1550 473 1645 500 Siculus
1660 485 1668 499 :
1695 475 1738 501 De
1751 474 1821 506 Jovis
1835 484 1952 512 genere,

366 516 444 545 atque
464 508 581 544 imperio
598 508 732 537 dubitatur
747 521 752 537 ;
780 520 844 539 narn
866 512 1021 549 quibusdam
1036 515 1120 552 placet
1135 533 1142 543 ‚
1169 512 1309 548 postquam
1332 516 1458 538 Saturnus
1471 513 1504 540 ad
1524 514 1597 540 Deos
1611 512 1711 540 translit
1724 533 1732 544 ³
1758 512 1896 549 suscepisti?
1910 523 1951 542 re-

366 555 451 583 gnum
461 548 475 577 ,'
489 556 544 574 non
567 547 593 572 vi
613 554 719 584 patrem
741 549 880 585 expuliffe,
900 551 1020 589 justeque
1040 555 1067 580 δε
1080 548 1202 588 legitime
1216 559 1301 586 regno
1314 551 1443 586 potitum.
1483 550 1536 578 Alii
1547 555 1657 577 Saturno
1671 551 1766 578 volunt
1780 552 1808 578 in
1823 559 1885 579 ortu
1900 552 1950 581 filii

366 583 534 622 responsum,
555 583 613 612 fore
627 592 655 613 ut
669 585 702 615 ab
716 591 777 619 Jove
792 589 818 615 vi
832 597 918 625 regno
932 591 1081 626 pelleretur.
1103 591 1171 628 Qae
1183 597 1223 615 res
1237 592 1378 615 Saturnum
1393 588 1545 624 impulerit,
1564 594 1596 614 ut
1610 587 1677 615 filios
1693 588 1782 624 saepius
1793 590 1948 625 perimeret.

366 623 401 651 Id
413 620 480 659 aegre
495 623 582 651 ferens
595 624 669 658 Opis,
689 634 752 652 cum
766 625 817 654 viri
831 628 934 655 animus
948 629 1045 665 placari
1058 637 1113 656 non
1126 626 1212 663 poffet
1224 647 1230 658 ‚
1251 630 1339 658 Jotem
1354 627 1382 654 in
1396 626 1443 653 Ida
1457 626 1489 653 ab
1502 626 1528 653 se
1542 626 1646 653 editum
1660 647 1668 657 ,
1688 625 1759 653 clam
1773 627 1947 657 nutriendum

365 659 514 693 Curetibus,
533 660 609 697 juxta
625 661 678 690 Idae
691 670 816 692 montem
830 665 1007 694 habitantibus
1020 667 1102 694 dcdit.
1128 666 1165 693 Hi
1179 666 1205 692 in
1220 671 1328 692 antrum
1344 665 1377 692 ad
1393 663 1551 701 Nymphas,
1571 664 1764 692 commendata
1777 664 1826 691 illis
1840 666 1949 695 iniantis

365 707 427 726 Cura
442 719 448 729 ‚
469 698 629 728 detulerunt.
664 701 746 729 Laere
767 712 849 739 caprae
860 724 867 735 ,
896 714 952 741 quae
967 704 1103 732 Amalthea
1115 703 1186 731 dic‘ta
1200 704 1235 731 est
1249 724 1257 734 ,
1278 703 1409 740 melleque
1424 704 1548 731 educatus
1562 703 1607 730 est.
1647 704 1678 730 ln
1693 703 1740 730 Ida
1753 711 1860 731 antrum
1874 724 1882 735 ,
1903 704 1949 733 ubi

365 736 480 765 nutritus
494 737 606 771 dicitur,
627 736 730 766 sperum
745 740 794 772 est,
817 744 843 770 ὃς
857 743 926 770 circa
941 742 1018 774 illud,
1040 750 1114 781 prata
1128 750 1239 775 manent
1252 741 1359 769 intafta.
1387 744 1488 775 Capra,
1509 751 1566 779 quae
1582 750 1644 769 eum
1658 741 1767 772 nutriit,
1788 743 1815 769 δε
1830 741 1873 769 alii
1886 741 1947 771 sunt

365 774 481 802 honores
501 775 628 812 impensu
650 779 677 805 &
691 777 764 807 locus
779 779 834 815 ejus
848 781 885 807 est
898 780 1022 818 AEgiochus
1035 789 1153 809 vocatuS.
1181 778 1395 808 Adolescemiam
1411 779 1538 817 egressus,
1558 781 1586 806 in
1600 780 1645 807 Ida
1659 778 1704 806 ubi
1717 780 1823 816 genitus
1837 780 1888 812 est,
1909 781 1946 809 ci-

364 814 480 841 vitatem
494 812 631 846 condidit,
653 816 727 852 cujus
740 818 915 853 postmodum
929 819 1067 847 dest1·u6tae
1080 820 1230 847 etiamnum
1246 826 1337 846 extant
1350 817 1473 854 reliquiae.
1502 818 1616 846 Exceffit
1629 817 1671 845 hic
1686 818 1759 845 Deus
1772 817 1946 851 fortitudine,

365 852 393 879 &
407 851 507 879 caeteris
521 852 664 881 virtutibus
678 862 786 883 omnes:
807 864 918 893 accepto
932 859 1005 885 enim
1018 858 1077 894 post
1089 862 1230 884 Saturnum
1244 865 1328 893 regno
1344 857 1463 883 maxima
1476 877 1483 887 ,
1503 855 1670 893 plurimaque
1683 855 1798 884 contulit
1810 857 1843 883 ad
1857 855 1948 884 homi-

363 898 432 916 num
445 890 539 916 vitam.
560 890 666 919 Primus
679 894 804 920 omnium
817 894 944 930 justitiam
958 897 1052 924 docuit
1067 903 1164 923 mutuo
1178 895 1273 922 servari
1287 896 1356 923 inter
1371 894 1512 925 mortales,
1533 895 1610 922 omni
1625 895 1650 923 vi
1665 902 1744 931 atque
1752 894 1850 930 injuria
1856 905 1947 922 remo-

363 927 406 954 tis.
427 927 500 954 Lites
511 936 542 955 ac
557 930 744 958 contentiones
756 932 859 968 judicio
872 933 1006 966 auferens,
1027 934 1140 972 fingula‚
1162 943 1218 970 quae
1232 933 1264 960 ad
1271 932 1347 960 bene
1360 933 1507 960 vivendum
1522 943 1552 960 ac
1564 942 1659 969 pacem
1674 934 1853 970 pertinerent,
1875 934 1946 960 ium-

365 974 413 992 ma
426 973 478 1000 ope
491 968 653 1001 procuravit.
684 969 773 997 Bonos
787 970 819 997 ad
833 971 963 1000 virtutem
978 972 1130 1001 exhortatus
1146 973 1194 999 est:
1215 971 1354 1009 improbos
1368 972 1468 998 timore
1482 973 1603 1000 coercuit
1615 980 1646 999 ac
1658 981 1753 1008 poena:
1773 980 1888 998 omnem
1899 980 1946 1007 pe-

365 1001 400 1030 ne
423 1002 519 1043 orbem
534 1004 710 1039 circumiens,
730 1007 798 1036 bello
812 1009 902 1045 impiis
917 1020 948 1038 ac
959 1010 1128 1048 praedonibus
1141 1010 1256 1041 indicto,
1278 1011 1431 1047 aequitatem
1446 1019 1476 1037 ac
1489 1010 1561 1047 leges
1574 1010 1731 1039 introduxit.
1771 1010 1820 1036 Per
1834 1009 1862 1037 id
1877 1017 1947 1037 tem-

363 1049 413 1077 pus
435 1042 463 1069 &
477 1045 597 1079 Gigantes
611 1043 643 1071 ab
659 1054 692 1071 eo
704 1044 818 1075 sublatos
832 1047 907 1084 ajunt
919 1058 924 1075 z
953 1050 981 1077 in
995 1049 1078 1077 Creta
1093 1048 1203 1086 quidem
1217 1047 1339 1075 Ms'lmum
1352 1069 1359 1080 ‚
1386 1048 1414 1075 in
1430 1047 1542 1086 lhrygia
1555 1049 1701 1087 Typhonem.
1743 1049 1815 1076 Ante
1826 1055 1947 1085 pugnam

363 1087 426 1116 quae,
435 1088 499 1106 cum
512 1080 673 1118 Gigantibus
687 1083 716 1110 in
729 1084 813 1113 Creta
825 1085 914 1114 habita
927 1087 978 1119 est,
997 1091 1080 1115 Iovem
1094 1085 1245 1115 fircrificasse
1258 1087 1365 1117 dicunt,
1384 1084 1449 1117 Soli,
1470 1087 1553 1117 coelo,
1575 1096 1605 1114 ac
1617 1095 1694 1115 terrae
1706 1086 1816 1114 bovem.
1835 1087 1901 1123 Qee
1909 1085 1948 1113 sa-

363 1126 408 1144 cra
420 1119 503 1145 Iovem
518 1117 577 1145 fore
590 1119 755 1157 superiorem
770 1125 972 1159 portendentia,
993 1127 1115 1162 primum
1130 1126 1213 1153 viresv
1237 1127 1262 1153 ἃ
1276 1124 1308 1151 ab
1322 1124 1438 1152 hostibus
1450 1124 1647 1157 defeetionem,
1662 1132 1722 1152 turn
1736 1126 1819 1152 finem
1832 1123 1894 1152 belli
1905 1123 1945 1151 fu-

361 1162 454 1183 turum
468 1157 660 1187 monstrarunt.
679 1161 784 1194 Maskas
799 1163 898 1200 quippe
911 1162 943 1190 ab
958 1164 994 1191 eis
1007 1163 1132 1195 descivit,
1147 1164 1236 1200 obque
1249 1163 1276 1190 id
1291 1163 1315 1190 ei
1328 1163 1443 1190 honores
1451 1163 1556 1191 tributi:
1572 1162 1650 1191 &Diis
1657 1170 1747 1190 autern
1757 1171 1853 1189 omnes
1860 1161 1946 1189 hostes

363 1192 419 1220 caefi
441 1192 508 1220 sunt.
536 1195 586 1222 Sed
602 1198 628 1224 ἃ
643 1197 708 1224 alios
724 1207 831 1236 quoque
845 1201 903 1228 Diis
917 1201 1066 1236 praefidium
1081 1201 1144 1228 belli
1157 1202 1241 1229 tulifl‘e
1254 1201 1375 1228 adversus
1388 1205 1508 1238 Gsgantes
1522 1202 1631 1229 constat.
1657 1201 1819 1228 Macedones
1834 1201 1944 1236 quidam

361 1231 433 1258 circa
455 1230 603 1264 Pallenam,
625 1234 652 1261 in
673 1244 771 1272 campo
791 1246 873 1272 quem
893 1239 959 1265 olim
975 1238 989 1264 a
1002 1240 1054 1266 loci
1068 1239 1279 1275 conflagratione
1292 1239 1457 1274 Phlegraeum,
1477 1239 1652 1272 postmodum
1664 1242 1788 1273 Cymaeum
1803 1239 1946 1273 cognomi-

363 1275 459 1295 uarunt
472 1279 480 1299 5
507 1270 723 1298 animadversum
745 1272 796 1301 effe
816 1274 847 1301 ab
862 1277 932 1313 Jove
946 1276 972 1303 in
988 1277 1117 1313 Gigantes
1132 1276 1167 1304 ob
1182 1284 1242 1303 eam
1257 1273 1361 1303 causam
1375 1275 1468 1302 dicunt
1481 1295 1489 1306 ,
1515 1275 1588 1312 quod
1607 1274 1792 1312 magnitudine
1805 1283 1835 1301 ac
1847 1274 1946 1302 robore

362 1316 410 1334 cor
412 1315 462 1342 P01’
463 1306 483 1332 15
497 1307 602 1339 confifi,
623 1309 776 1347 adversique
790 1311 891 1350 legibus
906 1315 933 1342 ὃς
946 1314 1031 1343 multa
1046 1322 1150 1352 egerint
1163 1315 1192 1342 in
1204 1314 1328 1342 homines
1342 1313 1450 1350 injusta,
1473 1315 1499 1342 &
1511 1314 1675 1351 propinquas
1687 1320 1781 1349 gentes
1794 1314 1820 1340 in
1835 1311 1945 1341 fiervitu-

361 1353 420 1373 tem
436 1345 603 1382 redegerint,
618 1346 772 1385 bellumque
784 1349 824 1378 his
838 1351 975 1379 intulerint
985 1372 992 1383 ‚
1006 1354 1051 1388 qui
1066 1352 1101 1379 ob
1115 1352 1256 1390 fingularia
1270 1353 1297 1379 in
1311 1361 1407 1385 omnes
1421 1352 1540 1378 nationes
1553 1351 1680 1380 benet-{cia
1695 1351 1742 1378 Dis
1755 1351 1805 1379 lint
1813 1351 1944 1379 existima-

362 1383 393 1411 ti.
427 1383 557 1410 Feruntur
570 1383 602 1410 ab
617 1389 672 1412 love
687 1395 742 1413 non
755 1386 843 1414 solum
857 1389 949 1425 impii,
970 1389 1119 1426 nefariique
1132 1391 1228 1421 deleti,
1249 1389 1293 1416 sed
1306 1390 1388 1416 etiam
1404 1389 1475 1419 Diis,
1495 1388 1672 1427 heroibusque
1685 1398 1715 1416 ac
1729 1388 1884 1417 hominibus
1897 1389 1943 1417 be-

361 1430 396 1449 ne
410 1421 513 1448 meritis
525 1421 641 1451 honores
656 1424 776 1460 impensi.
809 1427 922 1462 Propter
936 1427 991 1463 ejus
1005 1427 1211 1456 beneficentiam
1220 1449 1227 1459 ,
1246 1428 1408 1464 imperiique
1420 1427 1635 1464 magnitudinem
1651 1449 1657 1460 ‚
1678 1428 1807 1456 omnium
1818 1426 1945 1455 consensu

361 1462 389 1487 ὃς
404 1467 518 1496 regnum
534 1468 693 1497 perpetuum
708 1462 840 1491 tributum
854 1465 890 1492 est
903 1486 910 1497 ,
933 1467 959 1493 ἃ
974 1464 1102 1494 habitatio
1116 1467 1143 1494 in
1158 1466 1288 1503 Olympo.
1321 1464 1448 1500 Sacrificm
1462 1465 1566 1500 insuper
1579 1466 1617 1494 illi
1631 1465 1707 1501 super
1720 1474 1829 1493 exteros
1843 1466 1946 1493 statuta.

361 1497 457 1535 Postea*
467 1496 532 1524 vero
548 1507 629 1535 quam
643 1500 670 1527 in
684 1500 785 1529 coelum
799 1501 899 1533 delatus
914 1504 965 1535 est,
988 1505 1123 1532 memoria
1138 1504 1258 1532 nominis
1271 1504 1327 1540 ejus
1340 1504 1437 1531 animis
1451 1502 1609 1536 hominum,
1631 1505 1657 1531 in
1673 1503 1873 1540 quosbeneficia
1880 1513 1945 1531 con-

361 1534 438 1565 tulit,
459 1533 527 1561 adeo
542 1536 621 1565 infixa
636 1539 795 1573 permanfit,
816 1548 845 1568 ut
859 1542 1001 1574 omnium,
1023 1552 1080 1579 quae
1094 1543 1121 1570 in
1133 1542 1204 1570 coelo
1219 1541 1312 1570 fierent
1322 1563 1328 1573 ,
1343 1541 1568 1573 velutimbrium‚
1583 1542 1734 1570 tonitruum
1743 1551 1773 1569 ac
1780 1541 1943 1572 fulminum,

361 1580 575 1608 caeterorumque
596 1575 729 1610 ejufinodi
748 1585 844 1612 potens
863 1579 1065 1608 existimaretur.
1104 1581 1196 1618 Itaque
1217 1581 1289 1616 quod
1304 1580 1363 1607 vitae
1376 1579 1449 1607 causa
1461 1579 1616 1608 hominibus
1629 1580 1680 1606 effe
1696 1580 1829 1606 videretur
1843 1598 1851 1609 ‚
1878 1588 1942 1605 cum

361 1609 462 1637 fruetus
477 1617 552 1637 terrae
565 1613 597 1639 ad
614 1615 797 1642 maturitatem
812 1619 981 1652 perduceret,
996 1620 1079 1645 Iovem
1087 1619 1187 1646 dixere.
1208 1620 1315 1645 Patrem
1324 1616 1403 1648 vero,
1420 1626 1478 1645 tum
1487 1618 1717 1654 quiaiingulorum
1725 1615 1942 1653 susceperitsum-

362 1657 408 1675 ma
429 1657 491 1675 cum
512 1648 696 1679 benevolentia
715 1662 827 1684 curam3
855 1662 914 1682 tum
935 1657 995 1692 quia
1017 1663 1144 1693 tanquam
1165 1658 1227 1684 Dux
1248 1655 1402 1683 hominibus
1416 1656 1534 1683 extiterit
1546 1656 1619 1683 redte
1632 1655 1740 1682 vivendi
1753 1655 1900 1691 imperator
1913 1663 1943 1682 ac

362 1687 422 1714 Rex
438 1706 445 1717 ‚
474 1685 508 1713 ob
526 1688 632 1724 imperii
646 1689 851 1726 amplitudinem
867 1703 872 1719 z
898 1693 1035 1721 consultor
1047 1704 1078 1722 ac
1092 1695 1221 1731 providus
1235 1714 1242 1726 ,
1269 1701 1379 1730 propter
1391 1693 1543 1721 confidendi
1556 1693 1729 1730 prudentiam
1740 1693 1885 1729 appellatus
1898 1693 1942 1720 est.

361 1725 497 1752 Hastessus
517 1725 659 1754 Diodorus:
678 1729 749 1757 unde
761 1729 900 1763 discimus,
921 1741 978 1768 quae
991 1733 1079 1769 prima
1093 1733 1172 1769 origo
1188 1732 1294 1760 colendi
1307 1732 1383 1770 Jovis
1400 1731 1487 1759 fuerit.
1512 1730 1710 1759 Simulachrum
1721 1731 1778 1767 ejus
1790 1741 1840 1769 pro
1853 1731 1943 1758 diver-

359 1761 387 1804 sa
401 1763 438 1790 illi
451 1763 581 1804 potestate
594 1765 734 1799 attributa,
755 1767 826 1796 varie
841 1768 891 1796 fuit
903 1770 1035 1798 effictum.
1064 1771 1240 1808 Fingebatur,
1261 1777 1290 1797 ut
1303 1771 1340 1797 ait
1352 1769 1479 1802 Albricus,
1498 1770 1525 1797 in
1540 1769 1640 1797 throno
1653 1769 1771 1797 eburneo
1784 1771 1813 1797 in
1827 1768 1871 1797 sua
1883 1778 1941 1797 ma-

359 1801 457 1836 jestatis
478 1802 538 1829 rede
558 1802 662 1831 sedens:
675 1805 802 1839 fieptrum
822 1806 920 1844 regium
940 1808 968 1835 in
983 1818 1066 1836 manu
1078 1809 1177 1836 sinistra
1190 1816 1294 1836 tenens:
1315 1807 1396 1836 altera
1410 1807 1594 1843 verosulmina
1607 1808 1640 1835 ad
1653 1807 1754 1834 inferos
1767 1808 1893 1839 mittens,
1913 1810 1941 1836 δζ

361 1838 482 1875 Gtgantes
503 1840 631 1876 repressos
652 1841 782 1876 fulmine,
804 1853 896 1873 tenens
917 1845 962 1873 sub
978 1846 1104 1882 pedibus,
1125 1848 1152 1875 δε
1166 1846 1331 1874 conculcans.
1369 1848 1450 1883 Juxta
1463 1854 1526 1872 eum
1540 1844 1605 1873 vero
1620 1847 1741 1881 quaedam
1760 1845 1861 1883 aquila,
1883 1854 1941 1881 quae

362 1877 454 1904 volans
470 1877 541 1906 inter
555 1879 636 1915 pedes
649 1880 707 1908 suos
722 1883 857 1920 quendam
871 1883 1083 1920 pulcherrimum
1096 1885 1226 1920 juvenem
1241 1905 1248 1916 ‚
1274 1883 1372 1911 scilicet
1385 1884 1553 1921 Ganymedem·
1567 1904 1574 1915 ‚
1600 1890 1707 1918 raptum
1723 1883 1846 1919 portabat
1860 1903 1867 1914 ,
1894 1885 1940 1910 ha-

362 1912 472 1942 bentem
486 1917 514 1943 in
529 1927 611 1945 manu
623 1927 744 1947 craterem
754 1941 761 1952 ,
781 1928 811 1948 ut
825 1923 888 1959 jovi
901 1922 1030 1958 poculum
1044 1923 1208 1958 propinaret.
1247 1925 1311 1950 Haec
1326 1922 1354 1948 in
1366 1930 1464 1959 genere
1475 1922 1509 1948 de
1523 1924 1593 1959 Jove
1607 1930 1639 1949 ex
1653 1921 1796 1949 traditione
1809 1919 1888 1948 Diod.
1898 1920 1940 1947 si-

360 1952 409 1977 ‘ul1
418 1972 426 1983 ‚
447 1963 509 1981 curn
524 1965 577 1992 quo
591 1957 673 1984 etiam
687 1956 803 1986 sentiunt
818 1959 987 1993 Apollodorus,
1014 1960 1115 1987 Servius
1131 1959 1332 1987 Grammaticus
1346 1962 1372 1987 ὃς
1385 1960 1437 1987 alii.
1469 1961 1532 1997 Jam
1547 1959 1611 1987 vero
1625 1958 1707 1986 etiam
1721 1960 1755 1987 de
1768 1959 1939 1996 cognomini-

361 1988 423 2020 bus,
444 2000 500 2027 qux
513 1992 601 2030 jovia
619 1996 750 2023 Romanis
763 1996 859 2028 indita,
881 1999 908 2025 ἃ
923 1997 957 2025 de
971 1998 1094 2034 templis,
1115 2007 1172 2034 quae
1187 1999 1214 2026 in
1228 1998 1362 2026 honorem
1376 1998 1432 2034 ejus
1445 1998 1592 2026 construeta
1606 1997 1726 2026 fuerunt,
1744 2006 1863 2034 agamus.
1883 1998 1939 2024 Pri-

361 2036 406 2069 ma
421 2029 573 2063 appellatio,
594 2040 650 2068 quae
664 2034 692 2060 in
707 2035 832 2062 Romana
846 2034 952 2063 historia
966 2036 1083 2064 occurrit
1096 2057 1104 2068 ,
1124 2035 1160 2062 est
1175 2034 1254 2072 Jovis
1266 2034 1383 2072 indigetis
1393 2057 1402 2068 ‚
1422 2045 1474 2074 qua
1483 2034 1649 2063 consecratus
1664 2034 1712 2062 fuit
1727 2038 1824 2064 AEneas.
1863 2035 1938 2064 Cum

362 2074 435 2106 emm
444 2067 506 2107 *post
520 2068 639 2104 praelium
654 2080 717 2098 cum
732 2072 836 2100 Rutulis
851 2075 877 2101 ὃς
892 2074 1032 2102 Mezentio
1045 2074 1150 2111 gestum
1164 2095 1171 2106 ,
1194 2084 1249 2102 non
1263 2074 1377 2110 amplius
1393 2080 1531 2110 appareret
1546 2094 1552 2105 ‚
1574 2076 1600 2102 Sc
1616 2073 1658 2101 alii
1674 2082 1736 2100 eum
1751 2075 1784 2102 ad
1799 2076 1871 2102 Deos
1887 2074 1936 2102 dis-

362 2103 473 2144 cesslsse,
494 2103 537 2145 alii
551 2114 675 2134 necatum
689 2109 717 2136 in
733 2110 846 2137 flumine
860 2111 928 2148 apud
946 2113 1018 2149 quod
1032 2119 1217 2149 pugnaverant
1230 2133 1237 2144 ‚
1256 2112 1439 2148 conjeetarent
1452 2132 1460 2144 ‚
1480 2112 1569 2140 Latini
1583 2112 1707 2140 sacellum
1722 2113 1769 2148 ipli
1782 2113 1937 2140 dicaverunt

359 2149 424 2180 curn
439 2139 608 2177 Instr1Ptione
622 2143 689 2172 hac:
718 2148 832 2176 Parni
854 2150 928 2176 Deo
951 2151 1129 2178 IND1GET1
1147 2171 1153 2181 ,
1182 2160 1246 2187 Qu
1268 2151 1413 2177 Numer
1444 2160 1554 2177 AMN1s
1587 2160 1704 2178 urnas
1734 2161 1937 2179 TEMPERAT.

360 2176 508 2220 Dtoryfius:
529 2182 573 2216 qui
587 2190 677 2209 tamen
693 2185 781 2217 addit,
800 2186 865 2217 effe,
886 2187 931 2223 qui
945 2187 971 2215 id
984 2187 1109 2216 ficellum
1124 2190 1228 2215 AEneam
1239 2187 1335 2215 dicaffe
1350 2185 1459 2222 Anchisa
1473 2188 1602 2216 defuneto
1615 2197 1677 2216 ante
1690 2188 1742 2216 hoc
1756 2188 1858 2217 bellum
1866 2196 1937 2218 anno

361 2225 490 2256 proximo
504 2216 630 2256 scribant:
652 2222 677 2247 ὃς
692 2222 742 2249 effe
755 2223 892 2251 tumulum
908 2234 964 2252 non
978 2235 1108 2264 magnum
1124 2247 1132 2258 ‚
1154 2228 1180 2254 ὃς
1195 2224 1298 2253 circum
1314 2227 1406 2263 dignas
1420 2224 1537 2262 spestatu
1551 2228 1578 2254 in
1593 2228 1718 2254 ordinem
1733 2228 1843 2264 digestas
1857 2226 1935 2255 arbo-

360 2263 410 2281 “³⁵-
450 2257 539 2298 L¹²ffus
551 2256 639 2292 apest&
649 2258 756 2286 testatur
763 2280 769 2290 ‚
790 2263 904 2289 AEneam
912 2261 1011 2299 Jovem
1018 2263 1154 2302 Indigetem
1162 2270 1345 2300 nuncupatum
1354 2263 1443 2294 fuifl‘e5
1464 2273 1526 2291 cum
1535 2274 1589 2301 quo
1597 2264 1681 2301 Festus
1690 2268 1715 2294 ὃ(
1723 2265 1774 2294 alii.
1813 2264 1884 2293 Alias
1897 2277 1937 2293 m-

360 2292 454 2335 flcgeres
462 2296 507 2319 Du
514 2293 579 2321 dieti
588 2295 693 2337 fuerunt
701 2297 733 2326 ii,
754 2298 839 2333 quiex
848 2299 1002 2329 hominibus
1010 2303 1080 2331 inter
1087 2304 1159 2330 Deos
1168 2302 1226 2330 sunt
1234 2302 1323 2333 relati,
1344 2301 1417 2340 quod
1425 2301 1524 2330 scilicet
1532 2303 1626 2331 nullius
1635 2304 1673 2331 rei
1681 2311 1790 2341 egeant,
1811 2303 1852 2331 vel
1860 2303 1934 2340 quod

360 2340 388 2356 1ss
398 2332 454 2370 Dus
460 2338 569 2374 agerent
578 2353 585 2364 ‚
606 2342 651 2373 qui
659 2342 690 2360 ex
699 2333 849 2376 hominibus
857 2338 890 2364 ad
903 2339 1072 2369 divinitatem
1080 2340 1264 2377 pervenifl'ent.
1296 2341 1418 2369 Aliorum
1426 2340 1603 2371 derivationes
1610 2343 1724 2380 prudens
1731 2342 1840 2371 omitto.
1857 2344 1936 2370 AEneae

355 2369 474 2406 ma'tgetts
481 2377 563 2398 etiam
571 2371 680 2399 omdms
687 2370 731 2400 hb.
744 2382 785 2409 14.
796 2375 909 2404 Metam.
921 2379 947 2405 ὅ(
955 2377 1069 2407 Tibullus
1075 2378 1121 2408 lib.
1130 2390 1155 2408 2.
1163 2380 1355 2408 meminerunt.

1822 2420 1838 2456 J
1847 2429 1864 2447 ο
1874 2430 1889 2447 v
1900 2429 1910 2447 1
1922 2431 1934 2449 s

1897 2526 1909 2536 p
