2075 2734
335 140 390 178 146
621 129 1451 168 ‘AanJm-xrumssomxuxnum
1491 122 1623 157 Lixum

988 206 1270 234 VESTA.

380 270 459 298 Unde
477 267 546 309 Vesta
566 276 668 297 nomen
682 266 830 304 acceperit,
851 265 922 294 inter
936 263 1078 302 scriptores
1090 272 1146 290 non
1161 261 1302 292 convenit:
1322 260 1436 290 Ovidius
1453 259 1527 288 enim
1543 258 1557 288 a
1572 257 1697 297 wistando
1712 260 1815 293 derivat
1824 260 1833 298 ᾖ
1853 272 1918 295 cum

342 308 446 338 scribit:
1783 315 1786 317 ’
1801 311 1805 316 ’

665 348 724 370 Stat
739 340 765 369 vi
780 350 848 370 terra
857 341 923 378 sua,
942 340 969 369 vi
975 339 1068 379 stando
1082 341 1160 369 Vesta
1175 348 1285 368 vocatur.
1638 374 1642 379 ν

380 385 434 415 Alii
448 385 460 413 ᾗ
476 382 595 419 vestiendo
605 403 612 415 ,
634 382 705 420 quod
720 389 789 409 terra
801 381 881 409 variis
893 388 953 408 tum
967 379 1069 411 herbis,
1090 387 1148 408 tum
1163 379 1273 417 plantis,
1295 376 1447 415 caeterisque
1459 376 1590 404 vestiatur.
1610 379 1694 404 Crcero
1704 376 1781 416 ¹Vestae
1793 379 1896 407 no'men
1910 378 1926 408 ὲ

341 426 439 453 Graecis
454 419 503 451 esse
518 422 587 449 vult:
603 421 640 448 Ea
655 421 744 451 enim,
759 420 861 457 inquit,
875 420 925 450 est,
943 428 999 456 quae
1012 418 1044 445 ab
1059 417 1108 446 illis
1123 422 1174 447 {51¹2
1188 418 1298 445 dicitur:
1315 416 1353 443 vis
1369 425 1459 444 autem
1474 415 1531 452 ejus
1545 415 1634 444 omnis
1642 415 1674 443 ad
1682 416 1857 445 aras&focos
1864 426 1923 454 per-

342 464 418 492 tinet.
439 460 522 488 Libro
535 459 568 487 de
583 459 789 487 Divinationum
802 457 941 495 generibus
954 457 1005 488 ait,
1024 455 1092 494 Veste
1108 458 1134 484 ἃ
1150 460 1210 487 ὲςίας
1224 464 1326 482 nomen
1341 454 1406 482 nihil
1419 454 1581 491 fignificare,
1601 463 1688 490 neque
1702 456 1863 483 Latinorum
1878 465 1924 484 ne-

345 510 396 537 que
410 501 567 527 Graecorum
582 497 687 534 lingua,
708 495 752 524 sed
766 503 907 533 utramque
921 505 1017 523 vocem
1035 496 1174 525 Latinam,
1197 496 1223 522 {k
1237 495 1360 520 Graecam
1368 492 1486 520 Hebraeae
1493 493 1604 529 originis
1612 493 1676 524 effe,
1692 494 1837 531 &quidem
1845 503 1922 521 com-

342 537 456 574 potitam
472 546 503 564 ex
519 534 602 570 Efthia
616 556 623 567 ‚
645 535 717 573 quod
731 533 815 572 ignem
829 534 882 561 Dei
894 534 1023 571 fignificat
1037 543 1041 559 :
1068 533 1138 560 unde
1153 533 1234 559 etiam
1248 530 1344 567 probat
1360 529 1428 558 hanc
1441 530 1546 558 colendi
1560 531 1627 568 ignis
1641 530 1861 560 consuetudinem
1877 532 1923 560 de-

343 574 445 602 fluxisse
460 574 473 602 a
490 573 623 604 Patribus,
645 576 671 602 ἃ
685 572 834 602 remanfisse
848 573 917 600 inter
932 571 1059 599 Ethnicos
1073 581 1136 599 cum
1152 571 1225 598 tenui
1240 568 1336 609 umbra
1348 568 1556 609 depravatorum
1569 570 1680 597 rituum.
1713 570 1772 598 Fuit
1790 568 1874 606 V‘st*'⁵
1894 578 1925 600 ut

341 612 420 640 Diod.
430 612 525 639 Suulm
540 614 566 640 ἃ
581 611 739 646 Apollodorus
753 610 864 642 volunt,
884 611 988 638 Saturni
1005 609 1068 636 tilia:
1091 617 1120 637 ut
1134 607 1198 637 vero
1214 606 1354 645 Qvfabtus
1368 605 1466 640 l’tc‘hr,
1487 607 1548 644 Jani
1562 616 1644 638 uxor,
1665 608 1707 635 cui
1721 609 1803 635 etiam
1810 608 1923 644 adstipu-

341 650 410 678 latur
432 651 534 684 Berofhs
556 649 615 681 ille,
635 650 668 677 de
690 659 744 687 quo
764 656 856 677 tamen
870 649 967 676 eruditi
981 657 1036 676 non
1050 647 1103 674 fine
1119 645 1193 675 causa
1207 646 1342 677 dubitant,
1363 645 1410 682 qui
1425 653 1485 685 eam
1502 646 1584 676 Noae,
1606 645 1651 682 qui
1666 643 1758 680 Janus
1770 647 1856 674 dietus
1871 647 1908 673 est
1918 667 1926 679 ‚

345 688 420 716 fuiffe
436 698 548 716 uxorem
563 687 695 719 scribunt,
717 687 791 723 cujus
805 687 947 724 proprium
962 695 1063 714 nomen
1078 695 1141 713 cum
1155 685 1207 712 fuer
1215 685 1236 712 it
1249 688 1274 711 Τ
1272 684 1342 717 idea,
1361 687 1496 714 Aratum,
1512 683 1539 710 id
1553 682 1605 714 est,
1618 691 1733 716 terram,
1749 683 1884 722 &Estam,
1898 685 1926 712 id

345 726 381 753 est
390 747 396 758 ,
410 726 507 764 sgnerm
523 726 581 763 post
590 734 714 758 ,mortem
729 734 789 753 eam
803 726 1025 763 cognominatam
1040 723 1106 755 effe,
1121 724 1182 761 quia
1196 721 1282 750 fuiss'et
1297 722 1403 758 Regina
1417 721 1553 750 sacrorum
1570 722 1596 749 &
1609 720 1708 758 puellas
1721 721 1851 750 docuisset
1858 722 1927 750 sem-

344 765 482 801 piternum
497 766 589 802 ignem
603 763 738 792 ficrorum
753 763 931 792 inextinetum
946 763 1057 790 servare.
1589 796 1594 801 .

386 803 581 830 Simulachmm
595 802 650 838 ejus
664 803 767 830 varium
782 801 840 829 fuit.
877 801 1039 838 Fingebatur
1051 808 1243 836 nonnunquam
1261 797 1349 825 forma
1363 797 1482 825 mulieris
1496 796 1622 827 sedentis,
1644 798 1671 824 ἃ
1684 797 1808 833 gestantis
1822 805 1928 835 tympa-

347 850 429 872 num,
444 841 516 878 quod
531 849 602 868 terra
617 848 711 868 ventos
725 841 752 867 in
766 839 792 867 se
807 840 955 867 contineat:
970 838 1105 867 interdum
1120 838 1208 868 aliter,
1223 846 1250 864 ut
1265 837 1377 864 ostendit
1388 836 1447 867 hic,
1462 844 1544 872 quem
1552 835 1651 876 adieci,
1664 844 1809 867 nummus,
1822 844 1928 864 notatus

348 878 436 907 littera
453 881 491 907 M.
512 880 571 906 Fuit
586 876 654 916 Vesta
669 879 714 906 diu
728 885 789 905 ante
804 879 925 904 Romam
940 877 1078 905 conditam
1093 875 1161 903 culta
1175 875 1305 908 ixi-Italia,
1321 873 1632 909 maximeaTyrrhenis‚
1649 872 1820 912 testeMyrfilo
1827 874 1928 907 Lesbto,

348 918 392 954 qui
408 926 468 944 eam
483 916 686 953 Tyrrhenorum
701 916 791 954 lingua
802 914 894 942 Labith
908 913 1042 942 Horchiam
1057 914 1215 950 appellatam
1230 912 1294 943 effe,
1313 913 1393 945 dicit,
1407 920 1487 950 quam
1504 911 1712 948 appellationem
1726 913 1809 939 etiam
1822 913 1930 941 :merore

350 955 474 986 Herodoto
487 955 555 991 apud
570 955 680 991 Scythas
693 954 793 983 habuit.
1285 956 1296 991 J

392 992 531 1020 Macrobms
552 1002 612 1020 eam
629 1002 710 1020 unam
732 1002 764 1021 ex
779 992 837 1020 Diis
856 990 1074 1019 Samothracibus
1087 1011 1095 1022 ,
1122 989 1175 1017 five
1195 988 1332 1016 Penanbus
1345 1010 1351 1020 ‚
1381 989 1422 1016 vel
1435 988 1528 1017 saltem
1545 997 1641 1015 eorum
1655 988 1789 1015 comitem
1803 988 1854 1020 effe
1867 987 1934 1016 vult.

350 1031 421 1059 Huic
436 1030 505 1068 ignis
518 1031 589 1059 sacer
602 1032 654 1063 est,
676 1033 702 1059 ὅ(
717 1030 730 1058 -Σι
746 1030 906 1068 virginibus,
927 1039 984 1066 quae
995 1029 1031 1056 ob
1044 1029 1097 1057 hoc
1112 1026 1216 1065 Vestales
1230 1029 1367 1058 dicuntur,
1389 1028 1547 1059 custoditur,
1568 1027 1602 1054 de
1617 1024 1711 1062 quibus
1724 1025 1800 1058 alibi,
1820 1027 1931 1054 tandem

351 1069 434 1097 etiam
450 1069 463 1096 a
479 1070 612 1097 Romanis
626 1068 696 1096 culta
709 1068 768 1096 suit.
791 1068 843 1096 Alii
857 1067 889 1094 ab
905 1067 1027 1095 Romulo
1041 1075 1135 1104 putant
1149 1067 1173 1094 ei
1188 1065 1321 1101 templum
1333 1065 1455 1102 primum
1470 1065 1610 1093 conditum
1627 1063 1714 1090 fuiffe:
1727 1063 1811 1092 aliiab
1821 1065 1931 1105 Numa,

350 1107 424 1143 quod
440 1106 498 1135 libr.
508 1118 532 1135 2.
549 1107 722 1135 vehementer
734 1106 836 1144 D'ffff
847 1105 961 1141 probare
974 1106 1082 1133 nititur:
1105 1106 1150 1141 qui
1164 1112 1256 1132 tamen
1271 1104 1351 1140 paulo
1365 1112 1425 1132 ante
1441 1103 1540 1134 scribit,
1556 1104 1583 1131 ἃ
1599 1111 1662 1129 cum
1677 1111 1709 1129 eo
1723 1106 1857 1130 Terentius
1870 1106 1933 1132 Va'r.

349 1154 391 1176 ro,
411 1146 507 1173 Titum
520 1146 631 1173 Tatium
645 1143 814 1181 receptum‘a
830 1143 952 1171 Romulo
966 1145 993 1170 in
1007 1144 1084 1181 regni
1091 1142 1246 1170 societatem
1255 1150 1314 1170 tum
1324 1142 1380 1170 aliis
1386 1143 1459 1174 Diis,
1474 1150 1534 1170 tum
1541 1140 1626 1169 Vestae
1633 1141 1715 1167 etiam
1723 1142 1860 1178 templum
1868 1151 1932 1172 con-

349 1182 450 1210 didissc.
477 1183 618 1217 onuphrius
640 1182 781 1210 Fanvimus
795 1183 823 1209 in
837 1181 1016 1217 descriptione
1027 1191 1089 1208 xiv.
1102 1181 1245 1217 regionum
1260 1180 1341 1209 Urbis
1354 1180 1482 1209 meminit
1494 1178 1591 1215 templi
1602 1177 1685 1214 Vesta,
1707 1180 1782 1212 aedis,
1797 1182 1826 1209 ὃς
1838 1181 1933 1209 aedicu-

353 1219 399 1251 lae,
419 1220 494 1255 cujus
506 1220 572 1248 ficut
585 1222 666 1248 etiam
682 1220 778 1256 templi
791 1219 919 1246 meminit
930 1223 1024 1245 Sextus
1034 1216 1139 1255 Ruffin,
1160 1220 1186 1245 δε
1203 1222 1234 1244 Ρ.
1241 1217 1332 1245 Vsc70r.
1900 1217 1902 1220 ’

392 1258 542 1294 Templum
565 1262 661 1285 Vas-r
673 1268 697 1285 ,ιε
718 1257 836 1284 extruxit
857 1259 948 1282 Numa
969 1255 1122 1289 Pomp1l1m‚
1141 1255 1174 1282 de
1195 1264 1249 1291 quo
1269 1254 1305 1282 sic
1326 1254 1494 1282 Plutarchus:
1514 1254 1643 1281 Traditur
1666 1255 1791 1281 Numam
1811 1255 1934 1284 custodiae

354 1294 427 1323 (auia
447 1296 558 1331 pei-enni
578 1296 640 1333 igne
656 1295 742 1323 Vestae
755 1292 891 1331 templum
907 1293 1111 1321 circumdedisse
1125 1304 1130 1320 ;
1166 1292 1231 1329 Ῑιιοά
1247 1293 1396 1321 rotundum
1410 1292 1443 1320 ab
1457 1301 1490 1320 eo
1505 1292 1660 1319 extructum
1673 1292 1724 1323 est,
1744 1301 1800 1319 non
1813 1300 1843 1321 ut
1858 1300 1935 1322 terrae

352 1335 363 1368 (
371 1333 440 1370 quasi
453 1343 482 1361 ea
496 1334 581 1361 Vestae
595 1332 671 1368 effet)
685 1332 728 1360 sed
743 1340 772 1360 ut
785 1331 900 1360 universi
913 1332 1026 1369 figuram
1041 1332 1205 1367 exprimeret
1218 1351 1226 1361 ‚
1246 1331 1274 1358 in
1288 1332 1362 1367 cujus
1377 1332 1470 1359 medio
1483 1331 1575 1367 ignem
1591 1330 1753 1358 collocatum
1768 1330 1936 1369 Pythagoraei

351 1371 460 1399 censent
475 1393 482 1403 ,
508 1380 625 1408 eumque
643 1374 674 1397 Ve
695 1381 739 1398 am
760 1373 787 1399 ὃς
807 1368 939 1397 Unitatem
960 1368 1102 1406 appellant.
1129 1367 1221 1405 Festus.
1254 1370 1411 1397 Rotundam
1425 1370 1511 1396 aedem
1526 1369 1612 1397 Vestae
1624 1372 1714 1396 Numa
1727 1367 1864 1403 Pompilius
1876 1372 1937 1399 Rex

355 1412 546 1437 Romanorum
569 1408 730 1437 consecrasse
743 1409 864 1438 videtur,
886 1408 958 1444 quod
979 1408 1092 1434 eandem
1106 1406 1157 1433 effe
1170 1414 1285 1438 terram,
1305 1416 1357 1443 qua
1373 1408 1427 1435 vita
1438 1407 1583 1434 hominum
1596 1405 1795 1439 sustentaretur,
1818 1408 1938 1437 credide.

353 1447 403 1477 rit,
424 1456 537 1484 eamque
557 1448 614 1484 pilae
636 1446 726 1474 forma
747 1445 812 1476 effe,
833 1452 863 1473 ut
882 1445 921 1473 sui
941 1445 1020 1472 simili
1033 1444 1138 1480 templo
1152 1445 1210 1471 Dea
1225 1444 1365 1472 coleretur.
1396 1446 1428 1473 In
1441 1444 1490 1473 hac
1505 1445 1559 1472 :cde
1573 1454 1668 1482 praeter
1682 1446 1775 1482 ignem
1790 1446 1875 1474 Vestae
1887 1448 1938 1477 alia

353 1494 461 1522 quoque
474 1485 545 1513 incra
558 1485 683 1513 affervata
696 1483 771 1512 fuisse
784 1483 799 1511 a
810 1482 968 1520 quibusdam
982 1483 1110 1515 traditur,
1130 1492 1180 1520 qua
1198 1482 1232 1509 de
1246 1492 1274 1510 re
1288 1481 1398 1522 Di0⁷fflfi¹
1412 1486 1439 1512 ἃ
1452 1483 1584 1510 Plutarchn
1596 1484 1677 1511 verba
1689 1483 1852 1512 adscribam:
1873 1485 1938 1514 Dio-

354 1522 434 1561 nysus
449 1523 518 1550 libro
528 1534 552 1551 2.
567 1524 604 1551 ita
616 1522 715 1550 scribit.
735 1521 789 1550 Alii
801 1521 909 1549 tradunt
923 1529 1017 1558 praeter
1030 1522 1123 1558 ignem
1138 1520 1241 1548 occulta
1255 1521 1377 1558 quaedam
1391 1520 1460 1548 sacra
1474 1522 1502 1549 in
1516 1523 1580 1549 Deae
1594 1521 1656 1549 fano
1664 1521 1714 1548 esse
1722 1521 1855 1557 deposita,
1876 1523 1938 1553 solis

355 1557 456 1588 -ae'dituis
479 1562 600 1598 cognita,
620 1563 647 1588 ἃ
668 1559 827 1597 virginibus:
845 1560 998 1596 adduntque
1011 1567 1202 1596 argumentum
1218 1569 1274 1586 non
1287 1558 1346 1587 leve
1360 1569 1391 1587 ex
1406 1560 1462 1596 ejus
1474 1560 1614 1591 incendio,
1635 1559 1709 1597 quod
1722 1559 1834 1590 accidit,
1855 1570 1937 1597 quan-

356 1598 394 1626 do
404 1599 525 1634 primum
541 1598 661 1625 Romani
674 1607 737 1625 cum
752 1598 840 1625 Poenis
853 1596 924 1625 bello
937 1596 1174 1629 confliEtabantur‚
1194 1606 1304 1635 propter
1317 1598 1446 1626 Siciliam:
1467 1606 1532 1626 tunc
1545 1599 1618 1626 enim
1633 1596 1789 1633 Virginibus
1802 1605 1878 1626 metu
1885 1599 1937 1628 dif.

358 1635 535 1674 fugientibus,
555 1637 715 1664 aedituorum
736 1645 803 1663 unus
823 1640 855 1663 L.
869 1635 977 1663 cuilim
990 1635 1107 1662 Metellus
1128 1636 1168 1662 vir
1188 1635 1353 1666 Consularis,
1374 1637 1396 1664 is
1415 1637 1462 1673 qui
1474 1636 1586 1664 devietis
1599 1638 1627 1664 in
1640 1635 1728 1662 Sicilia
1742 1633 1934 1674 Carthaginen-

356 1674 424 1702 sibus
445 1675 473 1701 in
492 1674 589 1701 celebri
610 1674 656 1702 illo
675 1673 816 1710 triumpho
837 1683 914 1702 cxxx.
933 1673 1085 1710 elephantos
1107 1674 1258 1701 traduxerat
1270 1695 1277 1706 ‚
1306 1674 1456 1711 posthabito
1468 1673 1579 1710 publicae
1591 1673 1700 1703 utilitati
1712 1674 1820 1710 privato
1832 1677 1936 1711 pericu-

357 1711 385 1741 lo
400 1733 407 1744 ‚
434 1712 529 1748 irrupit
550 1713 578 1740 in
597 1713 691 1740 ardens
704 1711 840 1749 penetrale
851 1732 860 1744 ‚
886 1713 1008 1750 sacraque
1022 1713 1035 1739 a
1050 1711 1197 1749 virginibus
1210 1711 1312 1740 deserta
1325 1711 1339 1739 ὲ
1354 1713 1473 1740 flammis
1487 1713 1583 1750 eripuit
1596 1723 1602 1739 ·.
1628 1711 1808 1749 quamobrem
1819 1712 1938 1744 honores

358 1750 492 1777 maximos
506 1749 519 1777 ὲ
535 1751 642 1779 civitate
655 1758 730 1787 grata
743 1750 779 1777 est
792 1751 956 1787 promeritus
969 1771 976 1782 ‚
996 1750 1060 1778 sicut
1073 1760 1105 1778 ex
1119 1750 1210 1788 elogio
1223 1759 1311 1787 patet,
1331 1751 1404 1788 quod
1418 1749 1582 1788 adscriptum
1596 1751 1632 1778 est
1646 1750 1703 1786 ejus
1715 1751 1803 1779 statuae
1815 1751 1843 1779 in
1857 1753 1938 1790 Capi-

358 1788 434 1816 tolio.
455 1789 494 1816 Ex
508 1788 558 1816 hac
572 1788 686 1817 confess'a
699 1798 728 1816 re
742 1789 854 1817 neftunt
868 1789 1036 1825 conjetsturas
1049 1791 1182 1825 proprias:
1198 1790 1308 1826 quidam
1323 1790 1414 1817 dicunt
1427 1789 1471 1816 hic
1484 1789 1581 1817 servari
1587 1796 1693 1826 partem
1699 1787 1835 1826 laetorum
1842 1793 1936 1819 Samo-

358 1826 464 1854 thraciae
479 1847 486 1858 ,
507 1836 565 1864 quae
581 1828 718 1864 quondam
732 1836 766 1854 ex
779 1826 830 1854 hac
843 1826 925 1855 insula
938 1826 1078 1855 Dardanus
1091 1829 1119 1855 in
1132 1827 1237 1855 Urbem
1252 1829 1265 1855 ’ὲ
1279 1828 1305 1855 se
1318 1828 1454 1855 conditam
1468 1827 1656 1863 deportaverat
1668 1847 1676 1858 ‚
1703 1822 1786 1866 eaque
1799 1836 1876 1864 capta
1888 1831 1936 1856 ΑΞ.

360 1874 420 1893 neas
436 1864 520 1901 Troja
534 1865 661 1902 profugus
674 1864 764 1893 secum
779 1864 868 1894 attulit
879 1865 907 1893 in
922 1865 1035 1893 Italiam.
1056 1865 1105 1893 Alii
1117 1864 1236 1893 Minerm
1250 1863 1344 1901 Ilieafis
1357 1865 1476 1902 effigiem
1492 1865 1542 1893 este
1555 1874 1663 1896 veram,
1686 1866 1712 1892 ὃ(
1726 1872 1820 1892 notam
1829 1867 1936 1900 AEneae,

358 1904 445 1941 perito
466 1912 557 1931 rerum
578 1903 690 1935 talium,
711 1913 775 1932 cum
789 1902 900 1931 alteram
912 1904 945 1932 ad
958 1903 1036 1940 hujus
1050 1902 1413 1941 fimilitudinemssksormatam
1429 1903 1524 1931 Achivi
1538 1903 1611 1932 furto
1626 1902 1785 1930 sustulerint:
1806 1903 1881 1942 cujus
1898 1904 1937 1932 fa-

359 1940 395 1966 cti
409 1941 498 1969 crebra
512 1943 616 1970 mentio
631 1943 762 1978 reperitur
773 1943 844 1978 apud
856 1944 962 1978 poetas,
985 1951 1059 1978 aeque
1071 1952 1101 1970 ac
1114 1941 1261 1976 historicos
1284 1943 1342 1980 Ego
1354 1941 1415 1970 iane
1427 1942 1441 1970 a
1456 1941 1548 1970 multis
1560 1942 1665 1978 accepi,
1686 1941 1811 1970 custodiri
1821 1942 1835 1970 ‘a
1855 1943 1935 1980 virgi-

359 1977 448 2018 nibus:
468 1989 522 2007 non
541 1980 629 2008 solum
643 1981 751 2017 ignem,
769 1980 814 2008 sed
829 1982 855 2009 &
867 1980 937 2008 sacra
950 1981 1072 2018 quaedam
1086 1979 1167 2018 vulgo
1180 1982 1330 2018 incognita:
1350 1990 1380 2008 ea
1392 1988 1484 2008 tamen
1498 1989 1548 2008 nec
1562 1977 1616 2017 ipse
1629 1979 1737 2008 scrutari
1749 1980 1833 2008 ausim
1847 1983 1935 2009 curio-

360 2017 407 2042 lius
416 2036 422 2047 ‚
443 2026 492 2044 nec
512 2018 567 2045 aliis
581 2018 619 2045 fas
631 2026 707 2056 puto.
733 2017 884 2046 Plutarchus
898 2020 925 2046 in
941 2018 1070 2047 Camillo:
1092 2019 1145 2047 Alii
1159 2020 1267 2056 ignem,
1288 2022 1359 2051 ut&
1372 2020 1442 2056 apud
1456 2021 1580 2051 Graecos,
1599 2020 1627 2047 in
1641 2017 1770 2047 vestibulo
1786 2019 1881 2056 templi
1895 2029 1943 2047 ar-.

363 2053 424 2080 dtre
446 2054 604 2084 lustrationis
624 2056 697 2084 caui}
711 2055 819 2086 censent
833 2077 841 2089 ,
866 2057 966 2094 reliqua
980 2057 1049 2085 sacra
1063 2058 1135 2086 intus
1148 2057 1272 2085 abicondi
1285 2078 1292 2089 ‚
1318 2067 1405 2095 neque
1418 2057 1432 2085 a
1446 2067 1582 2095 quoquam
1596 2079 1603 2090 ,
1631 2065 1726 2094 praeter
1742 2055 1845 2093 Vq‘lales
1860 2056 1935 2095 virgi-

364 2100 421 2121 '1812
440 2092 555 2129 conspici
570 2103 600 2120 ea
613 2096 650 2122 sas
664 2095 722 2122 effe.
760 2098 791 2122 ln
805 2096 836 2122 iis
849 2104 941 2124 autem
954 2097 1054 2124 arcanis
1069 2095 1120 2123 ess‘e
1133 2096 1285 2132 Trojanum
1298 2095 1364 2124 illud
1377 2095 1523 2123 Palladmm
1537 2117 1544 2128 ,
1572 2096 1605 2124 ab
1620 2099 1703 2124 Ainea
1714 2095 1742 2123 in
1756 2095 1860 2124 Italiam
1873 2096 1934 2124 alla-

364 2134 423 2153 tum
439 2148 445 2158 ,
473 2131 621 2159 multorum
634 2132 800 2160 ssrmonibus
814 2133 850 2160 est
862 2135 998 2162 traditum.
1034 2134 1086 2163 Alii
1103 2133 1219 2162 fabulam
1231 2134 1331 2163 addunt
1344 2155 1352 2166 ,
1379 2134 1534 2161 Dardanum
1550 2133 1564 2161 ὲ
1577 2134 1759 2163 Samothracia
1768 2133 1933 2171 asportatum

364 2165 523 2207 Pallndsum,
545 2178 607 2210 cum
628 2170 740 2205 Trojam
755 2171 911 2200 condidiiiet
923 2193 930 2204 ‚
951 2174 979 2200 in
994 2182 1023 2200 ea
1036 2172 1102 2200 urbe
1114 2172 1284 2200 coniecmfie:
1305 2175 1415 2201 AEneam
1430 2173 1472 2203 id,
1493 2182 1547 2210 quo
1559 2181 1685 2209 tempore
1696 2172 1781 2208 Troja
1792 2180 1868 2210 capta
1881 2172 1932 2203 est,

365 2202 434 2229 ciam
449 2205 583 2237 iustulifle,
604 2216 633 2247 ac
646 2206 725 2243 usque
738 2209 770 2235 ad
784 2211 974 2245 migrationem
989 2212 1016 2239 in
1029 2210 1134 2238 italiam
1147 2210 1298 2239 adservaffe.
1319 2212 1374 2248 Qi
1384 2210 1431 2238 fibi
1444 2211 1579 2248 majortm
1591 2211 1686 2239 harum
1700 2220 1791 2238 rerum
1804 2210 1931 2238 notitiam

363 2249 487 2284 arrogant
496 2262 502 2272 ,
517 2243 570 2270 duo
583 2245 673 2285 dicunt
686 2245 755 2272 dolia
764 2245 832 2274 haud
847 2249 882 2275 ita
898 2258 994 2287 magna
1006 2249 1043 2277 ibi
1057 2249 1108 2276 effe
1121 2247 1234 2285 reposita
1244 2259 1249 2275 :
1261 2249 1374 2277 aiterum
1386 2258 1509 2286 apertum
1525 2252 1551 2279 St
1565 2251 1656 2283 inane,
1674 2249 1789 2277 alterum
1802 2248 1931 2285 plenum,

366 2281 392 2305 ὃ(
407 2280 573 2323 obiignatum
584 2292 593 2323 ³.
610 2282 668 2307 iolis
681 2291 770 2309 aurem
784 2283 859 2311 sacris
873 2287 924 2314 istis
941 2287 1093 2326 Virginibus
1106 2286 1209 2315 licitum
1223 2297 1253 2314 ea
1266 2288 1365 2316 videre.
1391 2288 1444 2315 Alii
1456 2287 1504 2315 hos
1519 2298 1605 2316 errare
1618 2296 1725 2325 putant,
1745 2296 1789 2314 eos
1803 2287 1931 2322 deceptos

361 2317 432 2352 quod
449 2326 507 2359 tun}
523 2319 534 2351 (
541 2318 638 2361 icihcet
652 2318 723 2345 bello
737 2321 859 2361 Gallico)
882 2323 986 2358 Vestales
998 2327 1122 2363 pleraque
1135 2324 1205 2353 iacra
1219 2326 1246 2353 in
1260 2326 1313 2353 duo
1326 2325 1397 2354 dolia
1411 2327 1533 2363 conjecta
1542 2349 1548 2359 ,
1569 2336 1638 2356 terra
1648 2326 1786 2354 obruerint
1800 2324 1846 2352 sub
1859 2334 1930 2353 tem-

358 2354 432 2396 plum
449 2356 566 2393 Qirini:
588 2366 630 2383 cui
644 2357 704 2397 loco
719 2364 799 2384 etiam
816 2368 886 2401 nunc
901 2360 913 2387 a
927 2363 1003 2392 doliis
1016 2374 1118 2392 nomen
1133 2363 1172 2391 iit.
1192 2363 1325 2391 Hactenus
1340 2365 1498 2391 Plutarchus.
1518 2367 1560 2392 De
1574 2364 1703 2396 Palladio,
1724 2364 1784 2400 quia
1791 2364 1846 2399 ejus
1853 2372 1931 2390 rnen-

356 2400 396 2419 ¹¹⁰
416 2393 483 2420 ᾔδη*
499 2394 548 2426 est³
569 2394 654 2422 ²¹th‘3
666 2395 810 2423 dKCUdUffl
829 2398 945 2430 Udctffl',
966 2402 998 2428 de
1014 2412 1067 2439 quo
1080 2401 1198 2440 Jaannes
1211 2401 1348 2430 Ludat-icus
1366 2406 1438 2431 Vlve's
1451 2403 1484 2431 ad
1498 2412 1576 2440 caput
1591 2412 1616 2430 2.
1628 2401 1689 2430 libri
1705 2411 1726 2430 r.
1751 2399 1886 2439 Augustmi
1900 2401 1934 2428 de

1833 2439 1934 2468 Civita-
