2075 2734
385 125 442 154 504
666 111 1494 148 Ari-riquirarumRoMAquuM
1534 112 1688 143 Liavn.

1057 197 1080 224 C
1103 206 1119 223 Α
1141 207 1164 224 Ρ.
1204 196 1300 223 XIII.

609 264 660 297 De
676 260 870 311 Principibus
877 264 1068 310 juventutis,
1096 260 1272 308 Caefizribus,
1302 267 1348 295 (7
1366 260 1555 308 mbzliffimis
1573 260 1741 307 Caefizribus.

389 340 504 403 Non
527 347 601 369 erant
620 340 647 368 hi
662 342 771 378 proprie
786 340 944 379 magistratus
959 362 966 373 ‚
992 340 1037 368 sed
1051 348 1142 368 tamen
1160 342 1192 369 ad
1207 341 1348 378 capiendos
1363 342 1529 378 magistratus
1543 341 1745 380 designabantur
1760 351 1768 367 ¹.
1793 342 1906 379 ideoque
1919 352 1967 371 no-

487 379 523 406 lui
536 389 581 406 eos
596 379 647 407 hoc
662 381 689 407 in
705 380 765 407 loco
780 379 882 408 silentio
895 380 1037 416 praeterire.
1072 379 1271 407 Consueverant
1286 382 1449 413 Imperatores
1463 390 1494 408 ex
1510 379 1568 408 filiis
1584 401 1590 412 ‚
1618 379 1659 407 vel
1675 380 1815 415 nepotibus
1828 401 1835 411 ‚
1857 381 1896 408 vel
1913 381 1968 408 aliis

390 416 516 454 sanguine
529 417 628 454 juniiis
639 439 646 449 ,
669 427 752 446 unum
766 426 845 455 atque
857 417 986 449 alterum,
1008 427 1124 454 quorum
1138 418 1289 454 praeclaram
1304 417 1424 445 indolem
1437 417 1642 455 conspexerant,
1663 427 1766 449 creare,
1787 419 1818 445 ad
1833 427 1899 455 quos
1916 420 1969 446 im-

388 457 496 490 perium
517 454 652 483 transferri
672 455 796 484 volebant
810 466 818 482 :
842 455 937 493 eosque
958 457 1079 492 primum
1102 460 1227 490 Principes
1246 454 1385 485 juventutis
1399 476 1406 487 ‚
1430 457 1488 492 post
1505 457 1619 484 extinsta
1635 456 1689 483 fere
1703 455 1836 483 Caesarum
1852 456 1968 488 familia.

388 493 510 527 Cafaves,
533 493 643 521 tandem
664 493 816 529 nobtltffimos
835 495 940 529 Cafires
962 493 1136 530 appellabant.
1179 495 1281 521 Primus
1301 493 1378 529 hujus
1392 494 1502 522 instituti
1516 494 1565 522 fuit
1579 494 1675 522 author
1688 493 1810 521 OHaviu:
1824 494 1971 532 Augustm,

390 531 424 558 de
444 540 498 568 quo
519 531 552 559 fic
573 531 670 558 Cornel.
692 530 795 559 Tncims
815 532 860 559 lib.
880 542 900 560 1.
923 532 1016 559 Animal.
1049 531 1179 569 Augustus
1202 531 1310 559 subsidia
1325 532 1504 560 dominationi
1518 532 1655 559 Claudium
1669 532 1816 559 Marcellum
1830 532 1926 560 sororis
1942 534 1971 561 fi-

390 568 458 596 lium
473 590 481 600 ,
507 569 657 598 admodum
677 569 872 598 adolescentem
886 590 894 602 ‚
921 569 1077 606 pontificatu
1099 574 1125 597 C<
1146 570 1227 598 curuli
1249 570 1389 597 aedilitate:
1424 574 1462 597 M.
1487 570 1624 607 Agrippam
1647 570 1794 607 ignobilem
1816 571 1877 598 loco
1891 592 1897 602 ‚
1924 571 1971 599 bo-

389 617 457 634 num
479 607 593 639 militia,
615 611 643 636 &
663 608 780 635 vistoriae
800 607 903 636 socium
918 629 925 639 ‚
946 609 1089 645 geminatis
1110 608 1294 635 Conrulatibus
1315 607 1426 635 extulit:
1455 617 1519 635 mox
1539 608 1666 636 defun&o
1687 608 1818 637 Marcello,
1838 617 1969 646 generum

394 644 520 681 sumpsit:
535 645 664 674 Tiberium
678 649 810 675 Neronem.
831 648 856 674 &
872 646 1011 672 Claudium
1026 646 1138 680 Dntficm
1152 647 1289 683 privignos
1302 646 1484 683 Imperatoriis
1497 646 1650 673 nominibus
1663 647 1743 678 auxit,
1758 647 1862 683 integra
1877 648 1972 675 etiam-

393 683 460 710 dum
481 684 568 711 domo
582 684 634 711 sua.
675 684 747 712 Nam
769 685 872 722 genitos
886 685 1003 721 Agrippa
1019 686 1108 718 Cajnm
1123 694 1154 712 ac
1168 688 1273 711 Lucmm
1288 685 1314 711 in
1330 684 1460 711 familiam
1474 685 1598 717 Caſsarum
1610 685 1749 712 induxerat
1763 695 1768 711 :
1793 685 1908 713 necdum
1924 694 1972 721 po-

394 721 440 749 sita
459 721 553 757 puerili
571 728 698 759 praetexta
712 743 719 753 ,
745 722 870 756 Princtpes
888 721 1036 757 juventutis
1057 723 1199 760 appellari:
1225 723 1353 750 destinare
1373 722 1490 756 Consules
1509 722 1593 758 specie
1612 721 1753 749 recusantis
1774 722 1974 759 flagrantissime

394 760 540 795 cupiverat.
573 763 638 787 Haec
659 760 772 787 Tacitus.
805 761 843 787 Ex
864 760 959 798 quibus
972 762 1024 788 hoc
1037 761 1194 798 intelligitur
1207 782 1214 793 ,
1241 760 1378 788 octarium
1392 760 1531 798 Augustum
1545 761 1665 798 primum
1678 759 1820 788 authorem
1833 760 1884 788 esse
1897 761 1973 797 hujus

395 797 528 829 instituti,
555 798 628 834 quod
654 798 750 825 deinde
776 797 869 835 reliqui
898 799 987 834 Impp.
1013 799 1179 826 retinuerunt
1193 820 1200 830 ‚
1225 807 1254 826 ut
1275 809 1354 835 quem
1376 798 1474 826 velient
1493 798 1666 826 successorem
1686 798 1784 825 habere
1802 799 1974 834 adoptarent,

395 833 537 870 Principem
550 835 701 870 juventutis
720 844 903 873 nuncuparent
919 857 926 868 ‚
954 846 984 863 ac
1003 836 1099 864 deinde
1118 838 1195 864 variis
1224 836 1369 864 hantribus
1385 857 1391 867 ‚
1419 836 1592 870 Ccnsulatibus
1605 856 1612 866 ,
1640 835 1787 874 pomtjzi'atu
1801 858 1808 868 ‚
1839 835 1976 865 tribunitia

396 873 480 900 etiam
495 875 639 910 potestate,
661 876 687 902 ὃς
700 873 756 901 aliis
770 882 910 905 ornarent.¹
932 875 974 902 Sic
987 878 1051 900 Nero
1068 875 1332 909 Piincepsjuisemutbs
1347 875 1360 902 ἐι
1373 874 1485 902 Claudio
1499 875 1584 902 did‘tus
1598 875 1641 902 esti
1673 875 1706 902 Et
1720 882 1811 902 extant
1824 875 1851 902 in
1868 874 1976 902 Habent

396 910 499 938 Goltzii
513 913 632 949 Augusto
645 912 807 940 numismata
821 912 922 949 aliquot
937 921 998 939 cum
1014 912 1054 939 his
1067 912 1295 950 inscriptionibus,
1317 917 1347 939 C.
1361 917 1390 939 L.
1407 913 1523 946 efflares,
1544 911 1669 950 Augusti,
1691 917 1720 939 F.
1737 911 1976 950 Cqffidefi'g.Princ.

388 949 494 983 juvent.
512 949 589 980 item,
609 953 642 977 C.
658 951 737 985 Caefizr
751 948 860 987 Augusti
874 953 903 976 F.
920 954 996 976 Pom.
1017 950 1073 983 Cos
1084 950 1134 984 defi
1149 951 1231 977 Princ.
1244 953 1347 985 juvent.
1369 952 1431 977 item
1446 955 1475 977 L.
1489 955 1510 977 C
1511 952 1567 985 ess-tr
1582 949 1692 987 Augusti
1706 954 1736 979 F.
1750 961 1838 988 augur.
1853 951 1910 984 Cos}
1927 952 1978 986 des:

396 985 482 1014 Princ.
493 989 597 1022 juvent.
619 990 670 1018 ἃς.
690 995 720 1015 ut
739 996 841 1016 taceam
862 987 895 1014 de
914 987 1033 1024 lapidum
1053 987 1264 1025 inscriprionibus
1285 999 1346 1026 quas
1362 991 1387 1016 ἃ
1404 989 1533 1015 Habemus
1547 989 1666 1016 Colimus
1680 991 1706 1016 ὃς
1720 989 1817 1023 onuph.
1833 989 1977 1016 Panvinius

396 1024 542 1053 adducunt.
582 1025 725 1063 Aliquanto
743 1026 800 1061 post
813 1046 821 1057 ‚
848 1024 974 1053 transsato
993 1025 1110 1062 imperio
1130 1028 1144 1054 a
1158 1026 1291 1053 Caesarum
1306 1027 1406 1054 familia
1421 1027 1453 1053 ad
1467 1027 1531 1054 alios
1543 1046 1551 1056 ,
1577 1027 1596 1054 ii
1610 1028 1655 1063 qui
1668 1026 1700 1054 ab
1712 1026 1901 1061 imperatoribus
1913 1028 1977 1055 ado-

396 1063 479 1098 Ptati‚
500 1066 527 1092 δε
547 1063 702 1092 successores
722 1064 842 1091 destinati
861 1070 950 1094 erant,
971 1072 1027 1090 non
1045 1064 1159 1100 amplius
1179 1064 1303 1098 Principes
1314 1067 1459 1099 juventam
1472 1085 1479 1096 ‚
1501 1064 1544 1093 sed
1564 1066 1666 1099 Caesfvres
1686 1073 1790 1092 tantum
1811 1064 1976 1101 appellaban-

399 1108 445 1127 tur
458 1121 467 1132 ‚
494 1111 567 1129 novo
587 1101 691 1139 prorius
712 1111 807 1133 more,
837 1110 900 1129 curn
922 1110 954 1128 ex
979 1102 1102 1136 Castrum
1122 1102 1222 1130 familia
1243 1112 1299 1130 non
1317 1103 1398 1131 essent
1412 1124 1418 1134 ‚
1447 1110 1525 1140 atque
1549 1103 1585 1130 ita
1604 1102 1791 1139 posterioribus
1811 1104 1978 1139 temporibus

397 1140 523 1173 Caestrrum
543 1139 683 1176 appellatio
702 1149 758 1167 non
779 1139 899 1172 familiae,
916 1138 965 1167 ,fied
979 1140 1116 1176 dignitatis
1131 1140 1189 1168 fuit.
1230 1143 1318 1169 Docet
1329 1141 1383 1169 hoc
1396 1139 1476 1168 AElius
1487 1140 1635 1175 Spartianus
1649 1142 1676 1168 in
1690 1141 1753 1167 AElt'o
1770 1144 1843 1173 Vero,
1862 1141 1903 1168 his
1918 1152 1976 1170 ver-

400 1176 455 1208 bis,
475 1178 554 1204 AElt'us
574 1181 648 1204 Verus
662 1177 693 1204 ab
709 1178 827 1205 Adriano
841 1178 980 1213 adoptatus
994 1198 1000 1209 ‚
1021 1177 1086 1205 nihil
1100 1178 1177 1206 habet
1191 1179 1219 1206 in
1232 1178 1276 1206 sua
1290 1180 1344 1206 vita
1359 1178 1534 1206 memorabile
1547 1199 1554 1210 ,
1574 1179 1621 1206 nisi
1638 1180 1709 1216 quod
1724 1186 1829 1206 tantum
1845 1181 1927 1214 CaeJiir
1941 1181 1977 1208 est

401 1215 561 1250 appellatus,
582 1225 637 1243 non
651 1216 826 1248 testamento,
846 1223 876 1242 ut
890 1222 966 1242 antea
977 1215 1087 1247 solebat,
1111 1226 1197 1252 neque
1211 1226 1243 1244 eo
1259 1218 1357 1249 modo,
1378 1226 1433 1254 quo
1447 1222 1471 1243 T
1470 1219 1572 1251 rajnnus
1587 1217 1623 1243 est
1636 1217 1786 1253 adoptatus:
1808 1217 1851 1245 sed
1867 1227 1900 1244 eo
1914 1227 1977 1254 pro-

399 1261 436 1289 pe
455 1261 569 1289 genere,
591 1263 644 1290 quo
659 1254 752 1282 nostris
764 1253 932 1291 temporibus
945 1252 959 1280 εὶ
973 1254 1057 1281 vestra
1070 1253 1212 1282 elementia
1225 1255 1272 1289 (de
1288 1254 1442 1281 Diocletmno
1456 1254 1586 1291 loquitur)
1601 1254 1781 1281 ,nmzximianus
1791 1274 1797 1284 ‚
1818 1261 1897 1291 atque
1910 1260 1975 1283 Con-

393 1289 507 1329 stantius
527 1292 630 1326 Caefhres
650 1292 716 1319 dieti
729 1292 803 1324 sunt,
824 1292 894 1329 quafi
908 1291 1018 1329 quidam
1033 1291 1237 1331 Principumfiln
1250 1293 1299 1320 viri
1312 1295 1338 1321 ὃς
1352 1293 1473 1321 destinati
1491 1291 1603 1329 Augusta
1620 1291 1763 1329 Majtstatts
1774 1291 1902 1324 haeredes,
1923 1295 1977 1321 &c-

401 1329 480 1356 idem
499 1329 600 1364 Orofius
618 1329 664 1359 lib.
679 1340 704 1364 7.
726 1340 782 1367 cap.
798 1341 840 1368 25.
861 1331 1020 1362 confirmat,
1040 1331 1139 1359 eodem
1158 1331 1244 1359 modo
1262 1331 1296 1359 de
1315 1331 1471 1358 Diocletiano
1485 1330 1613 1361 scribens,
1634 1331 1705 1367 quod
1721 1329 1912 1358 Maximianum
1927 1335 1979 1358 Ca-

396 1367 480 1402 fizrem
501 1366 611 1404 legerit,
632 1369 689 1404 post
709 1370 825 1397 eundem
845 1378 879 1396 ex
899 1367 998 1396 Caesare
1018 1368 1164 1407 Augustum
1186 1370 1279 1397 fecerit
1293 1389 1300 1400 ,
1319 1377 1398 1406 atque
1415 1370 1445 1397 in
1464 1370 1519 1405 ejus
1537 1369 1629 1396 locum
1649 1367 1824 1405 Constantium
1845 1371 1871 1397 δε
1889 1371 1985 1396 Maxu

401 1415 517 1432 mamam
537 1404 667 1433 Galerium
687 1408 790 1440 Caestvres
809 1407 912 1444 legerit.
952 1407 1018 1434 Non
1038 1409 1134 1435 addam
1155 1407 1229 1444 plura
1242 1408 1407 1439 testimonia,
1428 1417 1543 1444 quorum
1557 1406 1635 1443 plena
1649 1407 1684 1434 est
1698 1407 1806 1434 illorum
1820 1413 1977 1443 temporum

403 1442 518 1470 historia.
559 1445 737 1472 Retinuerunt
751 1453 841 1473 autem
857 1444 909 1472 hoc
924 1454 1027 1472 nomen
1039 1447 1122 1473 etiam
1136 1454 1195 1474 tum
1206 1467 1213 1478 ‚
1231 1455 1297 1473 cum
1311 1445 1344 1472 ad
1361 1446 1524 1480 Imperatoria
1544 1443 1685 1480 Majejllatis
1703 1445 1836 1481 fastigium
1851 1454 1980 1480 pervene-

402 1489 474 1508 runt.
517 1481 668 1509 Noviffime
688 1486 789 1516 CaeJmes
808 1483 963 1511 nobilissimi
983 1483 1105 1519 appellati
1124 1483 1197 1515 sunt,
1218 1485 1257 1511 uti
1272 1493 1304 1511 ex
1318 1482 1398 1520 Fastis
1413 1483 1522 1516 Onuphr.
1536 1480 1660 1508 Pan-ninii
1674 1484 1701 1509 δε
1714 1482 1873 1518 imaginibus
1887 1483 1977 1519 Impp.

404 1527 468 1554 quas
480 1527 511 1545 ex
525 1519 639 1555 antiquis
652 1521 856 1548 numismatibus
869 1520 934 1556 Jac.
946 1521 977 1547 de
989 1522 1087 1547 Strada
1102 1523 1261 1549 Mantuanus
1275 1521 1354 1548 Fastis
1368 1521 1416 1548 illis
1429 1520 1539 1555 adjecit,
1560 1518 1661 1555 liquido
1677 1519 1819 1556 cognosci,
1839 1527 1869 1547 ut
1878 1520 1911 1547 de
1919 1521 1976 1549 aliis

404 1562 522 1622 gaceam,
543 1557 638 1592 potest.
677 1558 793 1587 Fuerunt
806 1567 871 1595 ergo
885 1566 945 1587 tum
959 1562 1085 1593 l’rmmpes
1092 1558 1239 1593 juventutis
1248 1579 1255 1590 ,
1275 1560 1379 1594 Caefirres
1392 1561 1418 1587 ὃς
1433 1557 1587 1585 nohiliffimi
1601 1555 1727 1589 Caespes,
1747 1558 1831 1585 iidem
1840 1577 1855 1589 ‚⁴
1868 1559 1914 1594 qui
1928 1559 1978 1587 ho-

424 1602 449 1621 ie
463 1597 539 1631 Reges
553 1597 731 1624 Romanorum.

1084 1661 1108 1687 C
1129 1669 1145 1687 A
1169 1670 1191 1687 Ρ.
1229 1659 1306 1687 XIV.

1028 1721 1080 1754 De
1105 1720 1241 1767 Praefeffio
1269 1718 1366 1755 Urbis.

407 1796 568 1858 Praefedias
580 1796 654 1825 Urbis
666 1819 673 1830 ,
699 1799 732 1826 de
746 1807 800 1835 quo
810 1798 862 1826 hoc
875 1799 960 1835 capite
973 1800 1108 1836 agendum
1122 1820 1128 1830 ,
1154 1797 1314 1836 magistratus
1328 1799 1363 1826 est
1376 1797 1519 1826 ordinarius
1528 1818 1538 1830 ,
1558 1794 1679 1833 primum
1692 1796 1724 1824 ab
1736 1795 1842 1824 offivio
1854 1794 1978 1833 Augusto,

477 1836 586 1864 consilio
599 1838 757 1864 Mecoenatis
772 1837 917 1867 institutus,
937 1838 1044 1864 testibus
1056 1836 1173 1864 Su'etom'o
1186 1838 1214 1864 in
1228 1837 1361 1874 Augusto,
1381 1836 1456 1864 Dion.
1468 1835 1512 1863 lib.
1521 1844 1566 1872 52·
1580 1837 1605 1863 &
1617 1835 1681 1862 aliis.
1701 1835 1812 1863 Occasio
1824 1835 1879 1871 ejus
1886 1844 1977 1862 crean-

405 1873 449 1905 di,
470 1874 598 1911 dignitas»,
621 1877 648 1903 δε
663 1875 753 1902 munia
766 1874 839 1902 facile
852 1873 964 1912 intelligi
977 1875 1082 1911 possimt
1095 1885 1127 1903 ex
1140 1875 1261 1902 oratione
1275 1873 1418 1902 Mecoenatis
1430 1875 1462 1902 ad
1476 1873 1623 1910 Augustum
1632 1894 1639 1904 ‚
1661 1883 1712 1910 qua
1725 1873 1830 1905 suadet,
1850 1873 1907 1900 imo
1914 1872 1976 1899 hor-

405 1919 478 1940 tatur
497 1921 561 1940 eum
575 1933 582 1944 ‚
608 1920 638 1940 ut
655 1911 725 1940 solus
744 1911 875 1946 imperium
895 1915 1007 1941 retineat
1022 1924 1027 1940 ’-
1056 1916 1083 1942 &
1103 1912 1181 1941 simul
1201 1915 1335 1941 rationem
1349 1913 1538 1941 constituendae
1550 1911 1660 1949 reipubl.
1675 1912 1804 1939 monstrat
1816 1932 1825 1943 ,
1852 1911 1896 1938 ubi
1910 1911 1978 1939 inter

406 1949 456 1977 alia
474 1951 542 1978 dicit
555 1972 564 1983 ,
585 1950 732 1986 Prafhc7um
753 1950 823 1977 Urbis
843 1960 874 1978 ex
895 1951 1028 1987 primariis
1047 1952 1108 1979 viris
1126 1951 1259 1989 quendam
1279 1953 1425 1979 creandum
1444 1951 1514 1982 effe,
1534 1951 1579 1987 qui
1598 1959 1694 1977 omnes
1712 1947 1891 1988 magistratus,
1912 1957 1980 1986 quos

407 1990 464 2024 geri
482 1995 543 2016 ante
562 1989 633 2017 huuc
652 1990 822 2020 conveniret,
843 1988 974 2026 gessiss'et:
995 1998 1050 2017 non
1069 1997 1098 2018 ut
1117 1999 1166 2026 per
1184 1989 1328 2018 absentiam
1348 1988 1416 2027 magi
1436 1997 1540 2016 ramum
1558 1987 1751 2024 rempublicam
1772 1988 1977 2015 administraret:

408 2027 452 2053 scd
465 2036 494 2055 ut
509 2036 572 2055 cum
590 2027 696 2064 reliquis
711 2027 737 2054 in
752 2027 828 2054 rebus
842 2027 907 2054 Urbi
922 2027 1053 2063 praeesset,
1074 2038 1133 2056 turn
1149 2027 1235 2056 causas
1250 2037 1356 2065 quoque
1363 2037 1418 2059 eas,
1440 2027 1534 2064 quibus
1541 2027 1698 2063 provocatio
1706 2034 1886 2062 competeret,
1907 2025 1978 2061 capi-

410 2064 524 2101 talesque
538 2066 618 2093 etiam
632 2074 727 2092 omnes
737 2086 743 2096 ‚
771 2066 859 2101 paucis
872 2067 988 2101 exceptis
998 2086 1005 2096 ,
1033 2066 1060 2092 in
1075 2067 1147 2094 Urbe
1161 2076 1191 2093 ac
1203 2074 1277 2094 extra
1291 2075 1350 2093 eam
1363 2087 1372 2098 ,
1393 2065 1473 2102 usque
1486 2066 1518 2092 ad
1532 2074 1608 2093 xxct.
1623 2064 1704 2092 millia
1719 2064 1836 2100 passuum
1849 2063 1976 2099 dijudica-

408 2109 450 2128 ret
463 2121 470 2132 2
496 2106 546 2130 &a
584 2103 670 2138 Hujus
692 2103 773 2139 igitur
785 2102 965 2139 sapientissimi
981 2104 1029 2130 viri
1043 2104 1182 2132 consilium
1201 2103 1325 2142 Augustus
1340 2104 1441 2132 secutus
1455 2124 1463 2136 ,
1483 2103 1528 2130 ubi
1542 2102 1690 2139 reipublicae
1702 2111 1794 2130 curam
1808 2105 1833 2130 &
1848 2102 1977 2139 guberna-

408 2139 512 2167 tionem
534 2151 646 2168 omnem
667 2142 694 2168 iu
710 2141 735 2167 se
749 2142 848 2177 recepit
860 2163 868 2173 ,
894 2140 1040 2176 PraejecJum
1054 2142 1126 2169 Urbis
1138 2143 1263 2173 instituit,
1284 2151 1365 2179 quem
1378 2142 1460 2169 etiam
1473 2141 1611 2178 sequentes
1631 2143 1791 2175 Imperatores
1804 2145 1976 2178 retinuerunt.

410 2175 526 2205 Plurima
539 2179 595 2214 ejus
609 2179 696 2207 officia
710 2179 828 2213 Ulpianus
843 2179 869 2207 ff.
883 2179 916 2206 de
930 2180 1023 2207 officio
1039 2180 1157 2208 Praefecti
1173 2180 1266 2211 Urbis,
1288 2189 1320 2207 ex
1334 2179 1441 2217 epistola
1454 2179 1517 2207 Dim
1530 2178 1618 2206 Severi
1632 2177 1757 2216 Augusti,
1777 2179 1808 2206 ad
1819 2176 1922 2204 Fabium
1930 2179 1975 2202 Ct-

411 2213 491 2240 lonem
512 2216 668 2244 Praefeetum
682 2217 762 2245 Urbis
775 2217 892 2245 recenset
904 2237 912 2248 ,
933 2227 1049 2254 quorum
1063 2218 1118 2246 haec
1131 2218 1186 2246 fere
1200 2217 1257 2246 sunt
1270 2219 1400 2254 praecipua
1414 2238 1421 2249 ,
1441 2218 1607 2252 utftrwrtlm
1621 2219 1651 2245 de
1664 2215 1771 2244 dominis
1786 2214 1901 2254 querelas
1911 2234 1917 2244 ‚
1939 2215 1976 2242 vi-

410 2252 549 2288 cissimque
570 2253 665 2281 horum
685 2257 712 2283 in
729 2256 787 2283 illos
807 2256 1006 2284 criminationes
1023 2258 1124 2284 audiret
1139 2268 1144 2284 :
1174 2258 1212 2283 Ut
1223 2256 1333 2292 patronis
1346 2256 1376 2282 de
1389 2256 1484 2282 ltberm
1498 2256 1608 2293 ingratis
1622 2255 1793 2292 querentibus
1806 2255 1848 2289 jus
1860 2253 1974 2280 diceret:

407 2291 447 2317 Ut
469 2290 501 2316 de
525 2298 638 2316 tutorum
652 2312 659 2322 2
684 2301 873 2321 curatorumve
896 2293 1040 2321 crimtmbus
1065 2294 1237 2332 cognosceret
1251 2304 1258 2320 :
1283 2296 1321 2322 Ut
1346 2293 1546 2321 numulariorum
1558 2315 1566 2326 ‚
1591 2295 1854 2330 argentariorumque
1870 2291 1978 2325 fraudes

407 2329 558 2356 coerceret:
579 2330 617 2355 Ut
634 2338 719 2367 carms
736 2340 822 2358 curam
841 2340 959 2368 gereret:
980 2335 1018 2360 Ut
1035 2334 1145 2372 quietem
1164 2332 1191 2360 in
1205 2331 1290 2367 populo
1310 2340 1477 2368 procuraret,
1499 2332 1641 2369 illicitaque
1653 2329 1752 2368 collegia
1764 2330 1901 2356 coerceret
1915 2341 1920 2354 :
1938 2331 1977 2370 [th

399 2366 593 2402 spectaculorum
611 2366 736 2402 dtjcsplmae
754 2371 881 2409 praeesset.
919 2371 1043 2408 Denique
1056 2372 1181 2410 quicquid
1195 2380 1251 2400 non
1262 2372 1349 2400 modo
1361 2372 1432 2410 intra
1445 2369 1565 2411 gisberti,
1585 2379 1680 2407 veruna
1694 2369 1775 2407 etiam
1787 2367 1857 2396 iutra
1869 2370 1978 2395 centen-

1900 2415 1982 2440 mum

2063 229 2067 254 ἰ

2064 283 2067 302 Ι

2063 334 2066 350 Ι

2064 352 2065 367 l

2064 371 2065 381 l
