2075 2734
479 123 529 152 DF.
550 123 725 156 Nonius,
746 131 786 151 ετ
807 129 928 150 εΑιιυΜ
950 131 1110 153 nirrnus.
1151 125 1231 152 Car.
1254 136 1296 164 37.
1620 140 1674 168 4²3

743 198 768 225 C
788 207 805 225 A
826 207 850 225 ι’.
888 197 1039 226 XXXVII.

629 253 681 287 De
697 254 825 300 nuptiis,
853 259 899 288 (φ
915 265 1019 288 earum
1036 254 1154 292 ritibus.

162 346 201 365 uae
219 335 261 365 hic
282 335 308 363 in
330 334 452 362 medium
472 333 614 363 afferemus
629 353 636 365 ‚
663 331 792 362 debemus
813 332 959 361 clariffimis
977 334 1040 362 viris
1054 336 1163 362 Δηώ-ει
1178 335 1320 376 Timquello
1336 338 1383 366 IC.
1397 339 1485 368 Carolo
1499 339 1598 379 sigonio
1612 361 1619 373 ,
1649 344 1676 370 &

99 337 302 419 QBarnabae
314 371 434 409 Briffonio
447 373 493 400 lC.
508 372 553 408 qui
567 379 641 399 tanta
654 371 785 399 industriae
799 371 875 399 laude
890 373 955 399 ritus
969 380 1015 400 eos
1028 373 1233 410 inquifiverunt,
1256 378 1282 404 δε
1295 375 1474 412 explicarunt,
1496 386 1525 407 ut
1540 378 1606 407 nihil
1620 380 1682 408 isto-

180 423 241 441 rum
262 411 445 439 monumentis
464 410 527 438 addi
548 409 623 446 poffe
640 410 769 439 videatur.
812 410 894 448 Qod
916 418 949 436 eo
971 419 1166 439 commemoro
1179 432 1186 443 ,
1214 422 1247 440 ne
1262 423 1381 442 cornicum
1395 416 1471 444 oculos
1484 414 1601 454 configere
1615 417 1683 446 velle

96 453 187 482 videar
200 472 207 483 ,
228 459 290 478 cum
309 450 343 476 de
362 449 393 476 iis
412 449 550 480 materiis,
572 448 606 475 de
625 448 718 484 quibus
736 456 874 476 tantorum
895 448 1017 476 virorum
1038 457 1216 478 monumenta
1235 459 1344 484 extant,
1366 452 1408 481 hic
1426 455 1546 483 disserere
1565 456 1682 484 institue-

95 492 159 519 rim,
199 490 369 526 Qaecunque
389 487 491 514 etenim
511 486 580 522 apud
597 485 655 513 illos
676 485 745 523 ipsos
758 485 880 514 authores
890 484 1077 514 observatione
1092 489 1117 515 Sc
1132 494 1226 515 notatu
1241 489 1320 526 digna
1333 490 1399 527 legi,
1420 501 1529 530 quaeque
1542 493 1603 522 huic
1619 504 1682 522 meo

95 529 214 557 instituto
229 525 371 553 convenire
384 525 475 560 putavi
489 546 498 557 ,
525 525 578 552 huc
591 525 707 552 transtuli
721 532 827 553 tantum
842 533 901 551 eam
916 523 951 551 ob
965 524 1069 553 eausam
1083 544 1089 555 ‚
1120 532 1150 552 ut
1163 528 1190 553 ὃῑ
1205 525 1241 553 illi
1257 547 1263 558 ‚
1292 528 1336 563 qui
1350 528 1479 558 librorum
1495 531 1588 559 talium
1605 533 1682 568 copia

94 567 268 595 destituuntur
281 583 289 593 ‚
308 562 421 590 habeant
440 571 497 600 quae
516 563 549 589 de
568 562 661 596 nuptiis
680 570 794 590 veterum
813 562 871 590 sciri
891 562 1012 598 possient:
1034 562 1150 599 reliquos
1173 572 1250 594 vero,
1271 565 1365 601 quibus
1383 566 1441 595 libri
1461 569 1500 596 isti
1519 569 1679 606 suppetunt,

95 612 196 632 moneo
210 622 217 634 ‚
242 608 322 638 atque
342 600 436 628 hortor
450 622 457 633 ,
485 609 514 630 ut
530 600 570 628 his
584 600 681 629 reliffis
695 601 753 629 illos
767 600 848 629 libros
863 600 1005 638 diligenter
1018 601 1144 629 evolvant
1158 622 1165 633 ‚
1192 603 1265 639 cujus
1278 603 1388 639 quidem
1402 604 1522 636 lestionis
1537 618 1582 636 eos
1598 610 1680 636 mini—

92 651 140 670 me
152 639 303 678 poenitebit.
344 641 382 666 Ut
395 647 486 667 autem
501 639 542 667 via
556 641 583 667 ὅ(
597 640 692 667 ordine
704 639 760 667 haec
772 639 900 676 procedat
914 639 1037 669 traetatio
1046 661 1053 672 ,
1081 640 1201 676 primum
1215 640 1401 675 desponsalibus
1415 644 1534 673 dicemus
1547 657 1552 673 z
1583 647 1686 675 deinde

91 680 123 707 de
136 677 243 714 personis
263 678 332 706 inter
351 686 413 714 quas
435 687 512 705 more
531 678 666 714 majorum
687 679 785 713 nuPtiae
806 678 863 705 fieri
882 679 1038 713 potuerint:
1058 685 1118 707 tum
1137 678 1168 704 cle
1186 686 1294 713 tempore
1308 699 1315 711 ‚
1334 689 1389 716 quo
1407 684 1504 717 nuptiae
1524 685 1592 720 apud
1613 686 1681 713 anti-

92 727 161 755 quos
188 716 312 744 celebrari
337 714 551 744 consueverunt:
578 716 745 752 postremum
771 716 803 742 de
827 716 859 743 iis
878 714 1025 749 nuptiarum
1044 716 1136 744 ritibus
1154 716 1249 752 quibus
1268 718 1354 753 capite
1372 717 1491 755 sequenti
1510 730 1591 757 pauca
1610 732 1680 759 quae-

91 757 156 784 dam
182 755 213 781 de
236 753 344 781 dmartio
357 774 364 785 ‚
390 755 490 788 repudio
501 774 510 784 ‚
537 756 563 782 δε
587 753 673 781 nuntii
699 752 834 789 remiffione
860 753 1027 788 adjiciemus.
1069 757 1108 782 Ac
1133 754 1165 780 de
1183 756 1335 789 sponfizlibus
1354 757 1485 792 primum.
1523 762 1646 796 Sponfilm
1664 760 1678 788 ἐι
1694 755 1700 761 ’

82 792 263 832 sponfionibus,
284 791 325 819 vel
342 793 477 826 spondendo
497 801 599 820 nornen
618 791 730 825 habent,
748 792 813 819 sicut
832 792 913 820 etiam
926 791 1022 831 spon-fi,
1033 793 1171 832 sponfieque
1191 793 1332 830 appellatio
1354 795 1416 822 inde
1434 795 1512 823 dueta
1533 798 1585 829 est,
1605 800 1678 835 quod

91 841 194 861 veteres
210 829 322 867 stipulari
337 830 489 864 &spondere
504 840 598 858 uxores
612 829 735 858 solerent.
765 828 869 864 Ulpiano
882 839 913 857 ac
926 830 1068 858 Florentino
1083 830 1197 859 testibus.
1239 833 1371 869 Qamvis
1384 833 1459 861 aliter
1473 833 1566 863 sentiat
1581 836 1679 863 Verrius

90 870 206 900 flaccus,
234 869 294 906 qui,
319 875 348 895 ut
369 868 405 894 est
424 869 492 903 apud
515 868 677 904 Pompejum
699 868 805 895 Festum
818 869 979 903 ,sponfhrum
1000 871 1025 897 ὃς
1038 870 1183 904 sponszrum
1203 879 1305 897 nomen
1325 871 1387 898 inde
1407 872 1525 900 traeium
1545 874 1677 901 existima-

90 908 151 939 bat,
164 907 244 945 —quod
259 910 358 935 morht
368 906 528 942 interpofitis
540 906 618 934 rebus
631 907 727 934 divinis
741 906 868 934 facerent.
899 907 949 934 Sed
965 907 1043 934 nobis
1056 908 1148 944 potior
1162 908 1193 935 fit
1205 908 1350 937 authoritas
1365 909 1465 944 Ulpium
1479 913 1505 939 ὃς
1521 910 1677 943 Floremini,

89 945 234 984 praestrtim
263 953 326 972 cum
352 942 468 980 ipsorum
488 944 644 972 sententiam
666 946 748 973 etiam
769 945 932 973 confirment
952 952 1052 973 veteres
1063 947 1242 980 sponsaliorum
1261 955 1333 974 mus.
1375 949 1436 976 Fuit
1455 949 1528 976 enim
1549 950 1577 977 in
1599 959 1677 977 more

86 983 181 1021 priscis
200 983 382 1019 temporibus,
403 988 432 1008 ut
452 983 498 1019 qui
518 992 630 1010 uxorem
648 984 791 1015 ducturus,
810 982 843 1010 ab
859 992 905 1014 eo,
926 983 996 1010 unde
1008 985 1128 1012 ducenda
1144 991 1214 1015 erat,
1236 987 1336 1013 camin
1351 987 1563 1014 matrimonium
1580 987 1674 1015 datum

89 1024 139 1055 iri,
153 1020 317 1059 stipularetur
329 1033 337 1047 :
356 1020 436 1056 idque
449 1022 494 1058 qui
508 1030 623 1057 nuptum
643 1022 750 1049 daturus
769 1031 840 1052 erat,
853 1021 1002 1056 sponderet:
1025 1024 1070 1059 qui
1091 1023 1242 1051 contractus
1260 1023 1472 1061 stipulationum,
1493 1024 1677 1061 sponsionum-

88 1070 141 1099 que
152 1080 160 1092 ,
181 1058 318 1087 dicebatur
328 1056 461 1092 sponſszlia.
501 1062 563 1087 Hoc
582 1061 704 1088 Servium
726 1060 868 1097 Sulpitium
888 1060 915 1086 in
934 1059 1004 1087 libro
1023 1061 1053 1087 de
1071 1059 1181 1092 dotibus,
1206 1061 1350 1089 Neratium
1370 1062 1488 1090 Priscum
1510 1064 1537 1091 in
1557 1063 1625 1091 libro
1644 1064 1676 1090 de

87 1097 180 1133 nuptiis
199 1096 332 1125 tradidisse
345 1117 353 1129 ,
375 1096 491 1134 Agellius
509 1097 639 1135 scriptum
661 1098 705 1125 lib.
720 1108 749 1134 4.
771 1107 826 1134 cap.
840 1107 866 1133 4.
890 1097 1005 1135 reliquit.
1046 1099 1132 1135 Hujus
1154 1099 1238 1126 moris
1257 1101 1364 1137 vestigia
1383 1101 1452 1137 apud
1473 1101 1595 1128 Plautum
1616 1111 1671 1129 non

87 1145 170 1174 pauca
183 1142 289 1166 extant,
308 1144 425 1172 quorum
441 1144 496 1163 uno
509 1143 589 1173 atque
601 1136 685 1164 altero
698 1136 742 1165 hic
755 1136 876 1164 contenti
890 1137 998 1164 erimus.
1040 1138 1083 1165 Sic
1096 1137 1169 1165 enim
1183 1136 1211 1163 in
1225 1137 1366 1166 Aulularia
1380 1140 1560 1177 Megadorum
1575 1139 1606 1167 ab
1622 1141 1673 1168 Eu-

87 1175 175 1204 ch’one
188 1173 271 1201 filiam
285 1173 453 1210 stipulantem
468 1174 546 1202 facit:

396 1216 436 1238 M.
451 1212 505 1250 Qi
517 1221 582 1238 nunc
592 1210 672 1238 etiam
685 1210 748 1239 mihi
759 1212 887 1247 despondes
893 1210 997 1247 filiam?
1016 1216 1046 1240 E.
1057 1211 1108 1240 illis
1121 1211 1226 1247 legibus,

397 1252 467 1276 Cum
478 1250 524 1278 ulla
536 1251 608 1281 dote,
628 1260 706 1288 quam
718 1249 764 1277 tibi
777 1249 843 1278 dixi.
856 1254 894 1276 M.
908 1251 1031 1283 Sponden’
1041 1254 1113 1288 ergo?
1133 1248 1165 1277 Ε.
1179 1251 1299 1285 Spondeo,
1322 1250 1384 1283 &n

129 1289 162 1317 In
178 1285 328 1316 Trinummo
344 1296 466 1325 quoque,
488 1288 612 1324 Lysiteles
625 1289 638 1315 a
653 1287 800 1316 Charmide
813 1290 849 1316 ita
863 1288 1009 1324 stipulatur:

393 1326 515 1359 Sponden*
525 1336 580 1363 eigo
593 1334 665 1353 tuam
671 1334 784 1363 gnatam
797 1335 901 1354 uxorem
914 1326 994 1354 mihi?
1014 1336 1056 1355 cn.
1067 1327 1187 1361 Spondeo,
1208 1325 1249 1359 Θ
1260 1326 1330 1355 mille
1342 1326 1403 1354 auri

395 1362 538 1398 philippam
550 1362 624 1391 dorii.

123 1403 159 1432 Et
169 1401 250 1440 paulo
262 1401 333 1439 post:

397 1438 475 1478 Isthnc
486 1439 538 1477 lege
541 1437 630 1478 filiam
642 1438 838 1474 tuamffionden’
849 1439 913 1467 mihi
926 1450 1030 1467 uxorem
1043 1440 1102 1467 dart
1109 1451 1117 1466 .-

397 1488 442 1506 εΗ.
462 1480 577 1512 Spondeo.
596 1487 640 1505 ca.
658 1482 692 1504 Et
706 1487 747 1514 ego
752 1478 859 1512 spondeo
874 1477 941 1506 idem
954 1479 996 1506 hoc
1006 1498 1013 1507 ,
1034 1478 1096 1511 &e

124 1516 253 1554 Respexit
272 1516 304 1544 ad
324 1516 395 1545 hunc
415 1525 524 1543 morem
539 1514 663 1542 Arnobiur
684 1515 728 1543 lib.
740 1523 767 1552 4.
788 1516 909 1544 adversus
923 1518 1024 1545 Gentes
1038 1537 1045 1547 ‚
1074 1515 1189 1543 fabulosa
1204 1515 1355 1544 Gentilium
1370 1518 1493 1545 Deorum
1507 1517 1618 1555 conjugia
1632 1519 1666 1546 ri⁴

84 1556 158 1584 dens.
190 1554 370 1592 Ejusdemque
390 1555 518 1582 meminit
536 1553 639 1580 Servius
658 1554 685 1581 in
701 1553 747 1581 lib.
762 1564 802 1581 10.
816 1556 923 1583 AEneid.
957 1556 1017 1583 Nec
1032 1564 1096 1582 vero
1110 1554 1124 1582 a
1139 1554 1197 1582 filiae
1211 1555 1338 1584 duntaxat
1351 1563 1426 1592 patre
1441 1563 1556 1591 nuptum
1571 1557 1665 1585 datum

83 1595 116 1622 iri
129 1603 135 1619 ε
157 1592 200 1620 sed
215 1593 229 1620 a
241 1600 315 1629 patre
328 1594 379 1620 viri
392 1593 504 1621 dustum
517 1592 551 1619 iri
555 1591 648 1631 sponsio
661 1592 880 1628 interponebatur
893 1614 899 1625 ,
925 1593 942 1620 fi
956 1594 1043 1621 modo
1054 1596 1155 1621 Donato
1169 1593 1303 1621 credimus
1316 1615 1324 1626 ,
1345 1594 1391 1631 qui
1405 1594 1528 1622 Terentii
1541 1594 1621 1622 verba
1633 1603 1666 1622 ex

82 1630 172 1669 prima
185 1629 292 1659 Andria
302 1634 380 1658 Scena
390 1632 424 1659 ad
438 1639 498 1658 eam
511 1639 570 1669 rem
586 1631 710 1666 exponit,
730 1639 787 1667 quae
800 1632 836 1660 ita
849 1631 960 1660 habent:

394 1672 451 1695 Hac
458 1668 533 1704 sama
544 1668 660 1702 tmpulfics
675 1669 796 1695 Chremes

391 1707 465 1733 Ultro
477 1706 512 1733 ad
525 1716 564 1733 me
577 1706 660 1738 venit,
679 1705 780 1733 unicam
787 1715 898 1744 gnatam
901 1708 979 1742 fitam

394 1748 461 1771 Cum
474 1744 654 1778 doteficmma‚
663 1743 724 1781 filio
737 1754 841 1772 uxorem
854 1753 883 1771 ut
896 1746 980 1773 chire-t.

394 1781 508 1809 Placuit:
527 1781 641 1816 despondi
648 1793 655 1809 .·
676 1783 713 1809 hic
726 1781 818 1816 nuptiis
831 1783 914 1811 dic‘lus
924 1783 958 1820 est
970 1782 1032 1812 dies.

120 1822 255 1851 Caeterum
270 1820 302 1849 ad
314 1819 483 1860 constituenda
494 1820 618 1855 sponfitlia
631 1821 718 1848 nudus
733 1820 872 1850 consensus
885 1821 1030 1850 sufficiebat
1045 1832 1050 1849 :
1070 1830 1120 1850 nec
1133 1822 1275 1860 quicquam
1291 1822 1417 1850 intererat
1430 1839 1437 1849 .
1458 1826 1549 1849 utrum
1563 1819 1668 1858 testatio

82 1859 299 1896 interponeretur
310 1880 318 1892 ,
345 1869 377 1887 an
391 1858 482 1896 aliquis
497 1859 550 1886 fine
564 1857 837 1895 scriptum-(ponderet.
877 1860 1000 1897 Denique
1014 1862 1041 1888 &
1055 1860 1156 1889 absenti
1168 1860 1258 1888 absens
1273 1869 1321 1896 per
1334 1858 1473 1896 epistolam
1487 1879 1495 1890 ,
1521 1859 1563 1886 vel
1578 1861 1661 1887 inter-

81 1899 206 1925 nuntium
225 1897 297 1924 reste
317 1896 537 1934 despondebatur.
556 1897 574 1925 l.
579 1896 683 1932 ficfficit.
698 1896 956 1936 l.r'nsponfi1l1busffi
969 1898 1162 1932 desponfivlibus.
1194 1900 1227 1926 In
1246 1899 1343 1926 tabulas
1363 1906 1454 1926 tamen
1468 1904 1497 1925 ut
1509 1897 1659 1934 plurimum

73 1934 219 1971 sponffilitiae
230 1935 398 1963 conventiones
410 1935 605 1963 referebantur:
627 1944 658 1963 ex
672 1944 725 1972 quo
738 1934 800 1963 illud
814 1938 944 1968 juvenulis
958 1938 1050 1972 Satyra
1066 1939 1109 1965 16.

388 1978 416 2001 St
428 1973 476 2002 tibi
487 1972 604 2011 legitimis
614 1971 734 2008 pastam,
746 1973 916 2014 jumffamque
929 1972 1027 2002 tabellis

388 2016 448 2040 Non
459 2022 484 2039 es
495 2019 638 2040 amaturus.
654 2025 758 2034 -—--

120 2052 155 2079 Et
175 2050 346 2078 Tertullmnus
366 2051 395 2078 in
412 2050 480 2078 libro
500 2051 534 2078 de
554 2049 699 2087 virginibus
713 2049 829 2077 velandis
843 2061 848 2077 ;
875 2052 924 2078 Hae
937 2049 997 2079 sunt
1009 2049 1111 2077 tabellae
1123 2050 1225 2086 priores
1238 2047 1397 2078 naturalium
1401 2048 1581 2084 sponstvliorum
1594 2070 1602 2082 ‚
1627 2051 1655 2078 &

78 2088 240 2124 nuptiarum,
261 2087 322 2121 &a
361 2090 428 2125 Quae
445 2088 539 2116 tabulae
557 2088 704 2126 fignatoriis
723 2097 818 2117 eorum
831 2108 839 2120 ,
859 2088 904 2125 qui
922 2087 1110 2120 interfuerant,
1130 2088 1231 2116 annulis
1247 2086 1451 2126 obsignabantur:
1476 2088 1547 2117 unde
1567 2086 1655 2125 Juve-

78 2127 145 2157 nalis
157 2127 191 2155 de
202 2127 302 2163 nuptiis
312 2126 496 2155 contrahendis
508 2135 602 2164 agens:

510 2164 608 2198 veniet,
628 2166 678 2197 ait,
697 2174 753 2192 cum
757 2162 926 2204 signatoribus
940 2165 1039 2199 auspex.

117 2203 241 2239 Apulejus
255 2203 370 2241 Apolog.
380 2213 404 2230 2.
425 2203 512 2232 Habes
526 2223 533 2234 ‚
559 2204 702 2232 AEmiliane
714 2225 722 2236 ,
749 2202 853 2231 causam
867 2210 954 2231 totam
965 2224 973 2235 ,
994 2212 1041 2231 cur
1054 2201 1141 2230 tabula
1154 2202 1278 2238 nuptiales
1290 2204 1360 2232 inter
1374 2201 1419 2230 r'ne
1433 2204 1460 2232 ὅτ.
1475 2202 1653 2232 Pudentillam

78 2251 134 2271 non
148 2245 176 2270 in
190 2242 291 2278 oppido
303 2241 353 2269 fint
367 2262 375 2274 ,
398 2240 441 2269 sed
455 2242 483 2269 in
493 2240 554 2270 villa
566 2242 664 2270 urbana
677 2242 836 2280 confignatae
849 2261 856 2273 ‚
877 2245 928 2271 &a
968 2244 999 2270 In
1011 2248 1202 2278 argumentum
1216 2243 1298 2270 etiam
1314 2241 1654 2276 contraitorumsponfirlw

77 2291 137 2309 rum
156 2279 254 2317 sponsse
273 2279 287 2307 a
306 2278 402 2315 sponso
420 2279 496 2306 arrha
515 2279 642 2308 dabantur
658 2292 664 2308 2
689 2280 921 2318 quemadmodum
936 2289 968 2308 ex
982 2281 1062 2306 Paulo
1073 2279 1119 2307 lib.
1131 2289 1156 2308 2.
1170 2282 1288 2309 Sentent.
1304 2283 1330 2309 δε
1345 2289 1377 2308 ex
1391 2278 1531 2311 Gratiani,
1559 2289 1589 2306 ac
1605 2282 1651 2306 Va,

78 2317 211 2346 lentiniani
223 2337 231 2351 ,
256 2318 422 2355 aliorumque
443 2317 643 2353 Imperatorum
663 2318 893 2347 constitutiombus
910 2317 1073 2356 intelligitur.
1114 2318 1188 2358 Qin
1204 2321 1231 2348 ὃς
1245 2318 1353 2346 annulus
1356 2318 1444 2353 sponss
1459 2318 1577 2355 pignoris
1591 2317 1653 2344 loco

79 2356 237 2385 mittebatur
249 2377 256 2388 ,
284 2365 366 2393 quem
386 2354 525 2390 pronubum
549 2356 726 2385 Tertullianus
745 2358 772 2384 in
790 2355 857 2383 libro
876 2357 909 2384 de
928 2356 1000 2385 cultu
1019 2355 1194 2384 foeminarum
1213 2362 1300 2386 vocat.
1336 2354 1440 2395 Isidorus
1459 2354 1605 2393 Hispalenfis
1626 2354 1670 2381 li.-

76 2394 128 2432 bro
143 2405 187 2424 20.
207 2393 328 2432 Etymol.
342 2394 471 2423 Foeminae
482 2413 489 2424 .
507 2394 558 2426 ait,
578 2402 634 2423 non
647 2395 696 2424 uiae
709 2394 769 2423 sunt
782 2394 902 2429 annulis,
919 2394 968 2424 nisi
980 2404 1049 2433 quos
1062 2395 1160 2432 virgini
1165 2395 1266 2431 sponfiis
1278 2394 1386 2423 miserat
1400 2405 1405 2421 z
1426 2403 1512 2431 neque
1526 2392 1655 2429 amplius,

1572 2439 1655 2460 Quam
