2075 2734
398 114 451 141 350
847 104 1094 131 Pauci

400 155 571 185 ambigeretur,
588 151 752 179 absolvendus,
772 160 799 175 an
811 151 1006 175 condemnandus
1017 149 1070 175 esset
1083 167 1090 178 ,
1107 157 1173 178 teus,

399 188 439 209 led
447 194 500 208 cum
509 187 538 209 ita
545 185 648 209 dilucide
655 191 739 215 pateret
746 185 810 214 culpa
819 201 824 209 ,
841 184 863 206 ἃ
872 183 1063 206 condemnandus
1071 183 1173 206 omnino

402 218 525 241 videretur.
545 219 568 240 in
578 223 711 248 quotamen
721 231 726 241 ‚
745 222 782 241 ut,
801 214 862 246 quafi
876 215 902 238 ad
916 214 1067 238 excusandam
1080 214 1173 237 dilatio-

402 257 473 276 nem,
493 249 593 280 speciem
602 249 702 278 aliquam
711 247 866 270 dubitationis
879 254 923 277 prm
937 245 959 270 se
971 247 1057 270 §errent
1066 263 1072 273 ,
1091 246 1174 276 ampli-

403 280 588 311 andifignumin
597 280 686 302 tabellis
698 278 780 302 dabant
794 281 824 302 N.
834 281 859 302 L.
873 285 973 310 tumque
986 278 1071 301 iterum
1085 277 1174 300 dicebat

403 314 424 336 is
433 330 439 340 ,
458 315 492 335 vel
507 320 547 343 pro
562 319 615 338 reo,
626 312 662 334 vel
675 317 755 333 contra
768 317 834 333 reum
843 327 849 337 ,
865 311 920 341 qui,
935 310 1001 341 quod
1009 309 1157 341 proposuerat
1167 326 1174 336 ,

403 346 544 376 argumentis
557 351 606 366 non
620 342 672 365 satis
684 341 786 372 probasse
798 341 923 365 videretur.
944 342 1016 372 Qod
1030 343 1056 364 ad
1071 342 1174 372 primum

403 377 498 399 attinet:
515 374 555 398 etsi
564 375 662 398 tediano
670 391 676 401 ,
695 373 759 397 sicuti
767 373 842 397 debeo
853 390 858 400 ‚
875 374 1006 405 plurimum
1014 373 1092 396 tribuo
1101 381 1176 405 ,quac-

406 415 433 431 ro
448 414 524 430 tamen
533 423 539 434 ‚
558 414 642 430 verene
651 404 758 432 senserit,
767 414 794 429 an
803 405 947 429 secus-venit
954 406 1020 428 enim
1033 405 1057 429 in
1071 412 1177 428 mentem

407 438 528 469 suspicari,
546 446 590 465 ne,
607 437 811 468 quemadmodum
826 437 851 461 in
866 437 1129 468 comperendinatione,
1146 436 1176 460 iic

404 470 589 500 inampliatione
602 470 628 493 ab
637 476 733 500 utraque
742 469 895 500 parteitetum
908 470 953 492 ana
966 468 1027 492 causa
1041 468 1075 492 sit.
1094 469 1178 491 Livius

404 503 468 525 enim
478 502 539 524 libro
546 500 716 525 XL11!.catisam
726 501 754 524 de
762 501 894 532 repetundis
900 508 927 523 ex
935 501 1087 532 ampliatione
1095 501 1177 523 utrim-

404 541 451 564 que
459 534 488 556 ait
501 533 544 556 esse
552 534 632 557 astam.
649 532 713 556 idem
721 534 786 557 exiis
794 532 869 556 verbis
881 533 973 563 possum
980 533 1096 561 conjicere
1104 549 1110 559 ,
1128 540 1177 563 qux

404 566 456 589 (unt
470 565 528 596 apud
543 565 685 588 Ciceronem
700 568 762 588 Veix.
777 567 796 589 1.
811 573 850 590 30.
874 566 940 592 ,Quid
951 573 986 595 ego
1000 573 1054 587 nnnc
1073 565 1094 586 in
1107 566 1177 586 altera

404 597 486 620 athene
500 601 535 620 (η.
549 597 779 628 ῬοίαὸεΠαῙρίνίτω,
794 597 849 627 quid
860 596 925 627 lny'm
940 597 1057 628 latin-ymas
1068 613 1073 621 ,
1093 593 1118 618 ί*
1133 604 1178 618 con-

403 630 529 652 cuminum-s
538 630 645 660 proferam
653 633 664 651 ?
680 629 751 652 Voca't
759 629 851 651 aiteram
859 628 975 650 astionem
989 627 1038 658 posi
1046 627 1176 658 ampliatio-

404 668 470 683 nem.
488 660 555 691 quod
561 659 658 684 verbum
666 660 765 691 {pestate
772 661 851 691 potius
859 666 1078 690 utramquepartem
1086 674 1092 684 ,
1106 666 1176 690 quam

406 692 557 718 alterutrum,
574 692 672 715 videtur.
687 692 712 715 δί
725 690 839 715 Asconius
852 689 911 718 ipse,
930 698 979 714 non
994 690 1078 714 dubito
1094 707 1099 713 ,
1118 691 1176 722 quin

406 723 472 747 idem
479 721 586 747 senserit:
604 722 795 754 subjungitenim
807 723 885 746 haecin
894 722 936 746 suo
942 722 1114 746 commentario
1123 729 1176 753 pag.

403 763 444 781 91.
463 755 504 778 Hic
513 761 613 785 apparet,
631 762 699 777 ctiam
712 756 735 778 in
748 756 889 788 ampliatione
897 755 927 784 fic
938 756 1030 777 alveram
1037 757 1092 782 dici,
1101 762 1175 784 quem-

405 788 523 810 admodum
537 788 559 809 in
572 787 795 818 comperendinatione.
820 789 855 810 De
868 786 912 809 ilio
926 786 998 809 altero
1008 803 1014 812 ‚
1035 794 1089 809 cum
1103 785 1176 812 dixit,

404 819 585 849 ampliationem
598 816 677 845 fuisse,
696 825 746 841 non
758 820 784 842 in
796 817 859 841 causa
872 817 954 844 dubia,
973 816 1011 840 sed
1025 818 1050 841 in
1058 817 1176 841 manifesta

403 850 437 873 rei
450 851 517 881 culpa
530 866 537 877 ,
555 857 605 873 non
618 849 646 872 ad
658 849 748 873 causam
762 850 847 873 melius
862 848 1050 880 cognoscendam
1065 866 1071 876 ,
1096 849 1134 872 sed
1149 848 1175 872 ad

404 882 581 905 damnationem
595 880 762 905 differendam:
779 882 846 913 plane
854 889 902 904 non
911 880 1025 904 assentior.
1043 888 1085 904 nec
1098 887 1176 904 tamen

404 912 479 936 audeo
492 912 619 936 dissentire.
635 912 735 936 libenter
748 914 814 936 enim
828 913 1011 936 existimaverim
1021 929 1027 938 ‚
1047 914 1157 941 ,Annum
1168 929 1174 939 ,

404 944 450 968 effe
463 945 656 975 pronuntiatum,
672 951 728 968 cum
735 944 830 967 obscura
842 944 904 967 causa
916 942 984 970 esset,
1001 951 1043 967 nec
1051 943 1080 966 de
1087 942 1176 967 absolu-

403 977 485 1003 tione,
503 983 539 999 aut
546 976 747 999 condemnatione
759 975 811 999 satis
823 976 937 1006 liqueret,
956 981 1122 1006 proptereaque
1130 982 1176 998 am-

403 1008 466 1040 plius
481 1008 568 1038 requiri
582 1005 705 1030 adcausam
714 1006 919 1030 demonstrandam
931 1007 1056 1029 videretur.
1075 1013 1128 1029 nam
1137 1024 1142 1034 ,
1161 1005 1178 1029 st

406 1040 528 1070 ampliatio
536 1038 615 1062 futurae
627 1036 846 1062 damnatic‹.1isess'et
858 1037 962 1069 signum:
981 1036 1107 1069 quorsum,
1124 1045 1179 1061 cum

405 1071 435 1094 de
447 1070 587 1094 Philodamo
600 1069 654 1093 esset
667 1072 679 1097 ‚'
691 1072 803 1101 =Amplius
818 1086 823 1096 ,
841 1070 1019 1100 pronuntiatum
1033 1086 1040 1096 ,
1058 1075 1181 1101 tantopere

403 1102 525 1126 Dolabella
539 1103 650 1125 &Verres
661 1100 847 1128 contendissent,
866 1101 1111 1124 utcondemnaretut?
1127 1109 1179 1125 non

403 1131 738 1165 operasupervacaneafuiffet?
755 1132 1030 1160 contenderuntautem,
1048 1133 1102 1164 quia
1116 1133 1179 1156 vide-

403 1165 599 1196 bantposs'efieri,
619 1163 815 1188 utabsolveretur.
832 1164 903 1195 quid?
922 1163 1089 1194 Pedianusipse
1100 1172 1181 1188 nonne

405 1204 486 1221 contra
499 1197 562 1220 snam
576 1196 714 1220 sententiam
729 1197 837 1228 loquitur
850 1198 858 1219 ἓ
875 1196 937 1228 quasi
949 1197 1016 1220 enim
1034 1196 1123 1219 oblitus
1135 1204 1159 1220 ea
1171 1213 1177 1223 ‚

405 1236 457 1260 quat
464 1235 515 1252 ante
525 1228 553 1252 de
561 1228 713 1260 ampliatione
720 1227 819 1255 dixerat,
839 1235 890 1260 pag.
900 1236 939 1254 91.
948 1230 991 1252 ait:
1009 1230 1067 1251 ,Mn
1076 1234 1177 1251 veterum

405 1262 439 1283 hic
448 1262 540 1290 fini-ar,
559 1267 599 1287 ut,
612 1261 633 1289 fi
643 1259 782 1289 absblvendus
795 1260 843 1291 quis
857 1259 919 1288 effit,
934 1260 1009 1289 statim
1016 1259 1178 1289 absolveretur.-

399 1293 422 1321 fi
432 1292 580 1319 damnandus,
589 1292 666 1321 statim
677 1292 832 1315 damnaretur.-
845 1292 868 1321 fi
878 1292 941 1321 catafiz
952 1299 991 1313 non
1003 1292 1052 1319 effer
1065 1292 1140 1314 idonea
1152 1292 1181 1314 ad

406 1325 566 1347 damnationem
578 1340 585 1350 ,
603 1322 686 1352 absblvi
698 1329 768 1346 tamen
781 1331 821 1345 non
831 1322 894 1352 postet
907 1339 913 1349 ,
931 1323 1043 1355 ,Amplius
1053 1324 1180 1354 pronuntia-

404 1361 473 1378 retur.
491 1355 534 1378 Sed
541 1353 630 1378 fortasse
638 1353 751 1378 Pedianus
762 1353 863 1378 excusati
878 1354 977 1384 poterit,
995 1353 1011 1377 fi
1025 1360 1130 1384 tempora
1144 1354 1179 1378 di-

405 1385 565 1417 stinguantur,
583 1386 627 1409 hoc
634 1385 721 1409 modo:
741 1386 909 1417 utantelegem
923 1386 1044 1410 Glauciam
1057 1386 1179 1417 ampliatio

404 1416 476 1441 fuerit
491 1418 566 1442 dilatae
580 1417 787 1441 condemnationis
801 1418 918 1442 indicium
931 1425 936 1440 :
962 1416 1014 1448 post
1032 1418 1110 1449 legem
1122 1425 1178 1442 vero

407 1449 528 1473 Glauciam
542 1466 548 1476 ,
566 1448 711 1473 obscuritatis
724 1466 730 1476 ,
749 1456 792 1473 nec
808 1449 859 1473 satis
870 1449 992 1479 exploratae
1011 1447 1136 1472 sententia.
1154 1457 1180 1472 u·

409 1486 520 1512 trumque
527 1479 579 1504 sane
586 1480 633 1504 duo
642 1481 821 1504 Ciceronisloca
830 1497 836 1507 ‚
853 1480 868 1504 fi
876 1481 930 1510 quis
942 1480 1080 1507 attenderit,
1098 1480 1178 1504 viden-

407 1518 444 1536 tur
451 1512 584 1536 ostendere:
603 1513 722 1542 primum,
739 1511 859 1539 injudicio
867 1511 1014 1537 Philodami,
1031 1511 1116 1541 dequo
1126 1519 1179 1541 pro-

406 1544 472 1567 xime
479 1543 569 1567 dictum
576 1543 607 1566 est
615 1560 622 1570 ,
634 1542 668 1566 ibi
677 1543 743 1566 enim
753 1559 758 1569 ,
767 1542 866 1566 dubium
873 1541 938 1566 fuiss'e
945 1542 994 1572 post
1002 1542 1179 1566 damnationem

406 1582 518 1599 eventum
531 1575 613 1604 judicii
625 1575 694 1605 plane
705 1573 801 1597 constat.
817 1573 903 1597 deiude
914 1590 920 1601 ‚
934 1581 990 1597 cum
1003 1581 1028 1596 ea
1041 1573 1102 1596 dixit
1115 1577 1179 1598 verr¹

407 1609 425 1630 1.
435 1614 458 1633 9.
478 1608 569 1633 Verum,
589 1613 614 1629 ut
625 1607 694 1638 opinor
706 1623 712 1633 ,
731 1606 826 1639 §lautia
837 1612 919 1636 primus
932 1606 986 1628 tulit
1000 1621 1006 1631 ,
1023 1611 1048 1628 ut
1061 1611 1179 1635 comperen-

407 1638 521 1661 dirmretur
533 1640 590 1660 r'eus.
606 1643 672 1660 antea
685 1638 830 1667 velsredrcari
839 1638 912 1668 primo
922 1642 1007 1668 poterat
1020 1653 1027 1662 ,
1045 1637 1097 1663 vel,
1115 1640 1179 1660 ,Am-

404 1670 463 1699 plius
472 1686 478 1696 ,
494 1669 638 1699 pronuntiari.
654 1674 727 1691 utram
740 1668 808 1698 igitur
821 1674 883 1697 putas
896 1669 964 1697 legem
977 1668 1115 1690 molliorem?
1135 1668 1179 1699 opi-

404 1709 441 1722 mr
450 1718 456 1727 ,
474 1701 539 1723 illam
552 1707 649 1723 veterem
662 1709 670 1722 :
687 1707 732 1730 qua
745 1700 782 1722 vel
794 1700 835 1721 ciro
848 1698 930 1728 abfizlvt
943 1716 949 1725 ,
973 1699 1011 1721 vel
1029 1698 1089 1721 tarde
1108 1699 1181 1721 sonde-

406 1734 479 1754 mnari
494 1731 580 1755 licebat.
597 1738 651 1754 nam
664 1730 724 1757 hoc,
740 1731 807 1753 Tarde
820 1730 965 1757 condemnari,
983 1728 1010 1753 ad
1024 1729 1084 1753 illud
1093 1746 1099 1757 ,
1112 1730 1178 1762 quod

406 1764 517 1795 proxime
530 1764 634 1789 dixerat,
652 1762 764 1789 refertur,
779 1764 904 1794 Amplius,
922 1762 1075 1793 pronuntiati.
1093 1768 1118 1784 ut
1131 1769 1180 1785 am—

407 1795 521 1826 pliatione
529 1794 659 1818 nibilaliud
667 1811 672 1820 ,
690 1800 761 1825 quam
768 1792 855 1816 tardam
861 1793 1087 1817 condemnationem
1095 1809 1101 1820 ,
1109 1792 1177 1823 signi-

406 1826 473 1852 ficare
486 1826 597 1850 videatur.
629 1824 712 1850 Differt
725 1824 796 1847 etiam
808 1825 832 1848 in
846 1823 890 1847 lioc
903 1823 915 1847 Ξι
928 1824 1179 1856 comperendinatione

411 1859 532 1890 ampliatio
541 1876 546 1885 ,
564 1857 630 1889 quod
637 1856 759 1889 ampliatio
769 1862 858 1879 tantum
866 1854 879 1879 Ξι
886 1856 991 1884 iudicum
998 1855 1093 1879 arbitrio
1105 1862 1129 1879 ac
1136 1863 1178 1879 vo-

408 1890 497 1914 luntate
511 1890 612 1921 pendet,
629 1887 848 1920 comperendinatio
858 1887 890 1911 est
902 1888 942 1911 illa
950 1887 1048 1919 quidem
1059 1887 1084 1911 in
1095 1887 1178 1917 judici-

406 1921 450 1945 bus
463 1921 548 1953 postta,
565 1920 604 1946 sed
611 1927 704 1953 petente
717 1920 754 1944 vel
761 1918 901 1946 accusatore,
918 1917 1092 1943 veldefensore.
1109 1926 1177 1947 nam,

406 1953 449 1977 nisi
457 1955 577 1980 alteruter,
595 1960 631 1977 aut
638 1959 735 1988 uterque
742 1950 854 1983 petiisset,
871 1950 931 1974 nihil
942 1951 1030 1980 judices
1041 1951 1070 1975 de
1082 1958 1178 1982 compe-

408 1986 554 2010 rendinando
562 1992 601 2009 reo
608 1985 753 2015 cogitassent.
768 1990 817 2007 non
825 1981 923 2015 potuisse
930 1990 1008 2007 autem
1014 1983 1178 2014 comperendi-

407 2018 528 2041 nationem
542 2017 623 2041 intitis
641 2015 755 2045 judicibus
767 2015 869 2042 omitti,
893 2014 1004 2038 Pedianus
1017 2014 1087 2039 docet
1100 2031 1106 2042 ,
1124 2021 1178 2038 cum

409 2048 441 2071 ait
456 2065 462 2075 ,
479 2050 523 2072 ideo
537 2049 622 2078 restibus
635 2049 697 2078 ufism
708 2047 746 2076 effi
759 2045 878 2069 Ciceronem
892 2063 898 2074 ‚
917 2053 942 2069 ur
955 2063 961 2074 ,
973 2046 1081 2079 fip0ffi²⁵
1097 2053 1179 2079 compe-

408 2081 576 2103 rendinationem
589 2082 684 2103 tolleret.
708 2077 812 2109 Sperabat
826 2078 891 2101 enim
904 2079 1004 2105 Cicero,
1020 2075 1083 2102 causa
1095 2085 1135 2109 per
1148 2085 1180 2102 te-

409 2109 452 2135 stes
464 2110 585 2142 patesasta,
604 2110 764 2141 judicibusque
772 2109 879 2141 probata,
896 2109 1001 2133 futurum
1009 2110 1180 2134 urdetollenda

409 2141 950 2173 comperendinationeaiudicibusimpetraret.
967 2149 1038 2173 ergo,
1055 2142 1181 2170 tuminju-

410 2173 514 2200 ditibus,
535 2179 586 2196 tum
600 2175 623 2197 in
637 2173 778 2201 accusatore,
797 2181 820 2197 ac
827 2172 949 2198 defensore
961 2173 1031 2198 {itum
1038 2173 1104 2197 fuisse
1116 2180 1182 2197 com-

410 2204 581 2238 perendinandi
594 2205 627 2234 ius
636 2222 642 2232 ,
659 2213 712 2228 vere
719 2205 777 2230 dixi.
795 2204 937 2230 Differebant
949 2206 1021 2229 etiam
1034 2205 1127 2236 origine
1134 2212 1182 2228 am-

409 2237 493 2269 pliatio
507 2253 514 2264 ‚
533 2237 557 2260 &
570 2237 797 2267 comperendinatio.
814 2245 868 2261 nam
882 2237 1036 2262 vetustiorem
1050 2236 1117 2261 suiffe
1134 2244 1182 2261 am-

409 2269 564 2301 pliationem,
580 2267 648 2291 verba
662 2268 783 2293 Ciceronis
803 2269 832 2293 de
845 2270 896 2302 lege
909 2270 1004 2293 Glaucia
1013 2267 1182 2293 demonstrant.

410 2302 435 2324 &
444 2318 450 2328 ,
467 2303 491 2324 P·
499 2300 591 2324 Licinio
598 2316 605 2327 ³
622 2301 651 2323 C·
659 2299 736 2323 Caffio
744 2317 750 2327 ‚
768 2300 832 2325 Coss.
841 2301 885 2325 hoc
894 2301 926 2325 est
934 2302 1015 2325 multis
1021 2308 1073 2325 ante
1080 2301 1182 2332 primam

409 2332 440 2356 de
446 2331 664 2363 repetundislegem
671 2332 735 2354 annis
744 2348 750 2357 ‚
767 2339 837 2363 quam
844 2331 857 2356 21
865 2335 891 2358 L.
900 2333 983 2357 Pisone
989 2334 1058 2358 latam
1067 2332 1179 2360 diximus,

409 2364 531 2397 ampliatos
543 2362 587 2389 effe
598 2370 650 2388 reos
663 2363 688 2387 in
699 2363 789 2394 judicio
801 2364 996 2395 repetundarum,
1010 2365 1070 2397 apud
1082 2364 1180 2391 Livium

1160 103 1526 131 Minui-ir

1202 149 1264 174 libro
1277 153 1356 175 XLIII.
1370 150 1585 175 animadvertimus.
1601 151 1686 175 Redeo
1700 150 1726 175 ad
1742 158 1805 176 rem:
1823 159 1865 177 nec
1875 159 1950 180 tamen
1961 155 1975 180 a

1203 183 1330 213 relongius
1338 181 1457 206 discessum
1469 183 1508 205 esi.
1525 182 1620 214 quando
1633 185 1658 207 in
1666 184 1717 215 lege
1724 184 1816 208 Servilia
1823 186 1940 216 caputfuit
1947 188 1976 212 de

1203 214 1454 244 comperendinatione
1468 222 1474 236 ε
1493 215 1516 237 ἃ
1531 215 1606 237 Acilia
1620 231 1627 241 ,
1645 214 1674 238 de
1687 223 1731 246 qna
1744 217 1853 246 proxime
1866 225 1974 249 agemus,

1203 246 1479 277 comperendinationem
1493 246 1561 269 1i1nul
1574 253 1627 269 cum
1637 248 1801 278 ampliatione,
1820 255 1869 279 qua·
1880 257 1977 281 utraque

1204 278 1237 300 rei
1252 278 1330 308 porius
1347 277 1409 300 causa
1418 294 1424 304 ,
1442 285 1512 309 qnam
1521 277 1654 301 accusatoris
1663 295 1668 305 ,
1688 278 1778 302 videtur
1791 278 1834 302 csse
1841 281 1975 310 constituta,

1207 310 1310 332 omnino
1325 309 1437 332 sublatam
1450 308 1494 332 esse
1507 309 1573 338 iussit.
1597 311 1662 333 Tulit
1676 317 1727 333 eam
1745 311 1822 342 legem
1838 314 1872 335 M.
1887 313 1976 337 Acilius

1206 339 1302 364 Glabrio
1312 358 1318 367 ,
1337 347 1398 372 pater
1405 341 1454 368 ejus
1463 358 1469 368 ,
1486 342 1528 371 qui
1537 342 1611 364 Verris
1620 343 1644 365 in
1653 344 1715 365 caula
1723 350 1804 372 prator
1811 342 1856 366 fuit
1864 360 1870 369 ,
1888 344 1911 367 ὅ(
1919 351 1974 369 cum

1205 374 1233 395 C.
1243 373 1370 404 Calpurnio
1378 372 1459 396 Pisone
1471 372 1520 403 post
1527 372 1651 397 biennium
1659 374 1813 397 Consulatum
1822 374 1900 405 gestit,
1917 377 1978 400 tule-

1207 404 1237 427 rit
1249 411 1325 428 autem
1338 405 1364 427 in
1376 403 1492 427 tribunatu
1503 403 1576 435 plebis
1588 413 1614 428 an
1627 407 1652 429 in
1662 412 1754 436 pratuta
1763 423 1768 432 ,
1787 407 1958 431 minusconstat
1969 415 1976 430 :

1206 436 1274 459 latam
1283 443 1360 459 tamen
1368 436 1393 459 in
1400 435 1516 459 tribunatu
1525 437 1616 467 potius,
1636 445 1706 469 quarn
1715 438 1738 460 in
1747 444 1841 468 pistura
1849 454 1855 464 ,
1869 439 1978 463 utexisti-

1207 475 1288 494 mem,
1305 468 1350 491 hoc
1365 468 1468 491 adducor
1481 474 1618 498 argumento
1627 486 1633 496 ‚
1651 469 1716 500 quod
1723 470 1824 500 reliquas
1831 469 1860 493 de
1868 477 1977 500 repetun-

1208 500 1244 524 dis
1251 500 1313 530 leges
1321 499 1333 522 a
1341 499 1439 522 tribunis
1450 498 1524 530 piebis
1532 506 1615 523 omnes
1621 500 1691 524 video
1699 507 1787 532 rogatas
1800 500 1857 528 esse,
1874 503 1978 534 exceptis

1210 532 1252 557 iis,
1269 539 1325 562 quas
1333 532 1436 562 patricii,
1454 529 1592 562 quitribuni
1604 531 1678 561 plebis
1690 532 1734 556 eise
1743 540 1791 556 non
1799 539 1920 563 poterant,
1938 541 1977 557 ro-

1209 570 1304 594 garunt,
1322 563 1479 589 utCornelia,
1499 563 1566 594 Julia.
1589 562 1758 587 Severiffimarn
1770 563 1836 588 fuisse
1849 565 1907 588 hanc
1921 566 1976 590 Gla-

1207 594 1298 618 brionis
1308 595 1385 625 legem
1395 612 1401 621 ,
1418 595 1442 618 in
1451 602 1494 625 qua
1503 601 1531 617 ne
1538 595 1860 626 comperendinariquidem,
1878 603 1915 620 aut
1928 605 1977 621 am-

1208 627 1274 657 pliari
1287 627 1367 650 liceret
1379 633 1445 650 reum
1454 643 1460 653 ,
1479 627 1563 649 Cicero
1571 625 1633 649 libro
1646 629 1663 650 1.
1677 628 1702 650 in
1710 629 1815 654 Verrem,
1834 628 1976 653 &Pedianus

1207 658 1308 682 tradunt.
1326 659 1403 689 itaque
1412 658 1496 684 multi,
1515 658 1577 681 nulla
1591 659 1708 684 omnino,
1724 665 1801 690 neque
1814 660 1978 691 comperendi-

1208 691 1324 717 nationis,
1341 697 1420 722 neque
1428 690 1599 721 ampliationis,
1617 689 1888 721 dilationeinterposita,
1905 691 1977 716 semel

1207 721 1315 748 accusati,
1336 722 1407 745 semel
1421 721 1481 745 dista
1493 721 1569 748 causa,
1586 721 1658 745 semel
1668 722 1751 746 auditis
1764 721 1871 749 testibus,
1888 730 1912 746 ea
1925 724 1978 754 lege

1207 754 1309 777 damnati
1317 752 1376 777 sunt.
1395 753 1466 784 Qod
1474 760 1551 777 autem
1559 754 1584 776 in
1591 760 1620 777 eo
1629 754 1682 777 loco
1690 754 1776 777 Cicero
1790 754 1863 777 dixit:
1883 754 1923 785 Ego
1934 755 1976 778 tibi

1206 787 1270 808 illam
1285 786 1390 809 ,Aciliam
1404 787 1471 816 legem
1484 785 1582 813 restituo.-
1602 793 1650 808 non
1666 786 1726 809 dixit
1740 802 1745 811 ‚
1763 785 1860 814 restituo,
1877 785 1940 816 quasi
1949 786 1979 810 de

1204 817 1504 847 legeanteserviliamlata,
1522 816 1560 840 sed
1569 816 1649 841 habuit
1659 818 1773 840 rationem
1788 815 1904 849 praesentis
1918 823 1979 841 tem-

1207 849 1287 880 poris,
1304 855 1359 871 cum
1372 856 1399 871 ex
1414 849 1465 879 lege
1479 849 1604 874 Cornelia,
1623 856 1671 872 non
1685 849 1729 875 ian]
1737 856 1764 871 ex
1773 849 1861 874 Acilia,
1879 849 1908 872 de
1915 856 1980 881 repe-

1207 879 1441 910 tundisqurcrebatut.
1461 880 1536 902 Acilia
1549 880 1614 902 enim
1629 880 1725 903 tollebat
1737 881 1871 904 omnino&
1882 888 1980 912 compe·

1206 912 1395 935 rendinationem
1410 928 1416 938 ‚
1434 911 1642 942 &ampliationem
1657 919 1662 934 t
1685 919 1735 943 quae
1749 917 1844 942 utraque
1857 928 1864 937 ,
1880 919 1979 943 compe-

1206 943 1338 966 rendinatio
1351 942 1450 974 quidem
1463 950 1524 965 certe
1537 959 1544 969 ,
1560 943 1613 974 lege
1624 943 1736 966 Cornelia
1750 942 1934 974 permittebatur.
1953 943 1978 967 id

1207 975 1293 998 Cicero
1324 974 1460 1004 significavit
1488 972 1541 997 satis
1568 981 1645 1003 aperte
1657 991 1664 1002 ,
1697 982 1752 998 cum
1780 974 1850 998 dixit.
1889 976 1977 999 adimo

1208 1008 1264 1028 enim
1281 1007 1489 1038 rumperendiuarum
1503 1015 1511 1027 :
1534 1007 1590 1035 quod
1601 1006 1664 1028 habet
1676 1006 1713 1028 lex
1725 1008 1747 1028 in
1761 1008 1784 1035 fe
1797 1006 1975 1037 moieflssimum,

1208 1036 1240 1059 bis
1254 1044 1279 1060 ut
1292 1040 1354 1065 causa
1366 1038 1460 1059 dicatur.
1472 1035 1531 1059 Etin
1540 1043 1582 1059 eo:
1600 1038 1695 1059 Glaucia
1706 1038 1788 1066 primus
1798 1039 1868 1064 tulit,
1885 1044 1911 1060 ut
1918 1046 1977 1060 com-

1204 1070 1381 1100 perendmaremr
1392 1076 1450 1091 reus.
1470 1071 1531 1090 Nam
1540 1083 1546 1093 ‚
1563 1066 1580 1090 si
1592 1069 1682 1098 primus
1695 1068 1804 1096 Glaucia,
1820 1076 1877 1099 ergo
1894 1070 1980 1101 aliquis

1209 1099 1259 1130 post
1276 1107 1330 1123 eum
1344 1099 1402 1123 item
1416 1098 1445 1122 de
1459 1099 1711 1128 comperendinatione
1732 1100 1784 1122 tulit
1796 1116 1803 1126 ‚
1826 1107 1882 1123 eum
1901 1108 1979 1125 autem

1210 1132 1314 1155 Acilium
1322 1131 1407 1154 constat
1416 1138 1466 1154 non
1473 1129 1551 1153 fuisse:
1568 1131 1592 1153 id
1601 1130 1667 1162 quod
1679 1130 1834 1155 ostendimus.
1847 1131 1892 1154 fuit
1906 1133 1979 1161 igitur

1208 1165 1234 1186 L.
1244 1164 1316 1194 Sylla:
1338 1163 1400 1191 cujus
1407 1163 1494 1191 exlege
1501 1162 1660 1194 hoctempore
1670 1161 1753 1189 judicia
1766 1162 1980 1194 dereperundisad-

1207 1193 1404 1218 ministrabantur.
1421 1194 1534 1225 idemque
1546 1194 1642 1217 declarat
1655 1193 1780 1221 Pedianus,
1797 1201 1852 1218 cum
1865 1195 1896 1217 ait
1909 1212 1915 1222 ‚
1933 1196 1979 1218 ideo

1206 1226 1293 1255 restibus
1311 1227 1374 1256 usiam
1391 1225 1428 1254 effi>
1444 1227 1559 1248 Ciceronem
1573 1243 1579 1253 ‚
1603 1232 1628 1248 ut
1641 1242 1647 1252 ,
1670 1226 1693 1256 fi
1704 1226 1768 1257 poffet
1781 1242 1787 1252 ,
1811 1227 1980 1257 comperendina-

1207 1259 1287 1280 tionem
1299 1259 1392 1281 tolleret.
1415 1256 1497 1281 frustra
1510 1258 1575 1281 enim
1589 1258 1675 1281 Cicero
1693 1264 1788 1280 conatus
1807 1256 1861 1281 eiii-t
1880 1259 1976 1286 tollere,

1207 1296 1230 1312 ac
1238 1289 1473 1320 neconatusquidem
1481 1288 1534 1313 esset
1546 1307 1552 1317 ‚
1570 1288 1586 1312 fi
1599 1288 1718 1312 necessaria
1730 1288 1813 1313 fuisset.
1831 1291 1893 1313 Cum
1901 1296 1980 1314 autem

1208 1321 1233 1344 in
1247 1328 1276 1344 eo
1289 1321 1343 1344 loco
1356 1320 1474 1349 subjunxit
1488 1329 1494 1343 :
1513 1324 1549 1344 lta
1561 1327 1651 1344 mittam
1665 1322 1687 1343 ιή
1699 1321 1807 1352 corfinum
1816 1337 1822 1347 ,
1839 1327 1878 1348 ut,
1896 1323 1982 1353 etiamsi

1206 1353 1244 1375 lex
1256 1354 1457 1384 ampliandifaciat
1469 1354 1592 1383 potestatem
1607 1369 1614 1379 ‚
1638 1359 1710 1376 tamen
1723 1353 1758 1382 asti
1771 1358 1834 1383 turpe
1849 1351 1892 1383 fibi
1904 1353 1978 1381 existi-

1207 1392 1281 1411 ment,
1300 1393 1338 1407 non
1348 1385 1421 1417 primo
1426 1385 1531 1416 judicare
1538 1394 1546 1407 :
1563 1384 1610 1408 hoc
1622 1384 1692 1408 dicit:
1708 1384 1739 1407 ita
1747 1383 1812 1407 testes
1820 1384 1978 1415 interrogabo,

1207 1416 1239 1439 ita
1246 1415 1327 1439 scelera
1335 1416 1410 1440 Verris
1420 1415 1567 1447 patefaciam,
1586 1423 1611 1439 ut
1625 1433 1631 1444 ,
1648 1415 1736 1439 etiamsi
1747 1416 1785 1439 lex
1800 1416 1888 1442 Acilia,
1905 1415 1976 1447 quam

1208 1447 1461 1477 quodadmeattinet,
1479 1446 1523 1471 tibi
1534 1447 1645 1473 restituo,
1664 1446 1979 1477 (adimoenimcompeien-

1208 1479 1331 1508 dinatum)
1349 1480 1467 1510 permittat
1479 1479 1518 1505 id,
1535 1479 1601 1509 quod
1617 1478 1719 1501 minime
1734 1478 1849 1508 permittit
1861 1495 1867 1504 ,
1886 1478 1980 1502 dilatio-

1208 1517 1264 1533 nem
1272 1510 1395 1536 videlicet,
1412 1510 1500 1537 judices
1512 1516 1589 1533 tamen
1598 1526 1604 1535 ,
1620 1509 1680 1532 haud
1693 1517 1809 1541 quaquam
1822 1508 1957 1540 ampliantes
1971 1527 1978 1537 ,

1207 1541 1501 1571 (comperendinationem
1508 1547 1557 1564 non
1565 1541 1686 1567 nominat,
1700 1541 1754 1572 quia
1760 1541 1979 1571 comperendinatio

1209 1579 1257 1595 non
1266 1572 1385 1601 judicum,
1401 1571 1440 1596 sed
1450 1572 1597 1599 accusatoris,
1615 1573 1637 1595 ἃ
1646 1571 1774 1595 defensoris
1781 1579 1841 1599 erat,
1858 1580 1926 1600 cum,
1937 1580 1980 1596 eo-

1208 1611 1261 1627 rum
1276 1604 1387 1627 alterutro
1402 1610 1496 1634 petente
1510 1620 1516 1630 ,
1539 1603 1604 1626 fieret
1617 1620 1624 1630 ,
1649 1604 1770 1633 ampliatio
1785 1611 1839 1626 vero
1851 1603 1977 1634 judicum)

1208 1635 1373 1666 magnitudine
1385 1636 1530 1661 criminum,
1548 1636 1572 1659 &
1585 1635 1607 1657 vi
1622 1634 1788 1665 probationum
1801 1634 1918 1666 inspecta,
1934 1635 1978 1660 fibi

1209 1672 1275 1697 turpe
1285 1665 1421 1690 arbitrentur
1429 1674 1478 1690 non
1485 1668 1564 1698 ptimo
1572 1665 1679 1695 judicare.
1696 1669 1724 1689 Et
1732 1683 1738 1692 ,
1756 1666 1821 1697 quod
1829 1666 1931 1690 Aciliam
1938 1667 1980 1692 ci-

1208 1704 1261 1721 cero
1268 1699 1400 1728 minffimsm
1408 1705 1487 1726 vocat,
1502 1705 1573 1730 quam
1581 1697 1695 1721 Asconius
1701 1698 1868 1729 scwnffimam,
1882 1705 1980 1731 uterque

1196 1730 1288 1753 reete:
1306 1729 1470 1754 severissimam
1484 1746 1490 1756 ,
1518 1729 1534 1753 fi
1547 1737 1602 1753 cum
1620 1728 1755 1753 veteribus:
1773 1729 1919 1754 mitisiirnam
1933 1747 1940 1757 ,
1961 1729 1979 1754 fi

1208 1768 1263 1785 cum
1277 1762 1389 1785 Cornelia
1401 1761 1538 1786 conferatur.
1564 1765 1617 1784 Hac
1629 1760 1734 1792 pluribus
1747 1760 1823 1785 verbis
1835 1778 1841 1789 ,
1859 1768 1911 1785 tum
1924 1762 1979 1792 quia

1209 1793 1327 1824 pertinent
1335 1793 1361 1816 ad
1368 1794 1432 1823 leges
1439 1810 1446 1820 ,
1464 1800 1515 1816 tum
1525 1793 1579 1823 quia
1589 1793 1654 1815 locus
1662 1792 1818 1816 Ciceronisin
1825 1794 1919 1816 Verrem
1927 1793 1980 1818 satis

1208 1823 1276 1847 habet
1288 1823 1433 1848 obscuritatis
1446 1833 1451 1846 :
1470 1825 1494 1847 δι
1508 1824 1533 1846 in
1549 1830 1578 1845 eo
1595 1824 1732 1853 interpretes
1750 1831 1833 1847 omnes
1847 1823 1977 1855 implicati,

1208 1856 1351 1887 tanquamin
1358 1854 1440 1878 salebra
1447 1853 1568 1878 haeserunt.
1586 1854 1673 1885 Qinra
1684 1853 1845 1878 fuitCornelia
1854 1872 1860 1882 ,
1877 1857 1979 1887 L.Syllae

1207 1887 1335 1911 Distatotis
1343 1904 1348 1912 ‚
1356 1894 1406 1918 qua:
1413 1886 1686 1917 comperendinationem
1694 1902 1701 1913 ‚
1716 1887 1767 1917 iege
1776 1887 1848 1910 Acilia
1857 1885 1977 1914 sublatam,

1206 1918 1314 1942 restituit.
1330 1918 1473 1945 fuitautem,
1491 1925 1516 1941 ut
1525 1917 1636 1949 posterior
1643 1918 1784 1948 quazquelex
1793 1935 1800 1945 ,
1810 1918 1980 1950 durior‚quam

1208 1951 1295 1975 Acilia:
1313 1950 1354 1974 etsi
1362 1949 1639 1980 comperendinationem
1652 1948 1807 1976 concedebat,
1821 1957 1892 1981 quam
1905 1951 1981 1974 Acilia

1208 1981 1318 2005 tollebat:
1335 1981 1401 2005 sicuti
1414 1983 1451 2005 lex
1459 1981 1553 2005 Glaucia
1564 1981 1659 2007 durior,
1673 1988 1743 2012 quam
1751 1987 1826 2004 vetus:
1839 1988 1894 2005 cum
1901 1987 1981 2006 tamen

1209 2014 1304 2038 Glaucia
1311 2013 1573 2046 legecomperendinari
1581 2011 1653 2043 posset
1661 2019 1800 2039 reus,vete.re
1809 2013 1862 2044 lege
1869 2020 1918 2037 non
1925 2013 1979 2045 pos-

1209 2044 1248 2070 set.
1267 2046 1292 2070 id
1299 2047 1385 2069 Cicero
1393 2045 1502 2077 fignificat
1515 2045 1551 2068 his
1563 2043 1651 2068 verbis:
1669 2046 1751 2067 viram
1762 2051 1828 2076 pictas
1842 2046 1910 2075 legem
1922 2047 1979 2070 mal-

1208 2079 1300 2101 liorem?
1316 2078 1400 2109 opinor,
1423 2079 1485 2100 illam
1499 2083 1604 2099 veterem.
1626 2074 1762 2106 eodemque
1775 2076 1850 2099 modo
1864 2075 1980 2105 severior,

1209 2116 1259 2140 qua:
1266 2109 1385 2132 consecuta
1393 2107 1424 2132 est
1432 2125 1438 2135 ,
1455 2108 1513 2138 Julia
1522 2124 1528 2135 ‚
1546 2114 1618 2138 quam
1626 2107 1746 2130 Cornelia.
1765 2108 1830 2139 quod
1837 2107 1902 2131 idem
1911 2109 1980 2132 Cice-

1208 2148 1236 2164 ro
1244 2141 1268 2164 in
1275 2140 1432 2171 orationepro
1440 2139 1565 2163 Posthumo
1573 2139 1649 2162 tradit.
1665 2139 1863 2171 Suntautemlege
1870 2140 1982 2164 Cornelia
1998 2163 2003 2169 ,

1209 2173 1293 2201 judicia
1306 2171 1476 2203 derepetundis
1488 2169 1682 2201 omniausquead
1695 2172 1724 2194 C.
1732 2170 1822 2194 Caesaris
1831 2187 1837 2198 ‚
1854 2172 1896 2203 qui
1904 2171 1982 2203 postea

1211 2205 1315 2228 Distaror
1331 2203 1376 2228 fuit
1389 2220 1395 2231 ,
1413 2203 1518 2235 primum
1532 2201 1685 2227 consulatum
1705 2201 1865 2226 administrata.
1889 2201 1981 2228 Consul

1211 2236 1277 2260 enim
1283 2234 1353 2260 Caesar
1362 2242 1449 2259 novam
1459 2234 1489 2259 de
1496 2235 1632 2267 repetundis
1645 2234 1723 2265 legem
1736 2235 1834 2266 rogavit.
1852 2235 1916 2263 cuius
1927 2236 1981 2266 qui-

1212 2268 1267 2292 dem
1279 2268 1351 2300 capita
1360 2284 1367 2294 ,
1385 2274 1436 2299 quae
1448 2274 1477 2291 ex
1491 2274 1597 2291 veterum
1610 2265 1699 2298 scriptis
1711 2265 1779 2289 liceat
1790 2266 1917 2298 colligere,
1933 2267 1981 2290 haec

1211 2301 1315 2324 maxime
1326 2299 1432 2323 fuerunt:
1449 2305 1637 2330 utrepeterentur
1644 2298 1761 2329 pecuniae,
1778 2305 1834 2329 quas
1840 2299 1893 2330 quis
1900 2298 1924 2321 in
1932 2305 1980 2321 ma-

1211 2331 1318 2364 gistratu,
1334 2330 1458 2363 potestate,
1475 2332 1605 2357 cui-atione,
1627 2329 1757 2361 legatione,
1772 2327 1982 2364 velquoaliooffi-

1207 2365 1260 2395 cio,
1278 2370 1390 2393 munere,
1406 2362 1568 2388 ministeriove
1575 2361 1672 2395 publico
1679 2359 1787 2394 cepiffizt,
1805 2362 1841 2386 vei
1853 2362 1937 2415 aliquas
1949 2367 1980 2384 ex

1893 2398 1920 2416 co
1940 2399 1981 2416 ot-
