2075 2734
365 89 418 118 862
775 83 1155 112 *Pauch‘

1189 91 1484 119 ANU'P‘xy

365 134 421 156 tione
430 148 435 158 ,
443 127 630 160 defingulitrebus
638 145 644 156 .
650 128 776 162 deprimitis
786 146 791 156 ‚
798 128 873 160 magist
876 128 958 152 ratibus
965 129 1090 153 audiendis:
1099 128 1145 159 pri·
1171 129 1360 154 intercessionem
1366 129 1433 155 fuisse
1441 148 1447 158 ,
1455 129 1571 155 declarant
1577 129 1616 154 illa
1623 129 1735 163 proxime
1740 129 1831 156 recitata
1837 148 1845 160 ,
1850 138 1901 164 quae
1907 132 1948 157 Li-

367 169 432 187 vatos
440 160 518 193 posuit
524 168 577 185 ante
583 161 726 193 magistratus
733 178 739 188 ,
746 168 801 184 curn
808 160 872 192 supra
879 161 985 193 primum
993 159 1144 192 magistratus,

368 193 454 219 deinde
461 194 561 225 privatos
568 191 717 217 nominasset.
730 192 796 224 quod
809 193 824 216 si
833 192 859 216 ad
866 193 989 216 veritatem
996 193 1056 216 ordo
1063 191 1145 216 refera-

367 232 421 252 tur,
438 226 501 257 prius
513 226 632 250 nominari
645 231 761 256 privatos,
779 224 867 248 deinde
874 225 1018 256 magistratus
1030 224 1144 256 oportuit.

370 259 435 289 prior
441 259 507 281 enim
514 257 679 288 privatislocus
686 257 711 280 in
718 256 832 280 suadenda
843 257 1018 280 dissuadendam
1029 257 1082 287 lege
1090 257 1145 279 ideo

371 289 436 319 datus
443 290 482 316 esi,
492 297 528 316 ne,
540 289 555 313 si
563 297 612 315 eos,
620 291 662 320 qui
670 288 828 320 magistratum
836 289 945 320 gerebant
952 306 958 315 ‚
965 296 1017 313 ante
1025 287 1145 314 audissent,

372 321 399 345 ab
414 323 442 345 iis
455 321 573 345 dissentire
585 328 634 344 non
649 320 765 344 auderent.
779 321 853 351 idque
860 322 907 344 Dio
921 320 1021 346 historiae
1035 320 1077 344 sua:
1085 320 1147 344 libro

371 356 469 377 XXXIX.
482 352 593 383 scriptum
601 353 704 383 reliquit.
720 360 780 383 quos
788 360 864 376 antem
873 351 965 376 suadere
978 352 1148 377 autd'tss'uadere

370 387 433 415 leges
442 383 522 408 solitos
530 384 596 408 fuisse
604 384 708 408 diximus
717 401 723 411 ‚
738 392 778 407 eos
785 384 809 408 in
817 392 842 408 ea
850 392 891 415 pro
899 387 978 408 Flacco
991 388 1042 416 legii
1049 387 1147 407 authores
1161 393 1163 404 r

371 418 458 439 Cicero
466 417 574 448 appellat:
585 424 639 440 curn
648 417 754 440 authores
762 417 878 448 intelligat
886 418 921 440 vel
930 417 1066 448 accipienda:
1074 417 1132 447 legis
1140 433 1145 442 ,

370 448 407 471 vel
414 448 567 479 antiquandae.
579 451 630 472 Haec
637 448 666 471 de
673 448 820 472 suadentibus
826 447 1055 480 diffuadentibus'que
1062 449 1149 477 legem.

370 487 434 503 nunc
442 479 533 504 deloco
542 497 548 507 ,
561 480 623 504 unde
631 480 751 506 suaderent
759 498 766 508 ,
784 487 821 504 aut
829 480 982 505 dissuaderent
992 497 998 508 ‚
1014 480 1148 504 addendum

371 512 486 543 quiddam
493 512 533 536 esi.
551 514 631 536 Nemo
640 512 667 536 ad
676 513 801 544 populum,
814 512 857 536 nili
864 513 893 537 de
900 514 954 536 loco
962 513 1148 544 superiore,con-

371 543 515 571 cionabarur,
524 543 569 567 sive
577 545 596 568 is
604 545 703 575 privatus
710 543 779 572 esset,
787 544 832 568 five
840 545 998 576 magistratum
1007 543 1150 568 administra·

372 582 414 599 ret.
429 576 454 599 id
462 583 538 600 autem
547 576 578 599 ob
585 584 637 600 eam
644 575 733 600 causam
742 593 748 603 ,
758 584 807 608 quo
814 577 911 608 longius
924 576 936 600 Ξι
943 576 1054 600 stantibus
1061 577 1085 600 in
1093 583 1147 599 con-

373 608 442 631 cione
450 614 501 632 tum
509 609 613 632 exaudiri
620 616 666 632 vox
674 625 681 636 ,
693 615 745 632 tum
753 609 855 640 intelligi
863 608 930 632 verba
937 608 1035 640 possent.
1052 608 1150 632 concio-

373 639 486 663 nabantur
493 641 566 670 igitur
573 657 579 668 ‚
593 640 609 664 fi
617 641 642 664 in
649 639 703 664 foro
711 657 717 667 ‚
730 641 755 663 de
762 641 848 673 ‘Rqstm
857 658 863 667 ,
870 649 915 672 qur
923 640 1136 670 adcomitmmsmffe
1143 656 1149 665 ,

372 672 518 703 propejunc'ia
526 681 586 695 cum
593 689 599 699 ,
608 672 720 696 Pedianus
728 673 757 695 ait
764 679 808 703 pro
816 672 869 696 Mil.
878 680 928 704 pag.
935 681 942 696 1
949 681 987 700 95-
1000 672 1016 696 si
1030 673 1055 696 in
1066 678 1150 702 campo

374 703 581 731 Marti0‚velalibi‚
590 704 619 727 de
626 703 740 736 suggestu,
749 704 895 728 auteditiore
901 705 981 736 aliquo
988 704 1153 728 locosoncio·

375 736 425 759 nari
432 743 509 759 autem
516 735 685 768 magistratibus
694 743 736 767 pro
743 743 768 759 ea
775 753 782 763 ‚
790 744 862 768 quam
870 736 982 760 habebant
989 753 995 763 ,
1010 735 1118 768 potestate
1125 742 1153 758 o-

375 767 579 792 mnibuslicebar:
591 769 694 799 privatis,
703 768 769 799 quod
777 768 822 798 jam
830 768 943 796 diximus,
952 768 994 792 nisi
1000 770 1153 794 concionem,

378 798 457 827 idest,
470 799 792 832 concionandipoteflatem‚
811 799 962 832 {magistratu
975 801 1056 832 aliquo
1068 800 1154 831 accipe-

377 838 439 858 rent,
446 839 495 856 non
502 831 595 856 licebat.
607 833 639 859 &,
647 832 701 864 quia
709 830 788 863 saepius
796 832 820 855 in
828 831 882 855 foro
891 849 896 858 ‚
910 832 951 856 ubi
958 831 1039 856 Rostra
1046 831 1112 855 fuisse
1120 831 1154 855 di-

378 863 459 886 ximus
466 880 472 890 ,
481 871 552 895 quam
560 864 584 886 in
592 870 676 894 campo
684 880 690 890 ,
699 863 760 894 leges
767 862 899 887 ferebamur
907 872 912 887 z
920 863 975 887 ideo
984 863 1063 895 smpius
1071 863 1100 887 de
1107 866 1155 887 Ro-

377 893 438 921 stris,
447 902 517 926 quam
525 896 549 918 in
557 899 783 926 canrpo,conct'ones
791 895 940 920 habebantur.
948 896 1025 919 mutto
1032 896 1097 919 enirn
1105 895 1156 926 plu-

377 933 415 950 xes
421 927 516 951 tributis
522 928 636 954 comitiis,
644 935 702 957 quta..
711 927 791 957 legum
798 927 896 958 quidem
904 927 975 954 causa,
983 928 1007 950 in
1014 926 1077 954 foro,
1086 933 1157 950 inter-

379 957 437 982 dum
452 959 475 982 &
487 959 512 982 in
520 959 642 990 Capitolio
648 958 791 982 habebantur
799 975 805 985 ,
822 966 894 990 quam
906 959 1042 982 centuriatis
1050 975 1056 985 ‚
1073 966 1123 989 quae
1131 959 1156 981 in

377 996 473 1021 cunpo,
481 991 535 1013 latas
542 989 586 1014 esse
592 990 688 1015 constat,
695 997 749 1013 cum
756 990 844 1014 tribuni
851 990 926 1022 plebis
932 990 974 1022 qui
981 990 1079 1013 comitia
1087 989 1159 1013 tribu-

379 1027 409 1048 ta,
417 1029 467 1045 non
474 1023 608 1048 centuriata,
615 1022 736 1047 habebant,
745 1021 858 1045 facillime
864 1022 891 1044 ad
899 1023 962 1054 leges
969 1021 1081 1053 rogandas
1088 1021 1159 1044 addu-

379 1060 485 1077 cerentur
493 1071 499 1080 ‚
506 1055 595 1085 quippe
602 1055 643 1084 qui
652 1054 714 1085 leges
721 1061 772 1077 non
779 1053 864 1076 ferrent
870 1061 899 1077 ex
906 1053 995 1077 senatus
1003 1053 1160 1076 authoritate:

380 1085 447 1117 quod
461 1085 549 1109 necesse
563 1092 610 1109 erat
622 1085 651 1108 de
658 1085 750 1116 legibus
756 1086 899 1109 centuriatis.
917 1086 987 1111 Dixi,
1002 1086 1103 1117 privatos
1109 1092 1159 1108 non

381 1116 423 1140 nisi
434 1117 542 1148 potestate
549 1117 561 1140 a
569 1117 702 1148 magistratu
716 1124 804 1148 accepta
812 1118 946 1141 concionari
955 1117 1053 1148 potuisse
1060 1134 1066 1143 ,
1085 1117 1159 1148 magi—

380 1148 459 1172 stratus
467 1156 544 1172 aurem
551 1150 648 1173 cunctos
657 1149 698 1172 suo
706 1149 754 1177 jure
762 1148 938 1180 potuissequod
944 1157 999 1172 cum
1007 1149 1038 1172 ita
1045 1147 1089 1172 esse
1097 1156 1159 1172 nunc

380 1182 452 1204 etiam
461 1181 611 1208 confirmem,
618 1188 696 1204 tamen
705 1181 763 1204 illud
772 1181 841 1208 addo,
849 1181 970 1204 summum
979 1181 1003 1204 in
1010 1188 1039 1204 eo
1046 1181 1089 1209 jus,
1097 1180 1161 1204 sum-

382 1220 496 1244 mamque
504 1213 639 1244 potestatem
648 1212 797 1239 tribunorum
806 1212 881 1245 plebis
889 1211 966 1236 fuisse:
975 1214 1031 1244 qui,
1039 1212 1055 1236 si
1063 1212 1158 1240 vellent,

380 1251 432 1269 non
440 1245 540 1276 privatos
548 1245 623 1268 modo
630 1262 635 1271 ,
644 1251 726 1267 verum
733 1246 757 1269 Bc
765 1244 909 1276 magistratus
917 1244 979 1276 ipsos
987 1261 994 1271 ,
1008 1251 1077 1275 atque
1089 1245 1160 1268 etiam

381 1277 523 1303 commem,
532 1278 573 1309 qui
582 1276 687 1300 summus
694 1283 739 1299 erat
748 1277 890 1308 magistratus
899 1294 904 1303 ‚
912 1275 1037 1308 prohibere
1044 1277 1161 1300 concione

380 1315 497 1340 poterant.
510 1310 587 1340 itaque
600 1309 744 1332 Ciceronem
757 1308 888 1332 Consulem
901 1315 1009 1332 extremo
1017 1308 1162 1340 magistratus

381 1340 421 1364 die
430 1341 580 1372 QMetellus
588 1343 667 1372 Nepos
675 1339 783 1364 tribunus
790 1340 864 1372 plebis
871 1341 995 1365 concionis
1002 1339 1111 1364 habendae
1119 1347 1161 1371 po-

382 1371 462 1396 testate
470 1373 579 1403 privavit:
594 1373 617 1396 &
627 1375 658 1403 Q
665 1373 788 1396 Metellum
796 1374 906 1396 Celerem
914 1372 1045 1396 Consulem
1059 1370 1072 1395 Ξι
1079 1375 1105 1396 L.
1113 1372 1161 1395 Fla-

382 1405 424 1428 vio
432 1404 528 1428 tribuno
537 1404 611 1436 plebis
619 1405 643 1427 in
650 1412 763 1427 carcerem
771 1404 900 1428 deductum
909 1421 915 1431 ,
929 1411 1039 1435 annoque
1053 1404 1164 1435 proxime

382 1434 509 1460 consecuto
518 1440 551 1460 M.
559 1437 671 1460 Bibulum
680 1453 685 1463 ‚
694 1438 751 1459 irem
759 1435 889 1460 Consulem
898 1453 904 1463 ,
911 1434 925 1458 a
934 1439 955 1459 P.
963 1437 1057 1459 Vatinio
1064 1435 1162 1459 tribuno

382 1468 458 1499 plebis
472 1468 571 1492 historiae
585 1474 682 1491 narrant.
696 1475 745 1491 non
758 1469 823 1491 enim
837 1468 866 1492 de
873 1467 964 1492 Rostris
977 1468 1054 1491 modo
1066 1467 1162 1491 concio-

381 1506 558 1530 nantem,atque
564 1500 633 1523 etiam
642 1499 671 1522 de
677 1506 744 1522 curru
751 1500 936 1530 triumphantem
943 1499 1061 1522 detrahere
1067 1499 1163 1522 tribuno

384 1531 460 1562 plebis
468 1531 561 1557 licebat,
568 1538 649 1554 verum
657 1532 690 1557 &‚
698 1538 798 1562 quoquo
806 1532 876 1554 vellet
884 1547 890 1557 ,
897 1530 1011 1554 deducere
1019 1546 1025 1557 ,
1033 1531 1069 1553 vel
1076 1530 1103 1553 ad
1112 1530 1162 1560 sup-

383 1563 493 1594 plicium,
501 1562 517 1586 fi
525 1562 615 1586 liberet:
626 1569 747 1593 propterea
754 1562 828 1593 quod,
836 1563 874 1586 cui
882 1562 962 1589 vellet,
970 1569 1052 1585 manus
1059 1562 1162 1590 injicere,

384 1594 476 1618 vetusto
483 1595 706 1625 sacratarumlegum
714 1594 770 1623 jure.
779 1601 882 1624 poterat:
890 1592 942 1625 ipsi,
949 1601 1004 1617 cum
1011 1592 1162 1617 sacrosanstus

385 1625 454 1652 esset,
463 1634 536 1650 nemo
545 1632 641 1656 poterat.
660 1629 746 1649 Verum
754 1626 843 1649 tribuni
851 1625 926 1657 plebis
934 1625 1069 1656 potestatem
1078 1623 1119 1648 suo
1126 1626 1162 1647 lo-

385 1664 423 1684 co,
433 1657 457 1680 id
464 1657 495 1681 est
503 1675 508 1684 ,
517 1658 580 1681 libro
586 1657 615 1681 de
623 1657 792 1688 magistratibus
800 1675 806 1686 ,
814 1657 968 1683 reservemus:
977 1657 1075 1682 interim
1082 1673 1089 1685 ‚
1097 1656 1162 1689 quod

385 1692 412 1715 'an
420 1689 528 1714 manibus
533 1689 566 1714 est
573 1706 580 1718 ,
588 1689 666 1721 ipsum
673 1696 776 1721 agamus.

569 1755 593 1782 C
621 1764 636 1781 Α
666 1765 679 1781 r‘
706 1763 768 1781 υτ
808 1754 971 1782 XXXVI.

390 1807 563 1844 Desbrtitione
575 1805 687 1834 tribuum
698 1815 745 1834 aut
755 1805 941 1836 centuriarum,
961 1806 992 1832 de
1003 1804 1162 1832 tribunorum

427 1845 592 1883 interceffione
608 1845 649 1877 ἐς
666 1844 724 1872 alin
742 1843 927 1878 impedimenta
944 1865 952 1876 ‚
977 1843 1058 1881 deque
1075 1842 1124 1876 a'gs2

464 1885 562 1921 ceffione
569 1882 660 1911 clivium
667 1881 693 1910 in
697 1883 774 1918 ficum
779 1880 874 1909 tribum
882 1890 928 1910 aut
935 1889 1082 1909 centurmm.

453 1953 493 1970 um
501 1943 624 1970 suaserant,
631 1941 807 1967 dissuaseranrve
813 1943 890 1975 legem
898 1943 977 1974 primo
983 1942 1039 1966 loco
1047 1941 1163 1972 magistra-

392 1946 449 2007 C
468 1984 503 2001 tus
512 1995 518 2004 ,
535 1974 766 2008 quilegemferebat,
779 1974 882 1998 secundo
889 1975 972 2005 privari
981 1990 986 2000 ‚
999 1974 1070 1997 tertio
1079 1973 1164 2004 reliqui

391 2009 547 2041 magistratus:
556 2016 616 2035 turn,
623 2007 771 2039 praesentibus
779 2006 941 2033 sacerdotibus,
949 2013 973 2030 ut
981 2005 1105 2036 Dionysius
1113 2004 1165 2028 scri-

392 2040 427 2064 bit
437 2059 441 2067 ,
450 2042 474 2064 ὅ(
482 2041 559 2064 divina
566 2039 738 2071 exponentibus
746 2055 753 2066 ‚
760 2039 831 2062 sitella
838 2055 844 2065 ,
858 2039 895 2063 vel
903 2046 958 2062 urna
971 2038 1073 2068 (fiteuam
1081 2038 1164 2061 Cicero

392 2079 435 2104 pro
443 2075 684 2103 C.Corn.Fragm.15.
692 2080 768 2094 urnam
776 2074 878 2094 Lucanus
888 2078 900 2093 v
914 2069 1162 2100 394.vocat)desetebar

391 2110 440 2128 tur:
451 2104 474 2127 in
483 2112 553 2135 quam
561 2105 606 2127 sive
614 2103 729 2130 tribuum,
736 2103 752 2127 fi
759 2103 852 2126 tributis
858 2103 962 2126 comitiis
970 2103 1006 2125 lex
1014 2100 1165 2124 ferrerunfive

392 2136 551 2159 centuriarum
559 2153 565 2163 ,
576 2135 591 2159 si
598 2136 731 2159 centuriatis
739 2152 745 2162 ,
753 2135 852 2158 nomina
859 2134 1041 2163 conjiciebantur
1063 2133 1150 2156 deinde
1158 2150 1163 2159 ,

390 2166 492 2191 sortibus
499 2168 591 2198 arquatis
598 2184 604 2193 ,
616 2167 661 2190 hoc
668 2166 700 2190 est
707 2184 713 2194 ,
721 2168 752 2190 ita
758 2168 839 2199 agitata
846 2165 915 2190 sitella
923 2183 929 2193 ‚
937 2173 967 2190 ne
974 2174 1018 2197 qua
1025 2164 1073 2189 sors
1080 2165 1117 2189 suh
1123 2164 1164 2188 sul-

389 2205 454 2226 taret,
462 2205 529 2229 atque
536 2198 648 2225 existeret,
656 2198 694 2222 sed
701 2200 785 2230 pariter
792 2206 876 2222 omnes
882 2205 972 2230 aequatae
980 2199 1086 2227 jacerent,
1098 2196 1163 2221 sorti-

391 2231 427 2255 tio
438 2229 515 2256 flebat,
539 2237 617 2261 uzque
624 2230 698 2260 prima
706 2231 742 2255 vel
750 2231 832 2258 tribus,
840 2231 876 2255 vel
883 2231 994 2256 centuria,
1001 2237 1051 2261 qux
1059 2228 1164 2255 secunda,

411 2270 443 2286 ιη
449 2262 515 2286 tertia
521 2237 551 2285 de
557 2260 629 2284 sitella
634 2262 721 2285 exiisset
729 2279 735 2289 ‚
748 2263 851 2287 eundem
861 2280 866 2290 ,
880 2270 952 2295 quem
965 2261 1013 2286 sors
1019 2261 1128 2288 dederat,
1139 2261 1164 2284 in

402 2293 499 2326 uffragio
506 2293 602 2317 serendo
608 2294 688 2316 locum
697 2301 764 2325 atque
777 2295 887 2319 ordinem
901 2294 1035 2318 obtinebat:
1052 2293 1164 2317 haredum

393 2333 523 2357 agerentur,
531 2324 547 2349 si
555 2325 719 2357 quistribunus
725 2326 800 2356 plebis
807 2327 854 2358 legi
861 2327 931 2350 vellet
938 2326 1089 2353 intercedere,
1098 2326 1166 2349 locus

391 2364 447 2383 erat.
460 2364 579 2390 nunquam
587 2363 664 2383 autem
677 2363 729 2382 ante
741 2356 870 2383 suasionem
884 2357 1095 2391 dissuasionemque
1106 2357 1167 2389 legis

1174 163 1225 186 vius
1237 161 1300 186 libro
1306 166 1375 188 XLV.
1389 164 1473 187 Cicero
1481 164 1507 186 in
1513 164 1619 186 oratione
1630 170 1674 195 pro
1687 164 1840 188 C.Cornelio
1848 165 1949 189 tradide-

1174 200 1237 218 runt.
1255 197 1282 217 Et
1291 211 1296 222 ,
1304 196 1420 226 quoniam
1428 195 1457 220 de
1464 193 1625 219 intercessione
1632 212 1639 221 ,
1647 202 1697 226 quz
1703 197 1781 227 legent
1789 196 1950 228 impediebat,

1176 227 1326 250 mentionem
1334 226 1443 251 facimus:
1459 229 1548 259 (neque
1555 234 1622 250 enim
1630 227 1676 258 legi
1684 234 1774 250 tantum
1783 245 1790 254 ,
1798 235 1878 253 verum
1887 230 1911 252 δι
1918 228 1952 253 se-

1177 257 1353 282 natusconsultis
1362 276 1367 285 ,
1375 259 1399 281 ὃ(
1407 266 1532 291 praetorum
1540 258 1639 282 decretis
1647 276 1652 285 ‚
1660 266 1696 282 aut
1704 259 1796 287 judiciis
1802 260 1952 286 intercessum

1178 289 1235 317 esse,
1253 291 1479 321 animadvertimus)
1493 291 1605 315 omnibus
1612 291 1641 314 de
1647 290 1717 314 causis
1724 308 1730 318 ‚
1742 299 1792 323 quae
1800 309 1806 319 ,
1814 300 1863 323 quo
1872 294 1953 318 minus

1178 323 1324 353 promulgata
1333 323 1369 345 lex
1378 323 1472 354 perferri
1480 322 1553 355 posset
1562 339 1567 349 ,
1575 323 1751 354 impedimento
1758 323 1851 347 fuerunt
1858 342 1864 351 ‚
1873 326 1953 349 dicen-

1178 354 1237 377 dum
1252 354 1320 378 nobis
1333 354 1371 377 est.
1390 357 1428 378 t-tae
1441 363 1540 386 quatuor
1552 355 1687 378 traduntur:
1703 355 1778 386 prima
1787 372 1794 382 ,
1807 356 1950 380 intercessio:

1178 394 1233 409 cum
1241 385 1413 417 tribuniplebis
1421 394 1525 417 quorum
1532 388 1626 418 proprie
1633 387 1791 410 intercedendi
1799 388 1833 416 ius
1840 396 1894 415 erat,
1904 389 1954 413 edi·v

1179 426 1198 440 tu
1208 425 1263 440 voce
1272 418 1309 441 illa
1318 435 1323 444 ,
1335 421 1384 440 Veto
1394 435 1401 445 ,
1412 418 1440 441 de
1448 426 1492 449 qua
1499 420 1648 442 mentionem
1656 419 1707 442 facit
1716 420 1796 442 Livius
1804 437 1811 447 ,
1824 420 1954 444 intercede-

1180 450 1245 473 bant:
1261 450 1324 477 cujus
1330 450 1421 480 generis
1428 451 1534 481 exempla
1540 458 1590 475 non
1597 450 1692 474 desunt:
1705 452 1785 478 altera,
1798 459 1853 476 curn
1861 453 1880 476 is
1890 470 1896 480 ‚
1910 453 1953 484 qui

1180 482 1345 514 promulgarat,
1353 482 1388 505 vel
1396 483 1527 505 amicorum
1535 482 1638 512 precibus
1644 482 1755 507 adda-stus
1764 500 1770 509 ‚
1777 484 1813 506 vel
1820 483 1908 508 senatus
1916 492 1954 508 au-

1180 514 1290 537 thoritate
1298 520 1448 541 commotus,
1463 514 1553 545 velipse
1560 513 1596 538 sua
1603 514 1685 546 sponte
1697 514 1823 539 consilium
1837 515 1954 540 mutabat:

1180 546 1246 577 quod
1254 547 1283 569 C.
1292 546 1411 569 Manilius-
1420 546 1444 569 δι
1454 548 1480 569 1..
1487 546 1596 570 Caecilius
1603 562 1610 572 ,
1617 553 1714 578 uterque
1721 547 1829 571 tribunus
1836 548 1910 579 plebis
1918 547 1954 572 di-

1180 577 1248 601 versis
1254 577 1402 609 temporibus
1408 576 1523 605 fece-:unu
1531 577 1572 601 isle
1578 578 1602 601 in
1610 578 1662 609 lege
1669 579 1697 602 de
1705 579 1870 603 libertinorum
1878 578 1956 604 suffra-

1181 610 1235 641 giis,
1242 609 1279 633 hic
1287 609 1312 633 in
1319 617 1425 641 ea‚quam
1433 609 1463 633 de
1469 610 1598 633 minuenda
1606 610 1706 633 ambitus
1713 618 1781 640 poena
1788 611 1955 642 promulgavit.

1181 642 1259 665 Tertia
1265 642 1324 665 ratio
1331 641 1383 669 fuit,
1391 649 1456 668 curn,
1463 649 1540 673 neque
1547 641 1704 666 intercedente
1711 641 1808 666 tribuno
1815 659 1821 670 ‚
1834 651 1910 674 neque
1916 650 1956 670 en,

1181 674 1223 704 qui
1232 674 1427 705 promulgaverat,
1433 673 1560 698 consilium
1567 680 1681 700 mutante,
1687 674 1818 697 comitiales
1824 674 1908 702 dies‚id
1916 674 1958 702 est,

1182 713 1223 729 eos
1231 704 1316 738 quibus
1323 707 1359 737 agi
1366 713 1422 729 cum
1430 705 1617 738 populolicebat,
1625 705 1717 736 Consul
1723 705 1840 729 eximebat
1848 723 1854 733 ‚
1861 707 1898 730 vel
1904 705 1957 737 sup-

1183 738 1350 769 plicationibus
1362 738 1532 765 decernendis,
1544 738 1582 762 vel
1588 737 1653 761 feriis
1664 737 1796 761 indicendis
1804 754 1810 764 ,
1825 745 1874 762 non
1880 738 1959 763 solum

1185 771 1214 793 iis
1223 787 1229 796 ‚
1237 778 1288 802 quse
1296 771 1380 793 Latina:
1387 769 1521 794 dicebantur
1530 787 1537 797 ‚
1550 777 1605 802 quas
1611 769 1715 793 indicere
1721 768 1765 793 soli
1772 769 1887 793 Consules
1893 776 1962 802 pote-

1186 809 1242 829 rant,
1250 801 1289 825 sed
1296 803 1367 825 etiam
1374 802 1413 829 iis,
1421 809 1471 833 quae
1479 802 1620 833 imperativae
1628 818 1634 828 ‚
1643 809 1698 834 quas
1704 809 1753 825 uon
1763 801 1839 825 modo
1847 801 1960 826 Consuli-

1185 833 1228 857 bus
1235 850 1241 860 ‚
1249 841 1332 857 vetum
1339 834 1410 857 eriam
1418 834 1559 864 praetoribus.
1566 833 1672 866 ipsorum
1678 832 1877 857 arbitratulicebat
1883 833 1961 864 impe-

1185 872 1294 897 rare‚quo
1302 873 1387 896 genere
1394 866 1462 889 usum
1473 864 1517 890 esse
1524 867 1570 889 Cn.
1578 866 1720 889 Cornelium
1727 865 1854 889 Lentulum
1864 865 1969 889 Macelo<

1184 898 1263 920 linum
1270 896 1402 920 Consulem
1410 913 1416 924 ‚
1437 903 1462 920 ut
1469 899 1499 921 C.
1506 898 1606 920 Catonis
1616 897 1706 921 tribuni
1713 896 1789 929 plebis
1799 896 1893 927 legibus
1900 895 1962 921 obsi-

1185 928 1251 952 steret
1259 945 1265 955 ‚
1273 928 1382 953 videmus
1389 931 1429 959 Ep.
1434 936 1456 955 9·
1464 927 1538 953 lib.ll.
1545 928 1572 952 ad
1580 927 1721 959 eratrem.
1739 931 1850 960 Qartam
1856 927 1944 952 causam
1952 944 1962 956 ,

1188 960 1323 992 quaestipsa
1329 960 1449 987 comitiis,
1461 967 1600 992 quacunque
1612 960 1642 984 de
1654 968 1679 984 re
1692 960 1829 984 haberentur
1837 977 1844 987 ,
1861 960 1966 991 impedi-

1188 998 1273 1016 mento
1280 992 1342 1018 esset,
1349 990 1448 1023 auspicia
1455 993 1597 1016 invenimus.
1605 1000 1709 1024 quorum
1717 993 1766 1016 duo
1772 999 1855 1024 genera
1862 992 1965 1023 reperio,

1189 1031 1273 1050 unum,
1281 1031 1330 1055 quo
1338 1023 1483 1054 magistratus
1488 1029 1578 1047 tantum
1586 1024 1716 1051 urebantur,
1723 1032 1774 1056 quae
1781 1024 1863 1057 Spcc‘im
1871 1023 1962 1047 diceba-

1189 1062 1225 1079 tur
1232 1072 1238 1082 ‚
1247 1056 1297 1081 vel,
1304 1057 1330 1078 dc
1336 1055 1384 1078 coelo
1390 1056 1484 1084 servare
1491 1065 1497 1077 :
1506 1062 1556 1086 quo
1563 1055 1592 1078 de
1598 1063 1682 1086 genere
1688 1055 1754 1079 testes
1760 1056 1888 1086 locupletes
1895 1055 1966 1080 habe-

1189 1095 1241 1111 mus
1248 1087 1355 1111 Tullium
1363 1086 1389 1110 in
1397 1086 1525 1118 Philippica
1531 1088 1559 1110 ΙΙ.
1569 1094 1589 1111 c.
1598 1094 1608 1112 3
1614 1095 1636 1110 2.
1650 1087 1748 1111 alterum
1754 1095 1826 1117 genus
1833 1087 1859 1111 ad
1866 1095 1963 1119 augures

1188 1118 1324 1150 pertinebat,
1331 1125 1386 1142 eum
1394 1126 1421 1142 ex
1428 1119 1506 1142 avium
1515 1117 1585 1149 signis
1593 1135 1600 1146 ,
1611 1118 1636 1142 id
1642 1118 1673 1141 est
1681 1134 1687 1145 ,
1695 1119 1774 1142 volatu
1781 1136 1788 1146 ,
1800 1124 1868 1141 cantu
1875 1135 1881 1145 ,
1890 1121 1913 1143 δε
1921 1119 1964 1143 tri-

1189 1151 1263 1179 pudio
1271 1150 1411 1177 sollistimo,
1426 1149 1554 1182 auspicium
1566 1148 1688 1173 faciebant.
1702 1158 1771 1176 narn,
1789 1149 1964 1181 fiquidadverfi

1189 1183 1294 1206 viderant
1300 1199 1305 1209 ,
1313 1188 1349 1205 aut
1356 1182 1475 1205 audierant
1481 1198 1488 1209 ,
1495 1182 1520 1205 id
1528 1183 1661 1205 nuntiantes
1669 1197 1675 1208 ‚
1688 1182 1785 1205 comitia
1793 1182 1962 1211 impediebant.

1188 1214 1255 1245 quod
1264 1215 1350 1238 Cicero
1358 1213 1420 1237 libro
1427 1216 1456 1237 11.
1469 1214 1498 1237 de
1506 1213 1606 1244 Legibus
1613 1220 1637 1237 ut
1644 1214 1686 1237 alia
1692 1214 1833 1238 omittantur
1839 1214 1947 1244 exempla
1955 1230 1963 1241 .

1189 1246 1306 1278 significat.
1321 1246 1364 1270 illo
1371 1252 1448 1269 autem
1456 1246 1535 1277 priore
1541 1252 1626 1277 genere
1633 1262 1639 1272 ,
1656 1245 1693 1269 vel
1705 1244 1721 1269 fi
1729 1245 1813 1269 adversi
1821 1244 1882 1270 nihil
1892 1245 1962 1273 esset,

1190 1278 1236 1309 ipsa
1243 1285 1320 1302 tamen
1328 1285 1367 1309 per
1375 1277 1397 1301 se
1404 1276 1493 1309 spectio
1500 1285 1551 1301 rem
1559 1276 1710 1308 impediebat.
1721 1277 1787 1309 quod
1793 1275 1807 1300 h
1814 1279 1892 1302 Dione
1898 1277 1963 1301 libro

1187 1313 1306 1335 xxxvnl.
1313 1310 1423 1333 traditum
1431 1309 1592 1333 animadverti.
1610 1308 1767 1333 obnuntiatio
1773 1317 1859 1336 autem,
1867 1317 1918 1341 qux
1926 1317 1966 1333 au-

1191 1349 1274 1374 gurum
1282 1348 1341 1368 erat,
1359 1341 1457 1365 duarum
1464 1349 1543 1365 rerum
1552 1340 1713 1364 observatione
1725 1340 1806 1368 fiebat,
1820 1343 1856 1366 vel
1867 1348 1922 1365 cum
1933 1341 1964 1365 de

1190 1375 1254 1398 coelo
1261 1373 1363 1401 fulsisset,
1370 1380 1407 1397 aut
1413 1372 1520 1396 tonasset:
1533 1374 1667 1404 (eratenim
1675 1375 1700 1397 in
1708 1380 1820 1404 augurum
1827 1372 1949 1404 disciplina
1955 1390 1964 1401 ,

1191 1413 1223 1430 ut.
1232 1407 1290 1438 Jove
1297 1405 1409 1435 fulgente,
1417 1412 1522 1432 tonante,
1529 1405 1627 1428 comitia
1634 1405 1828 1436 demitterentur)
1837 1412 1886 1437 quo
1893 1412 1964 1436 gene-

1192 1446 1215 1461 re
1223 1438 1387 1468 impedimenti
1394 1438 1518 1468 Pompeius
1526 1440 1625 1467 Magnus
1631 1437 1656 1460 in
1663 1436 1765 1460 secundo
1772 1436 1966 1463 Consulatu‚cum

1192 1477 1315 1502 praetorem
1321 1469 1401 1495 creari,
1408 1470 1485 1492 virum
1493 1469 1604 1491 omnium
1612 1469 1801 1499 integerrimum,
1809 1471 1965 1492 mentonem

1193 1501 1291 1527 videret,
1298 1499 1347 1530 ipse
1353 1507 1439 1525 autem,
1447 1499 1571 1522 hominem
1580 1498 1792 1530 flagitiosissimum,
1803 1502 1825 1522 P.
1833 1499 1963 1527 Vatinium,

1193 1531 1283 1555 Caesaris
1291 1532 1360 1562 gratia
1367 1548 1372 1557 ,
1381 1531 1452 1554 vellet
1459 1548 1465 1558 ,
1478 1530 1699 1554 comitiadissolvit:
1713 1531 1810 1554 velcum
1816 1538 1867 1555 aves
1874 1531 1965 1554 adversa

1193 1564 1369 1594 portenderent.
1382 1564 1461 1586 avium
1468 1569 1544 1586 autem
1557 1563 1599 1585 tria
1606 1569 1689 1593 genera
1697 1579 1702 1588 ,
1716 1563 1780 1586 alites
1789 1579 1796 1588 ,
1811 1570 1862 1593 qux
1869 1563 1947 1586 volatu
1956 1579 1965 1590 ,

1193 1594 1291 1621 oscines,
1302 1601 1424 1626 quaecantu
1434 1612 1438 1621 ,
1447 1595 1519 1625 pulli,
1528 1596 1569 1626 qui
1577 1594 1681 1625 tripudio
1689 1593 1750 1624 signa
1757 1592 1838 1617 dabant
1845 1602 1922 1618 rerum
1929 1593 1968 1618 fu-

1193 1634 1304 1650 turarum.
1323 1629 1372 1650 Nec
1379 1627 1491 1649 omnium
1498 1633 1543 1649 erat
1550 1625 1632 1649 eadem
1639 1625 1776 1656 significatio
1783 1642 1788 1652 ,
1796 1632 1850 1649 curn
1857 1625 1965 1657 quaedam

1193 1657 1205 1681 a
1213 1659 1291 1682 dextra
1313 1658 1418 1688 quadam
1429 1656 1441 1680 ὲ
1449 1657 1534 1681 sinistra
1541 1657 1645 1681 volantes
1652 1674 1659 1684 ,
1667 1663 1816 1681 autcanentes
1823 1675 1830 1685 ,
1843 1656 1966 1690 prosperos

1192 1698 1289 1714 eventus
1295 1689 1450 1713 ostenderent.
1460 1689 1676 1713 hincilludlibrol.
1686 1689 1715 1712 de
1721 1689 1816 1713 divinat.
1825 1696 1845 1722 c.
1856 1691 1966 1721 7.Juppi-

1192 1729 1224 1745 ter
1231 1732 1256 1745 ne
1263 1724 1364 1745 cornicem
1371 1721 1384 1745 iz
1392 1723 1447 1745 lava
1455 1738 1461 1749 ,
1468 1730 1557 1745 curvum
1563 1720 1577 1744 ὰ
1584 1722 1661 1744 dextra
1667 1729 1742 1744 canere
1749 1722 1848 1752 juffisset.
1865 1723 1894 1745 Et
1901 1721 1965 1745 Plau-

1191 1755 1259 1778 tusin
1269 1753 1397 1778 Asin.11.1.
1409 1761 1446 1776 12.
1763 1757 1766 1759 ·

1255 1788 1326 1808 'Pecus
1336 1802 1342 1812 ‚
1355 1784 1381 1808 ύ-
1388 1786 1460 1808 ισνηῐκ
1467 1784 1494 1812 est
1500 1783 1527 1806 ab
1533 1785 1589 1807 laeva
1596 1800 1602 1810 ,
1614 1792 1690 1806 corvus
1700 1789 1760 1815 porro
1766 1783 1792 1806 ab
1799 1784 1896 1808 dextera.

1193 1819 1220 1840 Et
1227 1818 1252 1840 in
1259 1816 1354 1847 epistola
1364 1816 1392 1839 ad
1400 1817 1516 1839 Crrcinam
1523 1817 1586 1838 Fam.
1594 1823 1607 1838 v
1613 1824 1621 1838 x
1628 1819 1659 1840 ,6,
1669 1817 1718 1836 Non
1724 1821 1790 1845 igitur
1797 1823 1825 1837 ex
1831 1817 1892 1837 alim
1899 1815 1962 1837 invo-

1192 1850 1287 1875 latuytec
1294 1856 1320 1870 cx
1328 1847 1475 1876 canufimstro
1481 1847 1602 1875 afiinis,mc
1607 1854 1634 1869 ex
1642 1845 1863 1875 tripuditisbllrstimn
1873 1845 1914 1868 tibi
1920 1854 1962 1868 au-

1188 1889 1261 1911 guror.
1280 1884 1340 1902 Aves
1347 1886 1423 1902 antem
1431 1876 1553 1909 utriusque
1560 1878 1660 1909 generis,
1669 1877 1692 1900 id
1699 1876 1730 1900 est
1738 1893 1744 1902 ,
1752 1878 1816 1900 alites
1824 1894 1830 1904 ,
1838 1878 1861 1900 ὅ(
1870 1876 1961 1901 oscines

1193 1911 1337 1943 persequitur
1345 1911 1420 1934 Festus
1437 1919 1443 1933 r
1451 1918 1473 1937 3.
1481 1918 1524 1937 241
1531 1928 1536 1933 .
1553 1913 1581 1933 Et
1589 1926 1595 1936 ‚
1603 1915 1746 1940 quamquam
1753 1908 1838 1932 sinistra
1845 1910 1963 1933 Romanis

1192 1945 1249 1969 lxta,
1258 1950 1282 1967 ut
1289 1943 1374 1966 Gra-cis
1381 1943 1467 1966 dextra.
1475 1941 1559 1965 iisdem
1567 1949 1654 1968 tamen,
1662 1947 1687 1963 ut
1693 1939 1755 1963 libro
1761 1943 1790 1963 ll.
1799 1940 1828 1963 de
1835 1939 1932 1964 divinat.
1941 1948 1964 1965 c.

1197 1975 1397 2006 18.cognovimus
1406 1992 1412 2002 ‚
1421 1974 1532 2005 fimstrum
1539 1972 1691 2002 fulmentriste
1698 1981 1757 1994 omen
1769 1973 1814 1999 fuit
1826 1973 1962 2000 adcomitia,

1192 2016 1241 2029 cum
1248 2009 1364 2030 adcaeteraa
1373 2016 1405 2029 res
1412 2008 1460 2037 esset
1466 2007 1572 2035 optimum
1579 2015 1587 2028 .-
1601 2007 1629 2028 Et
1636 2020 1642 2031 ‚
1656 2004 1671 2027 si
1679 2003 1743 2027 bubo
1751 2004 1837 2026 volaret
1850 2002 1862 2026 a
1869 2003 1964 2029 sinistra.

1195 2039 1296 2069 praeclare
1303 2042 1405 2062 Lucanus
1413 2038 1458 2061 hot:
1465 2038 1493 2061 de
1500 2044 1585 2067 genere
1597 2036 1659 2060 libro
1666 2038 1694 2059 V.
1703 2043 1731 2061 39
1737 2043 1757 2061 5.
1770 2042 1825 2058 cnm
1832 2036 1962 2066 neglectam

1195 2078 1297 2095 veterem
1304 2071 1460 2094 comitiorum
1467 2070 1584 2092 rationem
1592 2067 1737 2098 significaret,
1745 2067 1784 2091 illa
1791 2069 1940 2100 pronuntiat:

1374 2103 1447 2132 Fingit
1453 2101 1558 2130 fillenm‘a
1569 2108 1664 2132 campus.

1255 2137 1309 2165 Ἶρι
1321 2135 1397 2157 roelum
1404 2134 1494 2162 sbrvare
1507 2133 1566 2155 licet.
1579 2138 1650 2159 tonat,
1667 2131 1836 2162 augurefhrdo,

1259 2166 1286 2189 81
1296 2166 1464 2196 laetaejuramur
1475 2172 1529 2186 aves
1537 2181 1542 2187 ,
1560 2163 1639 2186 bubone
1645 2163 1734 2193 sinistro.

1193 2196 1276 2221 Redeo
1283 2197 1456 2221 adinstitutum.
1473 2195 1713 2219 Sortitionetribuum
1726 2193 1924 2218 autcenturiarum
1932 2192 1964 2218 fa-

1194 2228 1228 2252 ἃε
1237 2246 1243 2256 ,
1256 2228 1346 2253 dicebat
1359 2230 1392 2256 is,
1410 2228 1537 2259 quilegem
1543 2227 1642 2251 ferebat:
1653 2226 1744 2250 Sivobis
1750 2227 1851 2252 videtur,
1864 2227 1962 2255 discedite

1192 2263 1292 2290 quirites.
1304 2261 1389 2294 dequo
1396 2261 1490 2284 Pediani
1498 2259 1563 2283 verba
1571 2258 1718 2283 subscribam.
1737 2263 1788 2282 (um
1796 2274 1803 2285 ,
1810 2258 1896 2288 inquit,
1904 2257 1962 2286 idft-

1195 2293 1336 2326 Iumsuperest
1346 2311 1351 2318 ,
1360 2294 1480 2325 κιροριιίκσ
1490 2293 1621 2321 sententiam
1627 2294 1692 2322 serat
1699 2307 1705 2316 ,
1710 2290 1776 2320 jubet
1783 2296 1961 2321 unumquemque

1194 2325 1221 2351 ir,
1229 2326 1315 2356 quism
1322 2327 1398 2355 legem,
1405 2325 1507 2353 disi-edere
1514 2341 1520 2351 ,
1534 2325 1586 2354 Juod
1591 2324 1682 2347 verbum
1689 2331 1727 2345 non
1734 2320 1889 2356 hocfigm'ficar,
1901 2320 1961 2350 quod

1194 2357 1218 2379 in
1224 2358 1331 2382 <ommuni
1336 2357 1484 2388 consuetudine
1490 2355 1526 2387 est,
1532 2357 1558 2380 de
1564 2364 1586 2380 eo
1593 2357 1643 2386 lm,
1650 2354 1688 2380 uhi
1694 2355 1805 2386 [exsertur-
1810 2352 1886 2383 ,sedin
1891 2352 1960 2386 suarm

1901 2381 1961 2413 russ-
