2075 2734
363 86 424 113 De
464 85 801 116 D1sc11‘LruA
844 81 1256 116 strnzi;si,&c.
1299 86 1466 123 Camrgi
1657 98 1706 130 731

777 159 801 185 C
829 168 844 185 Λ
874 168 896 185 r·-
943 159 1042 186 XIII.

566 214 620 248 De
635 212 802 262 disczplina
819 211 955 260 casin-nst
963 237 974 254 ,
1002 209 1049 247 (5³
1065 211 1103 247 de
1119 214 1253 262 vtgiliis.

185 304 225 324 uae
237 299 320 330 porro
338 289 469 321 castrensis
487 290 677 317 Romanorum
690 287 831 324 distuplina,
853 298 910 326 quae
924 287 1075 326 vigiliarum
1086 288 1220 317 ordinatio
1234 288 1329 321 fuerit,
1350 288 1499 319 luculenter
1512 290 1625 329 explicat
1640 294 1712 323 idern

120 294 338 379 QRomanae
351 329 463 358 historiae
475 327 589 364 scriptor
604 327 821 365 diligentiffimus
838 326 952 366 Polybius
967 348 974 360 ‚
1002 327 1077 363 cujus
1090 326 1145 354 haec
1158 327 1186 354 in
1200 326 1360 365 fragmentis
1381 327 1440 356 libri
1461 328 1527 358 sexti
1547 330 1626 360 verba
1642 332 1709 362 sunt.

209 370 263 399 Ubi
280 366 456 399 castrametati
469 365 544 395 sunt.
564 367 755 395 convenientes
767 364 863 394 tribuni
871 385 878 395 ‚
897 364 929 393 ab
944 365 1071 393 omnibus
1083 366 1129 403 qui
1143 366 1170 392 in
1185 366 1271 394 castris
1285 365 1344 395 sunt
1358 365 1446 395 liberis
1459 369 1556 403 pariter
1570 368 1709 407 servisque,

118 408 270 446 singulatim
282 405 466 445 jusjurandum
482 404 601 442 exigunt.
639 407 734 443 Jurant
748 411 839 432 autem
854 403 910 435 illi,
930 402 956 431 se
969 403 1035 431 nihil
1050 402 1063 430 ὲ
1078 404 1165 432 castris
1179 402 1253 432 furto
1265 403 1416 432 ablaturos:
1445 406 1503 433 imo
1518 406 1535 433 fi
1550 408 1606 444 quis
1626 409 1708 437 etiam

117 446 249 475 invenerit
263 445 397 484 quippiam
411 464 421 476 ,
439 443 465 471 id
480 442 622 472 allaturum
639 444 671 471 acl
687 441 799 470 tribunos
812 453 818 470 t
838 442 962 478 deinceps
975 442 1100 470 ordinant
1115 441 1185 479 ligna
1199 462 1206 472 ‚
1234 450 1313 479 atque
1329 452 1360 471 ex
1376 451 1487 480 utraque
1499 444 1605 482 legione
1614 446 1710 480 princi-

114 493 178 519 pum
194 483 394 522 hastatorumque
408 482 462 510 duo
484 481 515 508 ad
531 481 584 509 loci
599 490 691 509 curam
706 482 835 517 deputant
849 502 855 514 ‚
876 480 922 516 qui
937 487 997 507 ante
1012 479 1133 508 tribunos
1147 480 1193 507 est.
1220 481 1251 507 ln
1264 480 1312 508 hac
1327 481 1398 508 enim
1415 482 1498 517 platea
1513 484 1633 512 maxima
1647 494 1707 521 pars

119 523 308 551 Romanorum
323 519 444 557 quotidie
458 519 589 551 versatur,
612 520 713 548 idcirco
728 519 842 547 studium
858 517 1001 550 adhibent,
1021 525 1051 547 ut
1063 527 1092 545 ea
1107 516 1273 555 aspergatur,
1294 526 1466 556 versaturque
1480 520 1630 558 diligenter,
1666 524 1705 551 Ex

116 560 226 598 reliquis
238 558 426 594 duodeviginti
441 559 490 586 tria
505 557 614 595 quisque
628 557 799 586 tribunorum
811 556 965 585 sortiuntur.
1007 557 1082 597 Nam
1098 563 1138 596 tot
1151 555 1210 583 sunt
1224 554 1394 592 hastamrum‚
1408 558 1599 599 principumque
1613 561 1639 588 in
1655 561 1706 589 sm-

115 598 185 634 gulis
197 597 346 636 legionibus
359 596 445 634 signa,
466 595 610 625 secundum
623 604 685 624 ante
700 596 798 624 distam
814 595 981 623 divisionem.
1006 593 1114 622 Tribum
1128 600 1217 621 autem
1235 593 1294 625 sex,
1315 594 1365 622 tria
1379 593 1450 631 figna
1462 616 1469 627 ,
1490 597 1602 626 vicissim
1616 598 1703 636 fingu-

114 635 247 674 latimque
259 636 410 664 ministrant
419 633 521 662 *tribuno
536 635 711 662 ministerium
725 633 919 671 hujuscemodi.
960 632 1057 660 Castris
1073 631 1134 659 loco
1148 632 1278 669 affignato
1291 652 1298 663 ‚
1321 633 1469 661 tentorium
1484 636 1589 672 erigunt
1604 637 1622 664 ii
1637 658 1643 669 ‚
1665 637 1707 665 10-

116 682 235 712 cumque
252 675 322 703 circa
336 674 485 702 tentorium
498 675 699 709 pavimentant:
720 675 748 702 δε
762 673 781 700 fi
795 672 859 710 quid
873 670 1061 707 circumsepire
1075 677 1199 706 oporteat
1219 670 1253 698 ad
1269 670 1393 698 vasorum
1409 672 1557 700 custodiam
1572 695 1581 705 ,
1602 675 1629 702 id
1645 675 1704 713 ipsis

115 721 182 740 curae
198 714 245 741 est.
286 714 360 740 Dant
374 713 454 741 etiam
470 712 590 741 excubias
605 712 668 740 duas
682 722 687 738 :
710 709 825 739 Excubia
840 716 955 747 quatuor
968 710 1031 738 viris
1046 709 1147 737 constat
1159 729 1166 740 ‚
1194 717 1308 746 quorum
1325 716 1384 746 pars
1399 709 1455 745 post
1469 712 1615 740 tentorium
1628 714 1705 750 juxta

112 759 196 787 equos
208 750 349 780 excubant.

158 790 231 817 Cum
245 789 326 826 igitur
341 789 389 817 tria
404 788 513 826 quisque
527 788 597 825 signa
615 786 731 815 tribunus
747 786 857 819 lrabeat,
882 792 963 822 atque
982 785 1009 814 in
1029 785 1059 813 iis
1082 784 1188 822 lingulis
1208 785 1259 812 viri
1275 784 1324 812 fint
1336 784 1450 821 amplius
1463 794 1571 816 centum
1588 790 1705 826 exceptis

113 824 228 862 triariis,
246 826 429 865 velitibufique,
449 828 495 862 qui
509 825 664 861 hujusmodi
680 825 855 853 ministerium
868 823 1071 861 haudquaquam
1088 824 1227 855 exhibent,
1248 832 1315 859 opus
1329 824 1437 861 quidem
1453 823 1512 852 leve
1524 825 1568 857 fit,
1587 836 1619 854 co
1630 829 1703 864 quod

112 873 208 901 quarto
223 874 330 902 quoque
343 866 386 892 die
402 865 433 892 ad
447 864 546 901 lingula
560 863 633 900 figna
646 863 824 890 ministerium
838 862 969 898 pervenit.
1006 860 1118 889 Tritum
1133 871 1223 890 autem
1242 871 1274 889 ex
1289 861 1404 898 praefatis
1421 863 1572 891 ministeriis
1589 865 1646 892 ulus
1658 874 1702 901 pa.

111 904 177 931 riter
190 903 358 931 necessarius:
379 902 522 938 honorque
535 910 616 938 atque
629 901 783 930 obedientia
796 900 943 928 exhibetur.
979 904 1005 928 T
1003 899 1141 927 rim-iorum
1156 900 1227 937 figna
1238 899 1397 927 tribunorum
1413 901 1566 929 ministeriis
1580 903 1701 931 eximun.

110 948 155 969 tur
168 962 176 973 ‚
197 940 240 968 sed
255 941 352 969 turmis
367 941 489 977 equitum
503 939 609 977 singulis
624 939 717 967 diebus
731 939 875 967 ministeria
888 937 1006 974 praebent
1022 959 1028 969 ‚
1049 945 1078 965 ut
1090 939 1190 976 quique
1202 938 1323 976 proximi
1342 937 1402 967 sunt
1421 939 1481 975 post
1494 946 1596 968 turmas
1609 940 1701 969 locati:

109 979 156 1016 qui
171 978 322 1007 custodiunt
341 980 422 1006 etiam
434 978 484 1006 alia
497 1000 504 1011 ,
533 978 577 1006 sed
592 977 738 1015 praesertim
753 987 836 1015 equos
849 997 855 1008 ‚
883 985 917 1003 ne
931 983 976 1004 aut
997 975 1128 1012 implicati
1150 977 1261 1004 vinculis
1279 976 1425 1009 laedantur,
1449 977 1531 1006 futuri
1550 978 1655 1006 inutiles
1668 980 1701 1008 ad

110 1025 178 1054 opus
192 1028 197 1044 ·.
216 1025 261 1046 aut
275 1016 354 1045 soluti
367 1038 376 1050 ‚
397 1024 477 1054 atque
491 1018 609 1045 invicem
625 1017 755 1044 irruentes
769 1036 776 1047 ‚
801 1014 890 1043 turbas
904 1013 1087 1051 tumultusque
1103 1015 1222 1043 excitent
1242 1015 1269 1042 in
1283 1014 1379 1043 castris.
1422 1016 1556 1043 Caeterum
1570 1027 1651 1044 unum
1668 1028 1700 1046 ex

109 1054 238 1083 omnibus
243 1053 348 1093 signum
363 1054 471 1082 excubat
485 1056 606 1092 quotidie
620 1064 668 1092 per
683 1055 754 1082 vices
772 1061 832 1081 ame
847 1056 1040 1087 Imperatorem,
1068 1053 1140 1089 quod
1154 1052 1324 1081 securitatem
1345 1053 1445 1089 pariter
1460 1054 1620 1090 Imperatori
1636 1064 1700 1091 pra-.-

108 1091 154 1121 bet
169 1094 292 1122 adversus
306 1093 410 1122 infidias
423 1114 431 1126 ‚
453 1100 584 1130 ornatque
597 1093 713 1129 speciem
728 1090 892 1129 magistratus
904 1111 912 1124 ,
939 1090 1010 1118 foffae
1028 1100 1058 1118 ac
1078 1090 1137 1118 valli
1149 1092 1203 1119 duo
1218 1091 1299 1118 latera
1317 1090 1394 1118 sociis
1414 1100 1481 1118 curae
1494 1092 1554 1120 lunt
1569 1113 1576 1124 ‚
1604 1093 1699 1128 quibus

106 1132 266 1167 proximum
281 1140 428 1168 utrumque
440 1140 534 1159 eorum
548 1141 632 1159 cornu
647 1130 765 1158 locatum
786 1129 821 1156 est
837 1129 967 1156 Romanis
981 1129 1087 1165 utrique
1100 1128 1201 1166 legioni
1219 1138 1314 1157 unum.
1356 1130 1483 1165 Cumque
1500 1129 1600 1166 lingula
1616 1130 1697 1159 latera

103 1176 155 1205 per
167 1169 239 1207 figna
248 1169 331 1198 divisa
345 1169 534 1207 distributaque
547 1169 612 1201 lint,
634 1169 796 1205 particularis
809 1166 868 1195 sane
883 1176 944 1195 cura
957 1167 1083 1194 ordinum
1099 1166 1255 1195 ductoribus
1267 1166 1400 1195 incumbit
1413 1165 1583 1203 praesentibus
1596 1169 1697 1197 adstan-

104 1206 237 1245 tibusque.
274 1210 313 1236 Ut
324 1216 416 1238 autem
430 1207 583 1236 universum
596 1207 664 1236 latus
677 1206 745 1234 bene
757 1205 783 1233 se
800 1205 892 1233 habeat
906 1225 913 1237 ‚
935 1204 1039 1233 duobus
1051 1204 1160 1232 tribuni:
1172 1205 1293 1233 similiter
1306 1225 1314 1237 ,
1340 1204 1469 1241 reliquam
1483 1205 1566 1233 etiam
1584 1205 1697 1244 legionis

105 1255 199 1274 curam
213 1246 240 1273 hi
254 1245 314 1274 sunt
327 1248 373 1283 qui
388 1252 494 1283 gerunt.
534 1246 593 1274 Bini
607 1246 680 1273 enim
695 1246 765 1273 inter
785 1242 811 1271 se
826 1243 901 1271 diviti
916 1242 1042 1270 bimestre
1057 1242 1172 1279 spatium
1186 1243 1317 1271 semestris
1334 1243 1466 1278 temporis
1478 1243 1592 1271 viciffim
1609 1246 1695 1282 impe.

103 1290 177 1312 rant:
198 1283 375 1321 universoque
388 1284 482 1320 quibus
495 1283 550 1312 sors
563 1284 673 1321 obtigit,
695 1281 804 1310 subdiali
821 1282 877 1309 uiui
889 1280 1010 1317 praesunt-
1031 1281 1108 1308 Idem
1125 1281 1222 1309 modus
1235 1281 1398 1317 principatus
1411 1281 1447 1308 est
1461 1281 1544 1308 etiam
1554 1282 1695 1318 praefecto-

102 1330 167 1349 rum
180 1322 252 1350 inter
262 1321 348 1350 socios
362 1342 369 1354 ,
391 1322 495 1358 equites
507 1343 515 1354 ,
536 1322 717 1359 ordinumque
732 1320 856 1348 ductores
869 1328 964 1347 omnes
979 1339 987 1351 ‚
1006 1320 1110 1346 oriente
1125 1319 1183 1347 luce
1195 1320 1326 1347 accedunt
1345 1319 1377 1346 ad
1390 1317 1549 1346 tribunorum
1563 1321 1693 1354 tentoria,

100 1358 199 1386 tribuni
209 1360 242 1388 ad
257 1359 402 1388 Consulem
418 1370 424 1387 ι
444 1358 486 1387 ille
499 1361 571 1397 quod
586 1360 662 1388 instat
678 1358 811 1397 agendum
822 1378 829 1387 ,
850 1357 961 1385 tribunis
980 1357 1060 1385 edicit
1074 1367 1080 1384 ι
1099 1355 1196 1385 tribuni
1210 1356 1338 1396 equitibus
1349 1376 1358 1387 ,
1377 1356 1558 1394 ordinumque
1575 1358 1694 1388 duotori.

101 1396 151 1425 bus
166 1407 174 1424 =
195 1398 214 1425 ii
229 1398 396 1427 multitudini
414 1406 545 1434 promunt
561 1405 685 1434 tempore
700 1404 863 1434 opportuno.
903 1394 1028 1422 NoHurm'
1040 1394 1106 1432 figni
1126 1396 1302 1423 traditionem
1316 1402 1403 1423 tutam
1417 1395 1538 1431 praestant
1548 1413 1556 1423 ,
1576 1394 1646 1424 hunc
1664 1398 1692 1426 in

104 1436 240 1464 modum:
260 1445 292 1465 ex
305 1436 412 1473 singulis
423 1436 565 1473 generibus
578 1437 700 1473 equiturn
713 1435 889 1472 peditumque
903 1434 1002 1461 decimi
1015 1433 1096 1469 figni,
1118 1433 1190 1470 quod
1204 1432 1332 1461 ultimum
1347 1433 1548 1461 castrametatur
1560 1434 1593 1461 ad
1603 1443 1692 1463 extre.

101 1475 229 1502 mitatem
244 1475 399 1512 strigarum3
420 1483 452 1501 ex
464 1474 496 1500 iis
509 1475 550 1501 vir
562 1483 629 1501 unus
641 1473 761 1510 eligitur,
784 1473 829 1508 qui
844 1471 1017 1500 excubiarum
1033 1471 1183 1499 ministeriis
1197 1480 1252 1498 non
1266 1477 1373 1499 tenetur
1387 1481 1392 1496 z
1413 1479 1508 1497 verum
1522 1472 1626 1499 accedit
1640 1473 1690 1501 fin.

100 1512 170 1550 gulis
187 1513 279 1541 diebus
291 1513 433 1540 occidente
451 1510 508 1539 sole
526 1512 559 1539 ad
578 1512 728 1539 tentorium
750 1509 866 1542 tribuni,
896 1511 922 1538 δε
944 1516 1052 1545 accepta
1071 1507 1166 1537 tessera
1185 1509 1235 1543 (ea
1249 1508 1285 1550 est
1305 1507 1400 1536 tabella
1417 1507 1559 1550 inscripta)
1579 1511 1690 1549 recedit,

103 1552 230 1586 Cumque
243 1550 373 1579 secesserit
385 1551 418 1578 ad
433 1550 536 1586 signum
551 1549 627 1577 suum
641 1569 650 1583 ‚
679 1549 760 1576 tradit
773 1547 897 1576 tabellam
912 1547 1073 1584 signumque
1090 1546 1214 1574 adhibitis
1228 1545 1335 1574 testibus
1353 1554 1473 1581 prommi
1491 1548 1559 1582 iigm
1567 1548 1688 1582 prmcrpi,

99 1588 146 1616 ille
160 1587 280 1616 similiter
292 1589 422 1624 proximi:
446 1589 572 1624 idemque
585 1587 686 1616 faciunt
698 1595 794 1614 omnes
810 1586 947 1622 deinceps,
967 1584 1054 1613 donec
1070 1585 1102 1612 ad
1116 1585 1204 1620 prima
1214 1605 1222 1616 ,
1242 1593 1272 1611 ac
1285 1592 1369 1620 prope
1383 1582 1504 1611 tribunos
1517 1584 1601 1612 locata
1615 1585 1687 1623 ligna

100 1625 263 1663 pervenerit.
302 1627 360 1653 Hos
374 1632 462 1653 autem
478 1632 586 1660 oportet
600 1625 723 1653 tabellam
739 1625 862 1651 nondum
877 1623 980 1650 obortis
994 1622 1111 1651 tenebris
1128 1622 1229 1650 referre
1248 1622 1280 1650 ad
1302 1621 1413 1649 tribunos
1424 1632 1432 1646 .·
1452 1623 1479 1650 &
1495 1621 1513 1648 fi
1526 1621 1614 1650 relatae
1626 1627 1687 1654 sunt

101 1672 199 1692 omnes
211 1672 269 1700 quae
282 1663 349 1690 datae
362 1662 435 1694 sunt,
457 1663 622 1699 cognoscunt
635 1663 739 1699 signum
754 1663 846 1689 datum
861 1661 911 1689 ess‘e
925 1661 1065 1692 omnibus,
1086 1669 1186 1698 perque
1197 1662 1303 1689 omneis
1315 1660 1347 1688 ad
1362 1658 1415 1686 sese
1431 1661 1577 1694 pervenisse
1591 1671 1597 1688 2
1624 1670 1651 1690 at
1668 1663 1687 1690 fi

101 1702 166 1739 quid
181 1702 296 1730 defuerit
310 1721 318 1732 ,
338 1701 478 1729 confestim
494 1701 603 1737 inquirit
615 1699 731 1728 tribunus
743 1720 750 1731 ‚
771 1700 900 1736 quidnam
914 1697 1089 1726 commissum
1104 1698 1136 1726 fit
1149 1719 1156 1730 ‚
1181 1699 1349 1735 percipitque
1362 1707 1394 1725 ex
1409 1695 1580 1734 inscriptione
1595 1718 1601 1728 ,
1622 1708 1686 1736 qua-

101 1749 166 1767 nam
179 1750 212 1768 ex
225 1747 300 1775 parte
314 1738 407 1767 tabella
422 1740 535 1766 venerit:
557 1746 636 1775 atque
648 1738 693 1767 ubi
704 1746 840 1775 repertum
854 1737 934 1764 fuerit
947 1736 1175 1772 impedimentum
1184 1757 1192 1768 ,
1212 1737 1375 1765 conveniens
1388 1733 1503 1762 infertur
1515 1735 1623 1764 molita.
1644 1737 1687 1765 Vi.

93 1776 174 1815 gilius
187 1778 330 1814 disponunt
344 1776 414 1805 hunc
428 1778 455 1804 in
469 1777 599 1804 modum:
619 1779 795 1811 Imperatorem
809 1775 917 1812 ejusque
929 1775 1094 1807 tentorium,
1114 1775 1244 1803 accubans
1257 1774 1372 1802 custodit
1384 1773 1488 1810 iignum
1500 1783 1507 1804 ;
1527 1772 1686 1803 tribunorum

101 1816 218 1844 tentoria
232 1817 259 1844 &
273 1815 396 1852 equitum
410 1822 511 1842 turmas
524 1814 660 1850 deputati,
681 1821 711 1842 ut
724 1813 809 1842 modo
823 1813 925 1840 dietum
940 1813 977 1839 est
991 1833 997 1844 ‚
1021 1821 1053 1840 ex
1064 1812 1169 1850 singulis
1182 1813 1271 1851 fignis.
1308 1812 1407 1840 Itidem
1422 1819 1470 1847 per
1484 1810 1598 1848 singulos
1612 1814 1685 1842 ordi-

97 1863 146 1882 nes
159 1863 256 1882 omnes
276 1862 308 1881 ex
329 1852 356 1880 se
369 1852 415 1889 ipsi
429 1853 557 1880 custodias
569 1851 713 1888 disponunt
728 1872 736 1884 ‚
766 1859 871 1880 caeteras
884 1852 1037 1887 Imperator
1051 1862 1056 1878 ι
1076 1851 1195 1888 fiuntque
1207 1852 1367 1888 plerumque
1379 1857 1433 1878 tres
1453 1850 1569 1878 excubiae
1581 1861 1587 1878 ι
1611 1852 1682 1888 apud

95 1890 238 1936 questorem
250 1901 317 1923 una,
336 1891 403 1919 binae
416 1891 448 1918 ad
460 1890 567 1928 legatos,
586 1890 791 1929 cofflliariqfque:
810 1890 972 1918 exteriorem
988 1890 1132 1917 castrorum
1147 1889 1300 1927 adsptdtum
1315 1888 1403 1915 velites
1414 1887 1568 1924 complent,
1589 1896 1682 1918 totum

95 1930 215 1959 interdiu
228 1928 328 1956 vallum
342 1928 567 1957 circumsidentes.
607 1929 715 1956 Etenim
736 1930 788 1956 hoc
801 1928 850 1956 illis
862 1928 1012 1964 injungitur
1030 1928 1207 1955 ministerium
1220 1948 1228 1958 ‚
1249 1935 1339 1964 portas
1352 1925 1457 1963 fingulae
1470 1935 1503 1953 ex
1524 1926 1554 1953 iis
1569 1927 1682 1958 decades

99 1968 256 1998 accubantes
268 1967 385 1995 servant:
406 1977 452 1994 eos
464 1968 509 2004 qui
523 1966 582 1994 sunt
593 1967 690 2003 vigiliis
703 1967 836 2004 deputati,
858 1976 887 1993 ex
902 1965 1008 2002 lingulis
1021 1965 1160 1996 custodiis,
1181 1966 1225 2002 qui
1238 1965 1356 2001 primam
1370 1963 1490 2001 vigiliam
1504 1964 1589 1993 acturi·
1603 1965 1679 1999 fimt,

99 2016 167 2036 unus
181 2015 213 2034 ex
229 2005 308 2042 signis
323 2004 427 2041 singulis
441 2003 597 2043 tergidudi‘or
613 2004 720 2041 vespere
734 2005 808 2032 ducit
823 2005 854 2031 ad
871 2002 1001 2030 mbunum
1017 2013 1025 2030 ε
1044 2003 1066 2030 is
1086 2003 1130 2030 dat
1146 2003 1252 2040 lingulis
1269 2002 1372 2029 taleolas
1386 2011 1432 2038 per
1446 2001 1557 2039 singulas
1576 2004 1678 2041 vigilias

96 2044 201 2073 breveis
214 2044 364 2071 admodum
379 2042 506 2071 habentes
519 2043 692 2071 characssteres:
713 2043 751 2070 illi
765 2052 826 2070 cum
841 2041 991 2078 acceperint
1005 2062 1012 2072 ,
1032 2041 1064 2068 ad
1078 2040 1203 2077 affignata
1217 2041 1343 2068 recedunt
1360 2039 1416 2067 loca
1468 2041 1543 2068 fides
1555 2041 1680 2070 circuitio.

95 2082 136 2110 nis
152 2082 283 2120 equitibus
297 2082 488 2110 committitur.
527 2083 646 2118 Oportet
659 2082 732 2109 enim
753 2082 874 2117 primum
890 2079 934 2107 alae
947 2079 1089 2107 duitorem
1110 2087 1157 2114 per
1170 2078 1281 2116 lingulas
1295 2078 1413 2115 legiones
1425 2079 1570 2115 praecipere
1583 2081 1628 2108 uni
1643 2090 1677 2110 ex

94 2120 147 2151 suis
160 2119 369 2158 tergndue‘loribus
387 2119 496 2148 summo
510 2129 590 2148 mane
602 2128 766 2157 praeceptum
781 2118 936 2155 hujusmodi
949 2138 958 2152 ,
984 2126 1013 2146 ut
1028 2118 1048 2145 is
1061 2116 1148 2145 edicat
1167 2125 1229 2145 ante
1241 2117 1382 2153 prandium
1397 2125 1510 2153 quatuor
1523 2117 1676 2147 adolescen.

95 2159 167 2188 tibus
180 2160 225 2186 alae
237 2158 301 2189 suae,
321 2158 352 2186 ad
368 2168 414 2188 eos
427 2159 559 2195 pertinere
573 2159 758 2188 circuitionem
773 2158 859 2186 noctis
877 2158 1001 2194 proxime
1014 2155 1158 2184 access‘urae.
1199 2155 1314 2183 Posthaec
1328 2162 1436 2191 oportet
1449 2155 1522 2183 idem
1539 2165 1588 2192 pra
1595 2158 1675 2195 cipiat

96 2197 228 2235 sequentis
240 2197 283 2224 ala
295 2196 392 2223 duHori
404 2204 465 2224 ante
475 2198 584 2225 noetem
592 2218 601 2232 ‚
621 2198 693 2235 quod
707 2196 744 2226 illi
759 2195 898 2224 incumbat
912 2205 973 2223 cura
985 2195 1148 2223 circuitionis
1163 2196 1191 2222 in
1204 2194 1360 2231 sequentem
1374 2193 1446 2220 diem
1460 2203 1465 2220 :
1488 2194 1515 2221 ie
1523 2204 1585 2221 cum
1602 2197 1675 2224 audi-

95 2237 181 2267 verit,
200 2234 336 2273 oportebit
350 2242 379 2263 ut
390 2234 484 2263 similia
496 2235 574 2265 faciat
586 2235 641 2267 his,
663 2246 719 2273 quae
733 2236 904 2273 praediximus
916 2235 943 2261 in
957 2233 1112 2270 sequentem
1127 2233 1198 2260 diem
1209 2254 1216 2266 ,
1237 2241 1316 2270 atque
1329 2231 1399 2261 hunc
1414 2233 1440 2260 in
1450 2233 1565 2260 modum
1582 2236 1605 2261 ἃ
1624 2243 1672 2261 ca:—

95 2276 147 2303 teri
160 2275 294 2310 deinceps.
314 2274 368 2310 Qi
383 2282 447 2301 vero
459 2275 598 2312 praeoptati
610 2274 669 2303 fiint
681 2283 729 2311 per
742 2274 936 2310 tergiduetores
949 2282 979 2300 ex
992 2273 1078 2310 prima
1090 2270 1129 2298 ala
1142 2280 1255 2309 quatuor
1271 2292 1280 2304 ,
1300 2271 1343 2298 ubi
1359 2269 1444 2298 sortiti
1457 2270 1555 2298 fuerint
1572 2272 1670 2308 vigilias

97 2313 240 2341 conferunt
253 2311 280 2339 se
292 2312 325 2340 ad
337 2311 489 2344 tribunum,
510 2313 695 2350 accipiuntque
708 2314 735 2340 in
748 2312 863 2348 scriptis,
885 2319 996 2348 quotam
1011 2331 1018 2342 ,
1039 2319 1157 2347 quotque
1172 2310 1272 2347 vigilias
1283 2310 1394 2338 circuire
1407 2317 1537 2346 oporteat.
1579 2310 1670 2336 Postea

96 2360 161 2388 ,πετο
173 2350 304 2382 accubant
321 2351 342 2390 ii
355 2358 469 2390 quatuor
480 2351 556 2389 juxta
566 2360 688 2390 primurn
701 2352 808 2391 signum
824 2352 972 2419 triarioruin
983 2371 992 2382 ‚
1014 2350 1088 2385 cujus
1105 2351 1227 2387 princeps
1247 2358 1337 2389 curam
1356 2349 1445 2387 gerit,
1471 2356 1502 2379 ut
1515 2356 1675 2391 competens

970 2396 1033 2418 zzz
1054 2397 1070 2417 2
1607 2394 1678 2424 *vigit
