2075 2734
437 24 452 36 Q

376 98 441 127 Dr,
483 105 1399 144 QuAnTAAccusAriouc,.&c.CAi·.3o.
1630 118 1685 154 (59,-

98 156 135 185 est
147 153 243 183 habita.
270 153 306 180 Ea
321 161 386 180 vero
400 151 497 179 eodem
513 151 627 179 artificio
643 149 765 179 confe&a
779 152 831 182 est'.
852 163 906 190 quo
918 153 1078 192 superiores,
1099 157 1132 184 de
1147 157 1243 194 quibus
1256 159 1431 188 differuimus.
1461 163 1567 202 Qippe
1581 168 1682 197 accuffi-

0 177 5 222 i
86 203 143 224 .tor
155 194 259 222 crimen
274 191 377 221 attulit,
400 191 479 226 idque
492 190 611 219 testibus,
633 191 657 217 δε
668 191 833 232 argumentis
847 192 977 227 probavit.
999 195 1077 222 Unde
1090 196 1157 223 dixit
1171 199 1255 224 Cicero
1276 208 1283 214 -
1300 208 1317 226 o
1327 200 1420 227 Domo
1436 204 1493 229 iun:
1516 204 1680 235 Ubicrjmen

98 233 148 265 est,
170 228 215 259 ubi
228 237 377 260 accurator,
399 228 444 256 ubi
453 228 548 257 testes?
567 231 607 254 De
621 225 719 263 testibus
733 237 796 255 vero
807 229 879 256 idem
894 232 921 258 in
930 234 1061 269 Verrem,
1084 236 1110 262 ὃς
1127 233 1219 262 Livius
1233 235 1239 263 l
1324 257 1331 264 .

748 297 800 329 De
824 299 1032 344 anquisitione.

132 362 204 389 Cum
218 368 308 390 autem
321 368 363 390 ter
371 358 516 390 accusaret,
535 358 564 386 in
580 357 687 395 singulis
699 357 908 386 accusationibus
923 360 1075 395 perorandis
1088 361 1211 390 mamam
1224 385 1232 395 ,
1247 372 1380 398 poenamve
1393 376 1444 404 pro
1459 367 1587 398 arbitratu
1606 371 1677 399 dice-

91 398 148 430 bat,
171 410 252 438 eaque
266 397 397 439 anqufitio
410 398 552 425 dicebatur.
594 398 655 424 Erat
668 406 758 424 autem
773 397 830 432 ejus
847 397 901 424 haec
922 397 1035 426 formula
1051 410 1055 426 z
1076 402 1186 438 Qando
1198 401 1278 439 {gitur
1290 403 1335 429 haec
1349 424 1356 436 ,
1386 405 1426 437 (ἓν
1437 404 1483 433 illa
1499 427 1505 438 ‚
1533 417 1585 446 qua
1596 408 1671 441 dixi,

0 448 2 459 ι
83 436 181 474 ,[ειιβι,
201 438 228 465 ob
241 448 282 465 eas
294 448 333 464 rex
345 446 386 474 ego
399 435 524 463 muldam
537 434 584 463 tibi
596 435 659 462 hanc
673 434 740 464 dico,
760 435 803 462 vel
809 445 942 469 pecunsiim
956 437 1019 463 hanc
1031 457 1039 470 ,
1050 436 1108 473 sive
1117 439 1311 472 perduellionem
1323 440 1371 468 tibi
1382 444 1470 473 iudtco.
1503 448 1592 472 Livius
1605 447 1673 475 libro

90 476 195 511 primo,
218 480 307 505 Varro,
328 479 410 501 Crcero
424 484 474 510 pro
489 476 599 504 Scauro,
623 477 648 502 &
664 471 793 511 Dionysius
807 473 875 501 libro
891 485 914 508 7.
936 476 1009 510 Saepe
1022 484 1112 503 autem
1128 479 1217 505 evenit
1232 500 1237 508 ,
1258 487 1286 507 ut
1301 489 1362 507 cum
1375 473 1405 508 ‘in
1420 482 1552 517 prioribus
1566 485 1668 513 accusa-

89 513 206 541 tionibus
219 513 335 551 pecuniae
347 513 505 549 judicassent
520 534 526 543 ,
547 514 574 540 in
587 513 665 541 tertia
678 513 769 548 capitis
789 512 958 549 anquirerent
975 523 979 539 ε
1000 521 1044 540 aut
1058 534 1066 544 ‚
1088 524 1151 542 cum
1172 517 1199 543 in
1217 517 1309 553 primis
1329 521 1420 554 capitis
1433 521 1599 551 anuuiliss‘ent
1613 544 1620 554 ,
1641 524 1668 552 in

90 553 167 580 tertia
179 553 295 588 pecuniae
307 552 464 586 judicarent.
487 550 576 578 Livius
589 552 623 578 de
633 551 735 586 judicio
749 551 800 577 Cn.
815 550 915 582 Fulvii,
938 551 1005 578 &de
1019 553 1053 578 T.
1066 553 1202 581 Menenio.
1224 556 1298 582 Dum
1313 565 1401 584 autem
1415 547 1551 586 accusator
1563 561 1667 593 avebat,

89 598 148 616 reus
160 589 206 617 sub
220 590 308 617 rostris
322 589 453 625 abjectus,
475 589 672 617 adolescentum
687 589 814 616 conviciis
828 588 959 624 expofitus
972 589 1067 621 stabat,
1082 591 1145 617 teste
1161 590 1252 625 Livio,
1272 603 1302 620 ex
1315 603 1368 630 quo
1383 595 1445 624 illud
1461 598 1541 624 etiam
1557 582 1665 632 cgnstat,

88 626 249 665 magistratus
261 637 316 656 non
330 628 418 656 minus
433 627 604 660 accusationi,
625 636 706 664 quam
720 627 841 655 citationi
853 628 891 655 rei
904 628 1067 655 intercedere
1079 629 1200 665 potuiise.

599 697 650 729 De
664 697 794 738 mustiae,
816 707 946 745 paenaeve
964 693 1156 743 irrogatione.

123 760 267 797 Postquam
281 766 371 789 autem
382 760 517 789 accusator
527 761 633 789 tertiam
648 759 841 788 accusationem
856 760 1020 796 perfecerat,
1041 768 1099 788 tum
1114 759 1266 797 rogasionem
1277 761 1399 796 stupam
1415 763 1616 801 promulgabat,
1637 766 1665 794 in

63 810 65 812 ·
84 805 137 836 qua
151 801 255 826 crimen
270 802 296 827 &
309 808 418 835 poenam
433 799 600 827 muletamve
614 798 865 835 comprehendebat.
886 800 948 826 Erat
961 806 1051 826 autem
1067 799 1125 834 lege
1140 800 1253 826 vetitum
1263 820 1269 831 ‚
1290 808 1320 827 ut
1332 801 1418 837 inquit
1433 805 1484 828 Cic.
1499 811 1549 838 pro
1563 805 1665 835 Domo,

84 846 119 864 ne
131 846 210 872 poena
222 838 314 874 capitis
325 847 388 864 cum
401 838 512 874 pecunia
525 838 745 873 conjungeretur,
765 836 876 867 duabus.
900 845 928 864 ut
942 846 1023 873 puto,
1044 837 1077 863 de
1092 837 1186 867 caulis,
1207 847 1257 864 una
1270 859 1278 869 ‚
1300 837 1373 875 quod
1389 839 1423 866 de
1438 841 1524 875 capite
1537 842 1666 869 centuria-

82 874 117 902 tis
131 875 239 903 comitiis
248 875 389 913 agebatur,
410 877 443 903 de
456 874 687 902 muletactribun's:
709 876 787 903 altera
801 885 835 903 ne
848 874 949 911 populo
966 875 1100 902 necestitas
1116 876 1313 912 imponeretur,
1335 884 1365 904 ut
1378 885 1422 905 aut
1436 886 1579 914 utramque
1592 880 1666 914 jube.

81 920 124 941 ret
137 933 145 942 .
167 921 212 941 aut
223 921 365 949 utramque
376 913 534 951 repudiaret.
574 913 678 951 Rogatio
691 912 756 940 vero
770 923 817 949 per
836 914 915 941 trinas
930 913 1059 940 nundinas
1079 913 1248 950 promulgata
1268 914 1393 943 manebat
1409 936 1415 945 ,
1445 924 1474 943 ut
1488 917 1586 951 populo
1600 927 1664 945 nota

80 950 158 978 fieret
173 971 180 982 ,
197 958 342 988 antequam
359 951 392 979 de
410 961 440 979 ea
453 952 592 986 judicaret.
630 954 694 979 Haec
707 952 778 979 aestio
791 951 948 980 accusatoris
963 970 970 979 ,
990 950 1086 978 muldi‘ae
1100 972 1107 982 ,
1129 960 1234 985 Ρωηινε
1249 951 1368 989 irrogatio
1382 973 1388 981 .
1406 953 1537 989 judicatio
1557 954 1663 990 populi,

80 987 179 1016 muldh
186 998 292 1023 poenaeve
302 988 407 1016 certatio
421 990 491 1017 dicta
505 990 550 1017 est.
576 987 628 1017 Cic.
643 989 734 1018 multis
752 990 779 1017 in
794 990 873 1022 locis,
894 994 993 1016 Sueten.
1009 990 1037 1016 in
1048 990 1173 1021 Tiberio,
1195 993 1221 1018 ἃ
1235 991 1320 1024 Aliost.
1335 994 1440 1028 Rogana
1454 1000 1544 1019 autem
1559 993 1665 1020 diceba-

78 1033 137 1058 tur,
158 1026 231 1064 quod
246 1029 279 1055 de
292 1036 321 1055 ea
335 1029 468 1065 rogandus
482 1036 537 1056 erat
549 1028 670 1064 populus:
692 1027 826 1066 irrogatio,
837 1027 909 1065 quod
922 1026 1044 1055 adversus
1058 1037 1134 1056 reum
1148 1027 1297 1064 conscripta
1311 1029 1383 1056 effer.
1404 1029 1486 1056 Cicero
1500 1038 1549 1064 pro
1558 1032 1662 1058 Domo.

78 1065 156 1092 Jdem
170 1073 260 1094 autem
275 1067 357 1094 etiam
371 1074 427 1094 erat
440 1065 519 1093 dicere
533 1065 664 1093 mulchm.
703 1066 791 1093 Lurius
810 1067 843 1094 de
858 1069 896 1093 M.
913 1065 1068 1093 l’osthumio
1082 1086 1088 1096 ,
1110 1068 1136 1094 δε
1152 1065 1236 1093 Cicero
1250 1068 1277 1093 in
1295 1069 1453 1095 Antonium.
1494 1068 1556 1096 Erat
1569 1077 1661 1096 autem

71 1101 184 1139 formula
195 1103 357 1142 irrogationis
368 1106 476 1135 eadem,
496 1112 576 1141 atque
587 1104 780 1141 anquifitionis:
801 1114 863 1133 nam
879 1113 990 1141 utraque
1006 1107 1031 1133 8<
1045 1105 1148 1131 crimen
1165 1107 1191 1133 &t
1203 1113 1284 1141 poena
1296 1105 1583 1143 comprehendebatur.
1609 1107 1660 1134 Sed

76 1141 105 1169 in
116 1142 292 1179 anquifitione
307 1152 347 1170 res
362 1140 444 1170 verbo
461 1142 646 1180 peragebatur,
668 1143 696 1170 in
709 1142 858 1180 irrogatione
873 1142 980 1180 scripto.

388 1223 414 1248 Ο
690 1220 1034 1248 (ΖΑΡυτΧΧΧ.

151 1286 202 1317 De
215 1293 327 1331 quarta
343 1285 545 1329 accusatione,
573 1283 810 1329 &defenfifflf’
837 1283 874 1317 de
888 1284 938 1317 die
956 1287 1068 1323 iudicio
1085 1285 1267 1327 indicenda,
1296 1287 1428 1319 auxiliis
1444 1298 1593 1327 rarum,

710 1339 756 1366 (9⁰
779 1345 826 1365 reo
853 1333 1014 1368 evocando.

139 1421 203 1440 uum
218 1411 298 1448 igitur
311 1411 430 1450 irrogatio
442 1421 489 1448 per
502 1419 554 1440 tres
567 1413 695 1440 nundinas
706 1411 875 1449 promulgata
889 1414 1019 1442 mansisset
1033 1435 1039 1445 ‚
1061 1421 1119 1442 tum
1137 1415 1221 1442 tertiis
1235 1413 1359 1441 nundlnis
1373 1414 1506 1442 accusator
1527 1416 1554 1443 in
1569 1415 1651 1443 rostra

76 1414 323 1493 Qconscendit‚
346 1460 377 1478 ac
390 1451 475 1479 rursus
492 1452 574 1480 citato
587 1461 633 1478 reo
647 1458 771 1489 quartam
784 1451 961 1484 accusationem
976 1453 1087 1480 instituit
1100 1473 1108 1485 ,
1130 1463 1210 1489 quam
1225 1453 1321 1478 Cicero
1335 1461 1384 1487 pro
1398 1454 1506 1484 Domo,
1529 1462 1652 1490 quartam

28 1521 31 1524 ¹
155 1488 350 1517 accusationem
364 1488 464 1515 tri-aum
476 1488 619 1515 nundinum
633 1489 786 1526 appellavit,
808 1498 889 1524 eaque
902 1489 1018 1524 perfecta
1033 1491 1192 1525 potestatem
1207 1500 1254 1517 reo
1264 1489 1295 1515 ad
1305 1489 1408 1516 causam
1422 1491 1563 1518 dicendam
1579 1491 1654 1518 fecit.

74 1526 155 1553 Unde
165 1524 296 1563 Diorgvfius
308 1525 408 1562 scripsit
422 1537 429 1553 ε
450 1527 513 1553 Dies
527 1526 539 1553 a
556 1526 664 1554 tribuno
677 1526 758 1563 plebis
780 1527 883 1553 Marcio
899 1537 944 1554 reo
959 1528 991 1555 ad
1007 1528 1113 1555 causam
1128 1528 1268 1555 dicendam
1283 1526 1361 1553 tertia
1374 1527 1489 1554 nundina
1503 1529 1652 1564 praefinitae:

74 1563 119 1591 ubi
134 1563 199 1591 vero
211 1574 268 1591 reus
280 1563 383 1592 causam
395 1564 512 1592 dic'turus
525 1585 532 1595 ,
552 1572 631 1601 atque
644 1563 803 1592 accusationi
815 1563 983 1600 responsurus
1002 1574 1058 1593 erat
1069 1586 1077 1597 ‚
1098 1572 1158 1594 tum
1173 1574 1217 1593 aut
1230 1564 1284 1601 ipse
1298 1585 1304 1595 ‚
1325 1573 1370 1592 aut
1382 1572 1509 1602 patronus
1523 1567 1579 1602 ejus
1592 1575 1653 1602 per-

76 1601 153 1628 missu
167 1601 310 1629 accusantis
322 1600 482 1639 magistratus
497 1604 523 1629 in
536 1603 619 1630 rostra
629 1601 798 1632 ascendebat,
819 1610 897 1639 atque
910 1604 973 1631 inde
987 1603 1090 1641 agebat.
1121 1606 1175 1631 Cic.
1186 1605 1218 1631 ad
1235 1603 1315 1630 Attic.
1349 1605 1416 1629 Reus
1430 1612 1518 1630 autem
1528 1625 1536 1635 ‚
1556 1613 1601 1632 aut
1612 1605 1651 1631 rei

73 1646 200 1676 patronus
215 1649 269 1666 non
282 1638 369 1666 solum
383 1640 495 1667 crimina
510 1640 611 1667 diluere
622 1642 740 1668 oratorio
752 1640 866 1667 artificio
880 1643 1035 1673 contendit,
1062 1641 1105 1669 sed
1120 1639 1321 1670 etiam'causam
1335 1640 1409 1668 suam
1431 1643 1530 1676 populo
1546 1643 1650 1670 virtuti-

73 1677 122 1704 bus
135 1676 184 1704 suis
199 1678 448 1705 commemorandis
462 1679 673 1705 commendavit.
713 1679 778 1713 Quae
791 1678 930 1706 eliciuntur
944 1689 976 1707 ex
988 1680 1090 1714 judicio
1106 1682 1143 1708 M.
1160 1679 1266 1708 Manlii,
1288 1681 1314 1706 &
1330 1680 1356 1705 Ρ.
1371 1679 1500 1714 Scipionis
1514 1680 1582 1715 apud
1598 1679 1647 1706 Li-

73 1713 155 1743 vium.
176 1716 278 1742 Eodem
296 1716 381 1742 modo
393 1714 477 1742 Cicero
490 1717 516 1743 in
533 1724 558 1742 2.
573 1717 607 1743 de
621 1718 749 1749 Oratore,
771 1716 802 1742 C.
820 1716 973 1744 Carbonem
987 1716 1132 1745 Consulem
1147 1718 1250 1746 causam
1267 1718 1298 1742 L.
1315 1716 1419 1752 Opimii
1434 1717 1578 1744 defendiile
1591 1716 1652 1744 scri-

73 1752 129 1784 bit,
150 1763 181 1781 ac
190 1754 249 1789 jure
264 1754 295 1780 C.
311 1753 463 1780 Gracchum
479 1753 571 1781 caesum
590 1754 760 1782 contendiffe.
787 1754 865 1781 Extat
878 1762 1002 1790 praeterca
1015 1757 1100 1784 oratio
1113 1777 1119 1786 ,
1141 1766 1191 1793 qua
1206 1756 1277 1783 idem
1293 1755 1325 1781 C.
1341 1753 1479 1781 Rabirium
1493 1754 1651 1790 peiduellio-

74 1792 115 1818 nis
128 1801 204 1818 reum
220 1791 355 1822 defendit,
376 1800 407 1818 ex
421 1801 484 1828 qua,
506 1801 562 1827 quae
576 1794 643 1819 ratio
655 1791 840 1819 defenfionum
858 1794 890 1820 ad
903 1793 1032 1829 populum
1048 1794 1126 1821 fuerit
1141 1814 1147 1823 ,
1167 1793 1297 1822 elucescit.
1332 1793 1402 1819 Vide
1415 1794 1496 1821 etiam
1514 1797 1648 1827 Ajzonnem

63 1828 100 1858 ‘in
115 1830 292 1857 Scaurianam.
333 1830 434 1865 Qarta
452 1829 513 1856 inde
529 1829 694 1858 accusatione
712 1829 828 1857 absoluta
840 1850 849 1864 ,
877 1830 1040 1868 magistratus
1056 1832 1190 1860 accusator
1211 1832 1283 1859 diem
1300 1829 1406 1857 comitiis
1424 1831 1506 1859 edixit
1522 1853 1528 1862 ,
1555 1831 1650 1869 quibus

67 1869 236 1905 rogationem,
257 1876 336 1904 quam
348 1875 395 1903 per
408 1868 489 1895 trinas
502 1869 631 1895 nundinas
646 1868 844 1905 promulgatam
857 1868 985 1896 habuerat
999 1890 1006 1900 ,
1027 1870 1116 1899 ferret.
1159 1871 1196 1897 Ea
1209 1868 1275 1897 vero
1289 1879 1330 1896 res
1342 1869 1398 1896 acta
1412 1870 1447 1896 est
1461 1870 1488 1896 in
1500 1870 1570 1897 hunc
1586 1879 1647 1896 mo-

72 1906 152 1934 dum:
173 1907 200 1933 Si
213 1905 311 1933 tribuni
324 1904 407 1940 plebis
418 1905 547 1932 mulfitam
565 1907 717 1943 irrogarunt
730 1927 736 1938 ‚
758 1907 830 1934 diem
845 1906 952 1934 comitiis
965 1907 1068 1935 tributis
1081 1908 1204 1936 dicebant
1219 1927 1227 1936 ‚
1246 1907 1317 1943 quod
1331 1906 1377 1942 ipsi
1392 1916 1441 1942 pro
1455 1909 1584 1943 potestate
1597 1916 1647 1943 po-

70 1951 169 1972 terant:
191 1943 209 1970 fi
221 1942 431 1979 perduellionem
440 1964 446 1975 ‚
467 1944 539 1970 diem
552 1944 699 1972 tentaminis
709 1943 815 1972 comisit}¹
828 1944 841 1972 ἐι
854 1953 967 1981 praetore
980 1946 1082 1973 urbano
1094 1946 1246 1982 poscebant.
1265 1945 1351 1971 Cicero
1367 1954 1416 1980 pro
1427 1946 1535 1977 Domo,
1557 1950 1646 1972 stuss

69 1981 115 2009 lib.
124 1991 171 2015 43.
184 1983 210 2009 &
228 1983 318 2010 Antias
413 1991 460 2017 45.
472 1982 536 2009 teste
546 1983 624 2019 Agell.
638 1982 682 2009 lib.
694 1986 721 2010 6.
740 1983 784 2010 Sin
792 1990 881 2009 autem
891 1982 987 2009 Consul
998 1992 1092 2019 ,atque
1104 1992 1201 2019 praetor
1215 1982 1346 2010 muletam
1359 1983 1524 2019 irrogarunt,
1545 1983 1643 2010 tributa

68 2015 191 2047 comitia:
213 2019 231 2046 si
244 2020 343 2055 perdue
362 2029 451 2047 ionem
466 2041 473 2052 ‚
493 2019 635 2047 centuriata
649 2016 802 2047 indixerunt
815 2040 823 2052 ,
844 2029 995 2056 quanquam
1011 2021 1104 2048 barum
1118 2021 1253 2048 actionum
1272 2029 1330 2047 rara
1349 2021 1470 2057 exempla
1489 2022 1555 2049 lunt.
1596 2023 1641 2049 In-

68 2064 141 2086 terea
153 2055 228 2085 vero:
249 2058 313 2085 dum
324 2057 378 2085 haec
391 2059 422 2087 ad
437 2059 475 2085 rei
491 2060 593 2086 exitum
606 2057 764 2096 parabantur
774 2077 780 2087 ‚
801 2058 885 2086 multa
898 2058 991 2086 auxilia
1005 2058 1057 2085 inse
1070 2059 1243 2096 fibiquaerere
1256 2065 1362 2094 poterat
1375 2070 1380 2084 ·.
1401 2068 1515 2096 quorum
1531 2069 1613 2088 unum
1626 2059 1640 2086 a

69 2093 269 2133 magistratibus,
291 2095 402 2124 alterum
417 2097 430 2124 εὶ
438 2097 536 2131 populo,
557 2098 667 2124 tertium
680 2095 693 2123 a
706 2095 774 2133 lege,
794 2105 918 2133 quartum
933 2096 1015 2131 abipfia
1027 2098 1163 2130 ,zecusbtore
1176 2096 1327 2134 profefitum
1341 2098 1385 2124 est.
1407 2100 1430 2124 A
1442 2096 1642 2134 magstratibus,

66 2134 194 2161 auxilium
213 2135 296 2161 latum
315 2134 351 2161 est
364 2155 372 2168 ,
392 2134 411 2162 fi
425 2135 524 2163 tribuni
537 2134 620 2171 plebis
634 2156 640 2167 ‚
661 2142 704 2162 aut
717 2134 826 2171 collegae
841 2134 985 2162 accusatori
998 2156 1004 2166 ‚
1025 2144 1070 2163 aut
1085 2135 1160 2163 alteri
1182 2135 1345 2172 magistratui
1361 2135 1560 2164 intercessiffent
1574 2157 1582 2168 ,
1605 2146 1640 2164 ne

64 2181 142 2199 reum
157 2173 249 2200 citaret
261 2193 267 2203 ,
289 2181 322 2199 ne
335 2172 362 2200 in
375 2182 508 2201 carcerem
523 2173 632 2202 duceret
645 2194 652 2204 ,
675 2182 708 2200 ne
719 2173 850 2201 accuiaret
861 2194 869 2204 ‚
890 2183 923 2200 ne
940 2182 1048 2209 poenam
1066 2175 1196 2210 irrogaret
1209 2195 1217 2205 ‚
1238 2182 1272 2200 ne
1284 2174 1396 2200 comitia
1409 2174 1433 2200 ei
1445 2173 1547 2209 judicio
1560 2175 1638 2203 habe-

10 2235 11 2238 ,
66 2218 123 2239 ret,
142 2217 187 2238 aut
200 2209 218 2237 fi
233 2210 256 2237 ei
268 2210 341 2237 diem
354 2210 523 2239 accusationis
537 2214 563 2240 δί
576 2212 669 2248 judicii
682 2211 871 2247 produxissent.
912 2214 976 2239 Haec
989 2211 1062 2238 enim
1078 2213 1171 2240 omnia
1187 2211 1273 2239 facere
1284 2209 1472 2248 pro'arbitratu
1483 2221 1637 2249 potuerunt,
1650 2234 1653 2236 -

10 2247 11 2253 ¹
24 2261 30 2266 ·
67 2247 160 2277 Livius
172 2248 205 2275 de
218 2249 355 2284 Scipione,
377 2251 403 2278 ὃ(
417 2250 451 2277 de
463 2249 556 2277 Fulvio
569 2250 652 2277 Cimo
663 2258 712 2286 pro
722 2251 830 2281 Domo,
851 2252 878 2278 ὅ(
894 2249 978 2286 Agrll.
989 2250 1035 2278 lib.
1045 2261 1068 2284 7.
1082 2251 1116 2277 de
1129 2251 1259 2287 Scipione.
1425 2277 1431 2279 s

108 2286 229 2321 populare
246 2294 335 2314 autem
350 2287 478 2314 auxilium
491 2287 648 2324 significavit
661 2287 746 2315 Cicero
758 2309 765 2317 ,
785 2287 846 2315 cum
862 2288 928 2315 dixit
943 2308 949 2318 ,
972 2288 1067 2316 multas
1084 2299 1124 2316 res
1143 2291 1175 2316 ad
1191 2288 1349 2325 placandum
1364 2309 1372 2320 ,
1393 2295 1472 2325 atque
1486 2290 1517 2316 ad
1537 2289 1638 2316 miseri-

67 2325 188 2352 cordiam
203 2325 253 2352 effe
265 2325 410 2357 concessas,
431 2324 590 2353 exorabilem
605 2326 732 2362 populum
742 2347 748 2355 ,
769 2325 874 2353 facilem
887 2335 936 2361 pro
950 2324 1031 2353 salute
1044 2326 1262 2363 supplicationem
1279 2326 1364 2354 fuisse.
1397 2327 1533 2364 Significat
1547 2336 1637 2355 autem

68 2361 183 2391 humiles
192 2372 303 2392 reorum
314 2372 418 2400 preces,
437 2372 515 2400 atque
525 2372 702 2402 cognatorum
710 2385 717 2396 ,
739 2365 944 2401 amicorumque
950 2373 999 2401 pro
1007 2365 1038 2393 iis
1050 2364 1252 2402 supplicationes
1261 2385 1268 2398 ‚
1278 2366 1304 2393 ὃς
1314 2365 1509 2402 premationes:
1529 2367 1639 2394 Etenim

1581 2412 1645 2431 cum
1659 2421 1662 2426 ·
