2075 2734
459 110 487 137 D
527 108 557 137 ε’

103 165 162 190 xm.
179 163 245 197 epist.
265 166 315 196 quae
326 161 460 186 Familiares
470 160 590 184 dicuntur:
609 160 633 183 &
647 157 721 185 illud,
738 164 788 188 quo
801 156 872 180 libera

103 197 190 228 legatio
200 195 374 220 decernebatur:
392 193 437 216 hoc
447 193 512 216 enim
527 199 599 222 genus
612 190 759 221 legationum
773 196 822 212 non
831 188 874 212 niti

103 230 196 260 privatae
209 229 241 252 tei
253 226 314 251 causa
326 225 340 249 *a
351 225 440 250 civibus
454 224 579 255 petebatur.
598 223 622 245 &
635 229 689 244 cum
704 220 792 244 senatus
799 221 876 244 decre-

105 260 154 287 vit,
171 266 195 283 ut
208 263 236 284 L.
250 259 353 284 Vettius,
370 257 434 288 quod
447 253 559 278 confessus
571 252 625 277 effet
639 254 660 276 se
672 260 726 276 cum
739 253 787 276 telo
801 251 875 278 suiss‘e,

105 292 132 315 in
144 292 236 315 vincula
248 291 408 319 conjiceretur.
425 285 654 310 senatusconsultum
669 283 877 308 differrehsenazus

105 323 213 350 decreto,
230 323 254 345 δε
267 322 385 345 decretum
397 317 497 342 consulti
510 316 554 341 eise
567 317 702 348 particulam
713 316 828 347 quandam
837 323 878 346 pu—

104 354 164 378 tabat
177 355 249 378 AElius
261 354 352 377 Gallus:
370 350 400 374 fic
412 350 478 373 enim
488 348 566 373 scribit
578 348 661 372 Festus.
679 354 725 379 ego
740 354 816 370 autem
830 348 876 370 exi-

103 386 175 410 stimo
187 385 300 417 equidem
312 385 336 407 in
343 389 391 406 uno
398 379 596 405 senatusconsulto
605 380 677 404 multa
685 379 804 403 interdum
812 377 878 402 suiffe

102 419 189 449 capita,
206 419 230 441 δε
242 413 432 446 unumquodque
443 420 509 444 caput
522 412 607 436 decreti
621 412 721 435 nomine
728 412 876 443 appellatum,

104 457 183 481 neque
201 448 278 472 solum
295 445 398 471 decreti,
414 445 452 468 sed
466 446 537 468 etiam
551 443 666 467 consulti:
684 450 709 466 ut
722 444 747 466 in
760 444 804 466 illo
814 442 875 466 sena-

103 481 250 505 tusconsulto
262 479 313 502 satis
322 476 441 501 manifeste
453 483 526 508 patet,
545 475 574 499 de
586 482 636 507 quo
644 476 668 499 in
675 474 770 505 epistola
777 475 875 498 M.Coe-

104 513 132 537 lii
146 512 260 542 descripto
272 510 335 541 supra
349 508 518 532 meminimus:
534 506 573 531 sed
585 507 642 530 hauc
654 514 733 530 tamen
746 505 876 529 distinctio-

104 551 161 568 nem
173 544 198 567 in
209 541 329 567 historiis,
347 547 383 563 aut
397 541 499 563 omnino
513 540 538 562 in
551 540 601 562 ullo
614 538 676 562 libro
683 537 791 561 nondum
799 536 874 560 obser-

103 576 163 598 vavi.
180 575 302 598 neminem
315 573 381 596 enim
395 572 466 595 video
480 573 510 595 ita
520 572 640 596 locutum,
659 576 683 593 ut
695 570 795 595 diceret,
813 570 834 591 in
847 570 873 590 il-

103 607 124 630 10
129 607 308 636 senatrffcorfislri
322 605 410 627 decrero.
430 604 488 635 quin
501 609 544 634 pro
561 600 612 634 ipso
626 599 822 625 senatusconsulto
835 598 872 622 de-

100 645 191 662 cretum
206 636 324 668 soepissime
337 634 470 666 usurpatum
482 635 588 659 invenio.
604 640 681 665 neque
691 634 748 656 ratio
757 637 874 663 repugnat.

103 670 166 694 nihil
178 669 208 692 est
221 670 287 692 enim
300 667 363 691 aliud
376 666 613 692 senatusconsultum.
630 664 673 689 uifi
685 665 724 691 id,
741 664 806 695 quod
815 663 872 686 sena-

102 708 140 725 tus
158 701 269 724 decernit.
287 700 366 731 itaque
384 699 408 722 &
422 699 555 724 decretum,
573 698 596 720 ὃ(
610 695 834 720 senatusconsultum
847 695 876 717 de

101 734 184 759 eadem
200 740 224 756 re
236 732 320 755 Cicero
333 738 406 753 vocat.
425 734 478 754 nam
492 731 517 753 in
530 730 636 752 oratione
650 736 692 759 pro
699 728 777 751 Sextio
784 734 872 758 cap.t4.

102 766 176 795 Quis,
194 764 286 795 inquit,
304 771 401 793 unquam
413 764 596 792 Consulsenatum
614 762 678 790 ipsius
696 760 786 782 decrexi,·
801 766 875 788 parere

101 796 230 827 prohibuit?
248 802 268 817 at
281 795 306 818 in
320 793 428 817 Pisonem
441 801 459 816 c.
471 798 492 816 8.
512 794 595 815 Omitto
608 793 674 818 allud,
692 792 802 819 Consulem
809 791 873 812 edne-

103 836 138 853 re,
155 826 462 856 urs‘enatusscnaturtonfialto
476 834 500 847 ne
512 823 650 853 obtemperet.
688 821 725 845 Est
738 828 815 844 tamen
830 821 875 843 hctc

101 857 242 883 differentia:
261 857 340 889 quod,
357 855 398 879 etfi
409 863 454 886 pro
461 853 671 880 senatusconsulto,
688 860 823 876 nontamen
832 859 874 883 pro

101 891 190 920 quovis
207 887 406 911 senatusconsulto
417 887 513 917 ponitur
525 886 659 911 decretum,
678 884 717 908 sed
729 891 772 915 pro
784 891 814 907 eo
827 891 874 906 tan-

101 927 154 944 tum
164 936 170 946 ,
186 919 252 952 quod
270 925 307 942 aut
319 918 388 942 unius
399 917 507 942 hominis
518 915 579 940 causa
590 916 676 940 fastum
691 915 731 941 (it,
749 922 784 939 aut
794 933 800 942 ‚
817 915 832 938 fi
848 915 873 938 ad

98 953 179 984 plures
194 952 310 983 pertineat
323 967 330 977 ‚
352 949 456 973 minime
473 956 551 973 tamen
564 948 590 971 ad
604 946 735 972 universam
747 947 871 978 rempubli

99 991 152 1008 cam
167 983 261 1014 spectet.
275 984 299 1006 δι.
312 988 339 1005 ut
350 980 574 1005 senatusconsultum
593 979 673 1010 sapius
689 979 718 1003 de
733 979 872 1005 communi,

101 1022 173 1048 quam
185 1015 215 1039 de
227 1015 313 1046 privata
326 1021 351 1037 re
364 1013 449 1037 dicitur
461 1021 467 1035 ι
488 1012 517 1036 fic
529 1012 650 1035 decretum
663 1009 742 1042 sapius
756 1011 785 1034 de
799 1011 872 1042 priva-

99 1054 136 1075 ta,
153 1055 225 1078 quam
237 1046 266 1070 de
278 1045 461 1072 communi,ve1
475 1044 554 1076 potius
566 1045 596 1067 de
607 1043 732 1066 communi
744 1050 873 1072 nunquam,

99 1079 192 1110 semper
204 1078 233 1102 de
246 1079 338 1109 privata.
352 1084 473 1108 nunquam
489 1077 554 1099 enim
567 1076 687 1101 invenias,
698 1074 786 1097 senatus
798 1074 873 1097 decre-

99 1117 153 1134 tum
164 1111 195 1133 de
207 1110 297 1133 ambitu
310 1108 396 1131 fastum
409 1107 453 1131 effe
462 1125 468 1134 ,
487 1116 524 1131 aut
538 1107 566 1130 de
577 1106 682 1135 judiciis,
700 1106 772 1129 autde
779 1106 874 1130 creditis

98 1143 219 1173 pecuniis,
237 1149 286 1172 quae
299 1140 427 1172 generatim
440 1140 466 1162 ad
481 1147 564 1162 omnes
577 1145 705 1169 pertinent:
724 1136 762 1160 sed
777 1137 871 1160 leuatus-

98 1173 246 1197 consultum:
263 1173 383 1195 decretum
397 1177 473 1194 autem
487 1172 522 1194 vel
531 1171 558 1194 de
566 1177 614 1193 uno
628 1176 718 1193 tantum
727 1169 773 1192 dici
781 1169 858 1192 videas
867 1187 872 1196 ,

99 1212 126 1229 ut
136 1205 161 1229 in
173 1206 280 1228 oratione
293 1202 343 1234 post
355 1203 460 1226 reditum
474 1204 498 1226 in
511 1202 588 1226 senam
601 1209 620 1225 c.
632 1211 651 1225 1.
670 1203 802 1232 Immensum
810 1203 872 1232 quid-

98 1238 150 1260 dam
163 1238 204 1266 est,
221 1242 287 1266 atque
299 1235 408 1264 infinitum
417 1251 422 1261 ,
438 1236 496 1266 quod
509 1233 737 1257 huuardinidebemm
746 1249 752 1259 ,
769 1232 782 1255 ἱι
791 1234 870 1263 quosa-

95 1275 125 1300 pe
142 1268 350 1299 magnificenriffimrs
366 1267 449 1288 durem
457 1267 534 1295 fiemus
544 1265 652 1294 honestati.
671 1265 708 1287 vel
722 1264 750 1287 de
764 1264 870 1291 duobus.

98 1300 157 1323 utin
164 1300 278 1322 suetonio
285 1298 421 1328 Jul.c.16.n.
428 1305 448 1322 1.
457 1298 547 1320 Senatus
555 1298 635 1319 decreto
643 1295 813 1325 tribunusplebis
820 1297 871 1319 Me-

98 1332 161 1354 tellus
181 1333 274 1361 Ἄρρων,
292 1328 402 1361 &prator
415 1331 480 1357 Caesar
492 1329 673 1358 administratione
686 1326 871 1358 reipublicafiam-

97 1368 229 1384 moventur:
247 1361 284 1384 vel
296 1361 326 1384 ita
338 1360 367 1383 de
377 1359 481 1390 pluribus
490 1377 495 1386 ‚
514 1367 538 1382 ut
551 1359 684 1390 particulare
697 1358 734 1381 litt
753 1364 778 1380 ut
791 1358 870 1381 denu-

95 1393 186 1417 throcia
197 1394 290 1416 civitate
296 1391 358 1415 libro
365 1391 392 1414 ad
400 1392 504 1414 Atticum
511 1394 559 1414 xvl
570 1399 588 1414 e.
597 1400 605 1414 1
612 1389 712 1413 6.sub.2.
721 1392 814 1412 Decreta
821 1393 867 1411 Con-

91 1426 171 1455 sulum
184 1426 209 1447 de
223 1422 306 1451 (aefizrir
319 1424 380 1446 allis.
397 1424 530 1446 erautenim
539 1423 584 1446 asta
593 1421 699 1447 Castris,
717 1420 827 1444 beneficia
835 1428 871 1445 aut

96 1456 123 1479 in
136 1455 198 1479 bunc
208 1456 232 1478 ὅ(
246 1457 316 1479 illum
329 1455 454 1477 hominem
468 1455 564 1480 collata,
583 1460 620 1477 aut
633 1454 658 1476 iu
670 1453 757 1476 lunc&
766 1453 868 1476 illamci-

95 1487 201 1511 vitatem.
219 1489 247 1510 Et
260 1486 350 1510 ibidem
364 1484 418 1513 subj-
429 1493 449 1511 3.
467 1487 586 1508 ‘Decretum
601 1485 816 1514 Considesftcunclum
823 1487 868 1506 Bu-

93 1520 184 1542 thracias
191 1520 299 1549 fecerunt.
307 1519 385 1549 itaque
392 1517 512 1540 decretum
520 1523 641 1545 nunquam
649 1515 678 1538 de
685 1515 776 1545 publica
782 1523 806 1538 re
813 1515 869 1542 dici,

93 1549 135 1575 sed
147 1551 266 1582 aliquanto
273 1550 412 1573 contractius
419 1549 463 1572 esse
471 1566 477 1575 ,
495 1556 564 1580 quarn
572 1546 796 1571 senatusconsultum
804 1564 810 1573 ‚
829 1554 867 1570 ve-

96 1589 121 1606 re
133 1582 250 1605 diximus:
268 1589 324 1604 cum
337 1588 413 1604 tamen
427 1579 650 1603 senatusconsultum
665 1580 688 1601 ἃ
702 1579 731 1601 de
745 1579 828 1609 privata
842 1586 867 1602 re

94 1620 268 1644 nonnunquam
287 1612 333 1636 dici
348 1611 413 1642 supra
426 1611 557 1635 docuerim,
568 1610 636 1634 fiebat
649 1616 727 1633 autem
741 1617 869 1641 utrumque

94 1651 137 1675 per
149 1643 310 1668 discessionem
323 1642 469 1666 senatorum:
487 1644 510 1665 ἃ
520 1659 526 1668 ,
545 1643 609 1673 quod
618 1641 722 1672 pluribus
729 1641 804 1664 visum
813 1648 868 1668 erat,

95 1676 121 1700 id
135 1683 172 1700 aut
185 1674 426 1702 senatusconsultum,
444 1681 480 1697 aut
494 1674 613 1697 decretum
626 1672 744 1696 dicebatur
753 1689 758 1699 ‚
776 1673 868 1696 diverso

94 1710 197 1732 nomine
210 1724 216 1734 ‚
240 1715 289 1731 non
308 1706 373 1738 quod
387 1704 476 1729 diverse
489 1705 571 1729 fierent
580 1722 586 1731 ,
604 1704 642 1728 sed
655 1703 720 1735 quod
733 1703 820 1726 diversa
834 1712 867 1727 res

92 1739 163 1767 effer,
179 1740 242 1770 cujus
260 1738 323 1762 causa
341 1738 419 1764 fieret,
437 1744 492 1760 cum
512 1735 735 1760 senatusconsultum
749 1735 825 1758 modo
840 1736 869 1759 de

91 1771 198 1803 publica,
217 1772 293 1795 modo
306 1769 377 1793 etiam
390 1769 523 1799 deprivara.
542 1769 661 1792 decretum
670 1774 746 1790 autem
754 1767 783 1790 de
791 1767 864 1798 publi>

91 1810 116 1827 ca
129 1811 268 1835 uunquam,
285 1802 324 1825 sed
337 1801 366 1824 de
380 1802 465 1832 privata
477 1800 567 1830 semper
579 1800 652 1823 fieret.
670 1797 865 1823 Differuntetiam

90 1835 117 1859 in
136 1835 196 1863 boc,
214 1834 295 1866 quod,
312 1832 518 1865 quemadmodum
529 1829 767 1856 senatusconsultum,
786 1830 802 1853 fi
816 1838 864 1857 res,

89 1867 121 1890 de
133 1875 178 1899 qua
191 1867 230 1893 fit,
248 1866 373 1897 spestatur²
391 1864 458 1888 latius
466 1864 510 1889 est,
527 1871 597 1895 quarn
605 1863 737 1887 decretum:
757 1861 864 1890 Etenim,

89 1904 115 1922 ut
127 1898 185 1929 saepe
197 1899 243 1927 jam
255 1897 318 1923 dixi,
336 1903 387 1919 tum
395 1895 424 1918 de
431 1895 534 1925 publica,
553 1902 603 1918 tum
611 1895 640 1918 de
647 1895 743 1925 privata:
761 1900 815 1917 cum
824 1893 861 1917 de-

90 1936 180 1953 cretum
194 1930 223 1952 de
236 1929 320 1959 privata
333 1933 424 1949 tantum
437 1926 487 1948 fiat:
506 1926 548 1952 fic,
565 1925 580 1948 fi
590 1943 596 1952 ‚
614 1925 626 1948 {a
637 1925 722 1957 quibus
735 1924 787 1950 fiat,
805 1932 860 1948 con-

87 1960 210 1985 fidetatut:
228 1957 642 1990 angustiusquodarumodovidetur³
656 1964 726 1987 quam
733 1956 861 1979 decretum.

88 1993 116 2016 fit
129 1993 194 2016 enim
208 1990 222 2014 xa
234 1989 311 2014 senatu
325 1995 413 2012 tantum
428 1988 664 2012 senatusconsultum:
682 1994 703 2010 at
710 1987 861 2010 decretum&

89 2022 103 2047 ἒ
122 2023 212 2049 senatu,
228 2024 253 2047 δε
273 2022 299 2046 ab
316 2022 362 2045 alio
381 2021 476 2045 ordine.
499 2027 576 2050 neque
597 2019 673 2042 solum
687 2017 699 2041 a
714 2019 803 2050 paucis.
822 2017 860 2042 sed

88 2056 160 2080 etiam
173 2055 200 2079 ab
215 2061 275 2077 uno:
293 2052 305 2077 a
319 2052 410 2078 senatu,
428 2058 453 2075 ut
465 2059 493 2075 et
507 2052 598 2076 eoloco
606 2057 679 2082 pater,
697 2058 768 2081 quem
776 2057 804 2073 ex
812 2058 859 2074 ora-

87 2089 156 2111 tioue
169 2086 218 2118 post
231 2085 333 2110 reditum
346 2084 455 2115 proxime
469 2084 630 2107 recitavimus:
648 2089 724 2113 neque
732 2083 858 2113 pluracon-

87 2120 187 2151 gerenda
200 2118 252 2142 sunt
258 2117 376 2148 exempla:
392 2116 479 2139 namin
487 2115 531 2138 hoc
538 2122 592 2138 cum
599 2113 796 2138 senatusconsulto
804 2121 859 2138 con-

86 2152 171 2175 sentit:
189 2158 234 2174 nos
245 2155 320 2172 autem
335 2147 372 2175 id,
389 2148 414 2171 in
427 2155 475 2179 quo
489 2146 605 2172 dissentit,
623 2147 757 2177 quaerimus,
773 2144 799 2168 ab
807 2146 855 2169 alio

85 2184 187 2210 ordine,
203 2189 228 2205 ut
241 2183 266 2204 in
278 2181 384 2204 oratione
398 2186 439 2210 pro
451 2182 531 2202 Domo
546 2178 581 2202 sua
590 2195 596 2205 ,
614 2178 676 2206 cuius
685 2177 801 2200 sententiae
809 2185 857 2201 ver-

85 2213 113 2238 ba
121 2216 166 2243 jam
173 2213 306 2245 posuimus:
324 2212 347 2235 δι
355 2211 381 2234 ad
392 2210 562 2234 Atticumlibro
568 2213 670 2236 lX.e.15.
689 2212 746 2231 Volet
755 2226 761 2235 ,
769 2209 856 2240 inquit,

85 2254 195 2277 augurum
209 2246 330 2268 decretum:
347 2243 371 2267 &
385 2249 427 2273 pto
442 2243 491 2265 Sex.
504 2242 644 2267 Roscioc.9.
665 2243 812 2263 Deturronum
823 2243 858 2264 de-

85 2285 168 2300 cretum
175 2277 219 2306 fir,
237 2283 262 2299 ut
276 2278 355 2298 Decem
367 2275 433 2303 primi
445 2276 472 2297 ad
484 2275 566 2296 SuHam
579 2273 743 2302 proficrsiemtur.
761 2272 785 2294 &
800 2274 853 2295 Pon-

83 2309 168 2338 rifirum
181 2311 276 2334 decreta,
293 2305 471 2338 saepelegimus,
489 2304 515 2328 ab
523 2312 585 2332 uno,
603 2311 628 2327 ut
635 2304 771 2335 exemplum
779 2303 853 2327 decla-

84 2347 131 2367 xat‚
148 2348 176 2364 ex
189 2340 295 2363 oratione
307 2345 350 2370 pro
362 2338 469 2363 Milone,
487 2337 516 2360 de
528 2339 574 2360 Cn.
587 2336 693 2366 Pompeii
706 2335 811 2359 decreto:
829 2336 853 2359 &

83 2371 212 2404 Fffilippica
224 2374 271 2396 Le.
281 2380 305 2396 ι.
319 2372 356 2395 Ne
363 2367 699 2401 quatabulapostldusMartim
707 2368 770 2391 uum:
778 2368 854 2391 decreti

600 107 905 137 senas-u

963 106 1294 135 Ronanol
1623 111 1678 152 829

888 157 979 201 lCaefhris
993 173 1000 183 ,
1023 162 1064 180 aut
1083 155 1177 186 beneficii
1189 155 1304 188 figeretur.
1335 156 1460 179 ‘Decretum
1479 163 1556 182 autem
1572 162 1677 191 preterit

898 188 985 210 milltes
1001 187 1146 211 invenimus.
1163 189 1187 212 ὃς
1202 188 1262 219 apud
1278 187 1469 214 jurisconsultos:
1489 194 1627 220 imperaram
1641 194 1677 215 de-

897 226 979 254 crerufn
988 235 994 244 ‚
1011 220 1115 251 Princtpr':
1123 221 1243 245 decretum,
1264 221 1474 247 Judicisdaecverum.
1494 223 1625 253 Reliquum
1635 223 1677 252 est,

900 257 937 276 ut,
956 258 980 273 rn
992 257 1041 281 quo
1051 249 1139 284 senatus
1148 250 1290 274 authoritas‘a
1299 250 1495 274 senatusconsulto
1503 252 1591 276 differat
1599 255 1678 278 osten-

900 281 989 305 damus.
1007 282 1187 315 Dii-leuantem,
1206 289 1230 306 ut
1245 283 1288 308 iam
1303 282 1495 313 fignificavimus,
1514 285 1539 307 in
1547 285 1604 312 hoc,
1622 287 1676 317 quia

901 312 1123 348 senatusconiultum
1138 315 1162 337 id
1175 321 1221 337 erat
1230 331 1236 341 ‚
1253 316 1290 338 cui
1299 322 1353 338 cum
1361 322 1434 338 nemo
1442 315 1606 343 nitesce-sinlei,
1626 326 1680 348 per-

900 344 1020 381 ficiebatur
1032 352 1056 368 ea
1067 353 1116 372 res,
1134 353 1178 377 qua
1191 346 1220 369 de
1234 347 1344 377 scripturn
1358 353 1412 370 etat.
1427 353 1448 369 at
1455 345 1543 370 senatus
1553 348 1678 373 authoritas

899 382 946 412 erat
959 377 997 400 illa
1006 376 1106 407 quidem
1121 378 1242 404 voluntas,
1259 379 1283 401 ot
1296 377 1408 402 sententia
1422 377 1525 406 senatus,
1543 378 1581 403 sed
1595 381 1676 412 aliquo

901 408 1057 432 intercedente
1076 408 1194 432 debilitata
1212 410 1262 432 vim
1283 409 1473 434 senatusconsulti
1494 418 1542 434 non
1559 411 1675 435 habebat:

901 447 977 475 neque
996 441 1064 464 enim
1082 440 1171 471 parebat
1184 441 1205 463 ei
1218 440 1357 472 quisquam:
1376 449 1453 473 neque
1467 443 1502 468 ei,
1521 444 1563 474 qui
1576 451 1623 467 nou
1637 452 1677 475 pa-

901 471 992 498 rurffet,
1013 478 1081 502 poena
1088 479 1142 495 erat.
1156 471 1334 502 perscribebatur
1349 474 1565 505 tameninpublicis
1577 475 1674 499 tabulis:

901 509 939 537 ut,
956 502 1015 538 quid
1035 511 1064 526 eo
1083 504 1122 526 die
1139 502 1227 527 senatus
1246 503 1377 531 censuisset,
1397 513 1520 536 appareret.
1544 515 1597 531 nam
1613 508 1673 531 illud

901 541 925 557 in
941 534 1036 565 epistola
1047 535 1073 557 ad
1088 536 1213 558 Lentulum
1228 537 1290 558 Fam.
1307 544 1324 558 1.
1336 544 1356 559 2.
1375 539 1417 559 Hir
1428 538 1454 560 cie
1467 537 1676 566 rebmsemtumu-

901 568 991 588 ihomas
1010 568 1136 596 g‘amſjma
1154 569 1311 597 rmmcesserat:
1327 569 1363 589 (ω’
1381 576 1430 589 cum
1450 571 1514 594 cato,
1532 568 1558 591 ὸ
1572 572 1675 593 Cavimus

901 597 1067 626 immeffffint:
1089 606 1161 620 tamen
1175 599 1200 626 est
1211 599 1338 629 perscripta:
1356 598 1384 621 fic
1398 599 1428 622 est
1437 600 1614 631 accipiendum,
1625 609 1675 626 nort
1700 614 1705 620 ·

900 629 1032 655 Catonern,
1050 630 1073 652 St
1087 630 1216 652 Caninium
1230 629 1336 652 tribunos
1343 629 1582 660 plebisintercessisse,
1597 640 1627 657 ne
1634 633 1676 657 fie-

901 666 934 693 ret
953 659 1194 684 senatusconsultum:
1215 661 1274 690 (non
1293 662 1359 684 enirn
1378 661 1604 688 senatusconsultum
1623 665 1675 689 fieri

901 690 987 714 terebat
1005 692 1035 715 de
1053 700 1097 719 eo,
1115 692 1180 724 quod
1199 692 1346 724 propositum
1359 692 1469 725 frequens
1481 693 1569 719 senatus
1582 697 1675 728 impro-

901 722 1003 750 baverat,
1016 723 1060 759 *sed
1073 724 1102 747 de
1116 732 1144 747 eo
1153 741 1159 751 ‚
1177 724 1242 755 qnod
1255 724 1365 756 frequens
1379 725 1525 755 probaverat:
1542 727 1580 751 hic
1587 735 1675 757 autem,

901 762 956 778 curn
975 755 1045 782 dicit,
1059 757 1145 783 senatus
1167 757 1288 779 authoritas
1296 758 1436 786 gravissima,
1453 759 1567 789 intelligit
1579 759 1672 786 semer»

902 787 958 822 tiam
972 787 1038 810 illam
1051 787 1129 810 Bibuli
1140 787 1169 810 de
1182 786 1255 810 tribus
1267 788 1346 818 legaris
1355 804 1360 814 ,
1378 796 1448 819 quam
1461 789 1571 821 frequens
1584 789 1674 816 senatus

902 817 1082 848 improbaverat)
1101 817 1140 841 sed
1159 819 1319 844 intercess11]e‚
1338 826 1368 842 ne
1383 820 1473 844 senatus
1484 822 1609 846 authoritas
1619 831 1676 855 pes-

901 849 1045 874 stribererur.
1063 850 1129 881 quod
1148 857 1203 873 cum
1221 850 1267 880 ipsa
1281 848 1347 873 verba
1360 850 1475 874 declarant
1489 860 1495 874 :
1518 859 1569 876 tum
1580 855 1605 877 iu
1621 855 1674 886 epi-

899 880 954 904 stola
966 883 1029 905 Fam.
1041 890 1061 906 r.
1074 889 1094 908 7⁴
1108 881 1140 905 est
1159 881 1267 912 quaedam
1279 881 1340 912 quasi
1353 882 1501 906 consentt‘eus
1514 883 1651 914 significatio
1663 902 1671 913 ,

901 912 936 936 his
948 912 1035 936 verbis:
1052 913 1268 943 senatusconsultum
1281 914 1364 936 nullum
1374 913 1456 942 exstat,
1474 922 1516 946 quo
1529 916 1624 939 reduffia
1631 920 1673 940 Re-

895 946 932 974 gis
944 946 1099 968 ΛΙεκαηᾱν-ἱηί
1110 944 1150 967 tibi
1161 946 1262 975 adempta
1269 945 1315 975 fit:
1331 953 1412 976 eaque,
1429 954 1476 977 quae
1487 947 1625 977 decascripta
1632 949 1669 978 est,

901 978 1037 1002 authoritas,
1054 978 1090 999 cui
1105 977 1148 1005 fiis
1165 978 1299 1007 intercessum
1318 976 1369 1004 effi,
1386 983 1472 1000 tamam
1491 979 1539 1001 vim
1551 979 1628 1007 habet,
1645 986 1672 1003 ut

902 1009 970 1038 magis
989 1010 1095 1030 iratorum
1113 1009 1224 1030 hominum
1238 1007 1353 1035 studium,
1369 1015 1437 1038 quam
1456 1010 1566 1038 constanti]
1581 1012 1672 1040 senatus

900 1040 1008 1067 conjilmm
1021 1039 1057 1067 effi?
1072 1040 1179 1062 videatur.
1197 1039 1328 1069 Dupliciter
1338 1040 1403 1062 enim
1417 1040 1502 1063 Cicero
1515 1040 1612 1064 liberam
1626 1041 1672 1066 ess'e

901 1071 1003 1093 Lentulo
1015 1070 1140 1093 reducendi
1154 1071 1226 1101 Regis
1240 1070 1377 1101 potestatem
1391 1071 1492 1095 ostendit
1501 1089 1507 1098 ‚
1523 1080 1572 1096 uno
1585 1074 1671 1102 modo,

900 1109 953 1124 cum
968 1102 1130 1125 seductionem
1145 1102 1179 1125 illi
1193 1103 1259 1126 nullo
1272 1102 1469 1126 senatusconsulto
1482 1102 1526 1127 ess'e
1538 1104 1673 1136 ademptam

900 1133 972 1156 dicit:
988 1136 1074 1166 altero,
1093 1141 1146 1157 cum
1166 1141 1216 1157 eam
1236 1133 1308 1165 ipsam
1323 1133 1410 1157 senatus
1423 1135 1601 1164 authoritatem,
1618 1145 1671 1169 quat

900 1165 928 1187 de
945 1172 970 1187 ea
984 1166 1063 1196 lttfpta
1075 1164 1120 1192 est,
1138 1172 1162 1188 ut
1175 1173 1204 1188 ne
1215 1167 1267 1197 quis
1276 1166 1378 1189 omnino
1387 1169 1476 1197 Regem
1485 1167 1615 1195 reduceret,
1634 1169 1673 1193 iu-

900 1196 992 1220 firmam
1012 1197 1134 1227 fignificat,
1152 1197 1269 1230 infirmam
1288 1198 1384 1227 inqunn
1395 1205 1444 1221 uon
1459 1197 1491 1221 ob
1503 1206 1554 1222 earn
1565 1199 1670 1228 causam,

900 1229 953 1259 quia
964 1236 1014 1252 non
1025 1229 1247 1252 senatusconsultum
1260 1228 1299 1256 lit,
1316 1230 1354 1253 sed
1367 1229 1455 1253 senatus
1462 1230 1600 1258 authoritas,
1618 1232 1671 1261 <ne-

900 1267 946 1291 que
958 1261 1024 1284 enirn
1038 1260 1084 1284 luc
1097 1268 1142 1283 uua
1153 1260 1241 1284 senatus
1253 1261 1377 1284 authoritas
1386 1278 1393 1287 ,
1411 1262 1474 1289 cujus
1484 1262 1522 1285 hic
1535 1263 1626 1286 mentio
1633 1263 1669 1291 fir,

898 1291 944 1314 hoc
962 1291 1058 1315 habebat
1075 1293 1211 1324 proprium,
1230 1299 1254 1315 ut
1273 1291 1463 1316 senatusconsulti
1479 1294 1611 1317 vicareret:
1628 1294 1668 1318 sed

898 1329 944 1346 erat
957 1323 1069 1347 omnibus
1082 1324 1169 1347 [enatus
1180 1322 1357 1347 authoritatibus
1368 1325 1504 1348 communis
1512 1326 1670 1357 &aequacort-

897 1355 959 1378 ditio
972 1372 978 1382 ‚
996 1362 1021 1378 ut
1040 1356 1067 1378 ad
1083 1363 1133 1378 rem
1152 1355 1315 1386 perficiendam
1336 1356 1446 1387 ponderis
1465 1357 1526 1380 nihil
1545 1357 1668 1386 haberent,

897 1393 987 1410 tantum
996 1387 1024 1410 ad
1040 1387 1205 1411 testificandam
1218 1386 1304 1410 senatus
1317 1386 1453 1411 seutentizm
1467 1389 1577 1419 valerent)
1586 1397 1668 1414 vetum

898 1419 952 1441 ideo
964 1419 1083 1442 infirmam
1092 1436 1098 1446 ‚
1115 1426 1167 1442 turn
1180 1418 1427 1449 quiaintercessiouem
1435 1420 1490 1450 passa
1497 1420 1536 1446 sir,
1555 1427 1605 1444 turn
1613 1422 1668 1452 quia

898 1451 972 1480 magis
985 1452 1098 1473 iratorum
1110 1450 1238 1474 homiuum
1251 1450 1366 1477 studium,
1385 1458 1456 1482 quam
1469 1451 1592 1475 constantis
1606 1452 1668 1476 sena-

897 1488 933 1505 tus
944 1482 1069 1516 confilium
1083 1499 1088 1508 ,
1107 1489 1150 1512 pra:
1163 1481 1185 1503 se
1195 1481 1260 1505 ferat.
1278 1489 1368 1513 apparet
1376 1483 1443 1505 enim
1455 1484 1485 1506 ita
1497 1482 1602 1507 senatum
1613 1491 1667 1508 cert-

896 1512 976 1539 suisse,
994 1521 1043 1536 non
1051 1512 1298 1539 confilioadduCturu,
1315 1512 1445 1537 seditatum
1453 1515 1527 1545 Regi,
1545 1516 1666 1545 quianon-

895 1545 1017 1568 nullorum
1037 1545 1128 1570 animos
1141 1545 1266 1575 largitione
1278 1552 1446 1576 corrumperet.
1463 1547 1488 1568 lu
1502 1553 1551 1577 quo
1561 1547 1620 1570 illud
1634 1547 1666 1571 est

894 1576 1038 1603 notandum,
1060 1575 1228 1600 intercessionis
1246 1584 1295 1599 nou
1314 1584 1364 1599 eam
1379 1578 1495 1601 rationem
1506 1577 1551 1601 effe
1563 1577 1666 1603 habitam

893 1608 918 1630 in
938 1608 1027 1631 senatus
1045 1608 1196 1634 authoritate,
1213 1615 1264 1639 qua:
1276 1607 1400 1631 habebatur
1413 1609 1437 1631 in
1451 1607 1664 1634 senatusconsulto:

890 1639 1022 1670 fiquidem,
1040 1646 1093 1662 cum
1108 1639 1213 1662 tribunus
1233 1639 1306 1669 plebis
1324 1639 1492 1662 intercedebat:
1512 1648 1540 1663 ne
1553 1641 1617 1665 fieret
1630 1641 1664 1665 se-

892 1669 1107 1696 natusconsultum,
1125 1677 1174 1693 non
1193 1670 1273 1693 fiebat:
1291 1678 1345 1693 cum
1363 1671 1516 1694 intercedebat
1535 1672 1615 1700 idem,
1632 1681 1663 1698 ne

876 1700 1064 1734 'perscriberetur
1078 1700 1166 1724 senatus
1179 1701 1505 1733 authoritas:perscribebatur·
1514 1710 1599 1727 tamen.
1632 1708 1661 1729 Et

875 1742 878 1764 ,a
890 1733 1008 1756 dicebatur
1022 1733 1110 1756 senatus
1123 1733 1261 1759 authoritas,
1279 1734 1332 1764 quia
1347 1734 1558 1765 voluiss'etqnidem
1567 1752 1573 1762 ,
1592 1736 1662 1760 &au-

873 1765 877 1809 Ι
888 1764 942 1788 thor
954 1764 1030 1788 suiffet
1043 1766 1143 1791 senatus,
1162 1772 1186 1787 ut
1194 1763 1415 1789 senatusconsultum
1423 1766 1501 1792 fieret,
1518 1766 1570 1792 sed,
1590 1767 1660 1791 inter-

874 1797 985 1820 cedente
1004 1797 1114 1823 tribuno,
1131 1804 1179 1819 non
1197 1795 1305 1827 poruiffet
1332 1804 1408 1828 neque
1427 1804 1504 1820 tamen
1521 1797 1607 1822 senatus
1621 1807 1660 1823 au-

889 1828 985 1851 thoritas
997 1836 1022 1851 ea
1036 1828 1082 1851 sola
1096 1828 1227 1854 dicebatur,
1246 1835 1310 1859 quac,
1329 1836 1383 1851 cum
1395 1828 1503 1861 frequens
1516 1828 1604 1853 senatus
1618 1832 1660 1855 ali-

888 1860 947 1892 quid
960 1859 1096 1891 probaverat
1105 1877 1110 1886 ,
1129 1859 1161 1882 ob
1175 1859 1363 1883 intercessionertt
1377 1860 1601 1885 senatusconsultum
1614 1862 1660 1887 effe

888 1899 937 1915 non
955 1898 1071 1922 potuerat:
1090 1890 1129 1914 sed
1143 1898 1167 1914 ea
1187 1898 1297 1922 quoque,
1315 1899 1379 1921 qux,
1396 1891 1513 1924 frequenti
1527 1893 1604 1916 senatu
1619 1895 1659 1918 ali-

886 1923 944 1953 quid
964 1922 1125 1953 improbante,
1144 1923 1260 1945 omnirm.
1277 1924 1348 1946 etiam
1372 1931 1467 1947 nemine
1485 1925 1656 1954 intercedente,

872 1971 873 1980 1
886 1952 1108 1977 senatusconsultum
1121 1953 1165 1976 ess'e
1175 1961 1223 1977 non
1238 1960 1335 1984 poterat.
1349 1962 1397 1978 nou
1411 1956 1491 1982 enirn,
1509 1963 1562 1980 cum
1572 1965 1658 1988 propo-

871 1985 923 2008 »fita
941 1985 1052 2008 sententia
1071 1985 1240 2015 improbaretur
1250 2002 1256 2011 ‚
1274 1985 1316 2008 secl
1325 1993 1379 2008 cum
1391 1987 1539 2017 probaretur,
1558 1988 1656 2012 senatus-

871 2029 873 2036 ι
885 2017 988 2040 consulta
1002 2016 1052 2040 fieri
1066 2015 1177 2039 solebant.
1195 2017 1219 2039 in
1233 2017 1273 2039 hac
1286 2024 1361 2040 autem
1376 2019 1402 2041 ad
1417 2020 1542 2042 Lentulum
1550 2019 1655 2050 epistola,

870 2046 873 2070 ἕ
885 2049 914 2072 de
927 2048 1055 2078 improbata
1066 2048 1144 2071 Bibuli
1158 2047 1283 2074 seminia,
1301 2056 1372 2080 quam
1386 2049 1414 2073 de
1422 2051 1582 2082 tribuslegatis
1589 2051 1655 2076 dixe-

869 2079 872 2125 ί
885 2087 931 2107 rat,
949 2080 991 2103 nifi
1005 2087 1044 2104 me
1057 2078 1117 2103 fallit
1129 2081 1215 2110 opinio
1224 2097 1230 2107 ‚
1248 2079 1325 2103 sermo
1338 2080 1378 2104 est.

911 2147 945 2167 Ex
966 2142 1029 2166 libro
1041 2142 1070 2166 de
1083 2143 1176 2173 legibus
1188 2143 1302 2177 Romanis
1317 2143 1372 2168 vide
1383 2143 1424 2168 illa
1436 2143 1517 2168 verba:
1536 2145 1652 2176 ⁸§beoniam

939 2175 1049 2209 spadam-di
1059 2176 1129 2198 locum
1136 2177 1242 2206 senatores
1251 2192 1257 2202 ,
1276 2173 1320 2200 ὡς.

911 2241 970 2262 Item
980 2254 986 2265 ‚
1002 2241 1059 2261 Item
1071 2239 1107 2261 illa
1121 2236 1145 2262 C.
1161 2232 1233 2269 (affl,
1249 2236 1294 2263 ἐπ.

909 2304 970 2326 item
979 2318 985 2328 ‚
1003 2301 1030 2324 ab
1038 2301 1073 2324 his
1080 2299 1169 2324 verbis:
1185 2303 1226 2324 ‚Ac
1234 2302 1345 2334 primum,
1360 2301 1426 2333 quod,
1434 2301 1479 2327 stc.
1491 2299 1562 2332 usque
1570 2301 1596 2326 ad
1604 2301 1653 2327 illa.

943 2333 1024 2363 ‘Postea
1038 2342 1063 2357 ne
1075 2333 1161 2363 causam
1174 2334 1262 2358 diceres.

1092 2397 1172 2420 sssss
1190 2402 1200 2422 a
1597 2397 1655 2421 Ex
