2075 2734
388 87 442 127 840
838 86 858 113 P
898 94 916 113 Α
959 96 977 113 u
1017 95 1033 113 r.
1074 95 1083 113 i

385 139 433 161 LX.
441 136 491 161 dies
497 135 730 160 manumitterentur:
744 134 856 166 idemque
864 134 888 158 in
895 132 965 158 servis
971 134 1041 166 patris
1047 133 1095 163 eius
1102 139 1157 156 con-

386 169 502 193 stitutum.
508 168 537 192 de
544 175 592 200 quo
600 168 658 199 apud
668 166 848 194 jurisconsultos.
855 166 951 190 Tulit&
959 169 988 190 C.
997 165 1113 189 Gracchus
1120 166 1159 188 tri-

387 200 464 223 bunus
472 199 546 231 plebis
557 207 586 224 ne
593 200 621 223 de
629 200 703 231 capite
710 199 798 222 civium
807 201 970 222 Romanorum
979 197 1063 226 injussu
1076 196 1158 228 populi

388 232 535 262 judicaretur.
543 239 587 263 qua
595 232 624 255 de
631 232 681 262 lege
689 230 818 254 Plutarchus
826 231 850 253 in
858 231 907 257 eius
914 230 959 253 vita
971 230 1120 252 mentionem
1128 228 1159 251 fa-

388 264 429 287 cit.
447 266 546 287 Fuerunt
554 265 598 286 hoc
606 264 633 286 de
641 264 755 293 genere&
764 263 802 285 illa
811 278 818 289 ‚
832 270 882 294 quae
890 262 915 285 ad
923 261 1064 285 moderanda
1079 260 1161 288 judicia

388 294 482 326 legibus
489 294 532 319 ess‘e
539 294 668 320 constituta,
678 293 788 325 fignificat
798 294 882 317 Cicero
891 294 915 317 in
924 294 1028 316 oratione
1036 299 1078 324 pro
1086 293 1161 315 domo

391 326 443 350 sua:
455 335 484 350 ne
492 334 559 356 poena
566 326 647 356 capitis
653 333 705 348 curn
715 326 810 356 pecunia
821 325 1012 356 conjungeretur:
1022 331 1051 348 ne
1059 323 1101 347 nifi
1109 330 1134 355 pr

388 356 449 382 dista
458 358 495 381 die
502 359 554 389 quis
563 356 711 381 accusaretur:
728 364 752 379 ut
761 363 812 380 ante
819 356 963 388 magistratus
977 356 1086 380 accusaret
1093 356 1161 378 inter-

391 389 456 413 missa
464 389 511 416 die,
519 396 590 420 quam
598 389 697 412 multam
704 389 824 420 irrogaret,
833 395 869 412 aut
877 388 986 416 iudicaret
996 395 1032 411 :ut
1039 386 1092 411 effer
1099 394 1160 409 accu-

388 420 446 445 satio
454 422 526 444 trium
534 419 667 444 nundinum
678 438 683 447 ‚
693 421 797 451 prodtfiia
804 420 844 444 dic
851 437 857 447 ‚
865 428 909 452 qua
917 420 1032 448 ludicrum
1040 418 1093 443 esset
1100 418 1162 441 futu<

390 460 452 476 xum.
465 453 585 483 repentina
593 453 658 475 enim
666 452 806 475 accusatione
813 459 866 475 reos
873 452 990 482 opprimi,
1003 451 1122 482 iniquum,
1138 450 1161 472 δε

391 491 460 515 grave
473 483 549 507 visum
561 484 603 507 est.
619 486 689 507 Fuere
698 485 721 507 ὃς
735 483 763 506 de
770 483 895 515 sepulchris
909 485 971 514 leges
979 500 985 509 ‚
999 490 1103 514 quorum
1117 482 1162 509 jura

389 517 506 540 Romanis
513 515 569 539 sacra
576 514 642 539 fuisse
651 532 657 542 ‚
676 516 774 546 antiqua:
782 516 841 547 legis
849 516 887 538 illa
896 515 963 538 verba
970 515 1098 537 declarant:
1118 512 1162 535 ‘l'bt

391 553 464 577 corpus
472 549 578 570 demortui
585 550 675 570 hormms
682 548 825 577 candar‚fizcer
832 548 879 576 esto.
896 549 923 569 Et
931 547 982 570 illa:
1001 549 1037 568 Ne
1045 547 1093 575 quii
1100 545 1162 574 vesti-

395 578 472 601 bulum
479 580 592 602 aditumve
599 579 764 609 adfepulchtum
773 580 811 607 usu
818 573 895 611 capito',
902 587 943 600 neu
950 577 1031 606 bustum
1039 578 1128 599 violato.
1138 578 1164 598 Et

396 610 449 633 illa:
463 613 560 633 Deorum
567 611 801 641 mantumjurafhnl‘ia
809 611 882 639 simio.
900 610 972 640 Qod
979 610 1002 632 ἃ
1011 608 1087 639 postea
1094 607 1165 641 segva-

393 648 446 664 tum
453 640 509 668 ess'e,
518 643 617 673 irrogata
624 641 764 665 violantibus
771 649 839 672 poena
846 657 852 668 ‚
861 640 998 672 poster-iores
1010 638 1166 669 jurisconiulti

396 673 520 704 Ulpianus,
528 674 608 697 Paulus
617 690 623 699 ‚
632 674 699 700 Caius
707 673 857 696 tradiderunt.
876 675 901 696 In
908 672 969 696 Urbe
976 671 1079 703 sepeliri,
1090 677 1166 702 neque

395 711 447 728 ante
454 707 501 728 xli.
510 705 579 729 tabul.
592 704 698 728 uiitatum
708 702 761 731 fuit,
773 705 796 728 &
805 704 890 728 deinde
897 705 935 728 lex
942 703 988 735 ipsa
996 706 1042 727 XII.
1051 702 1121 726 tabul.
1129 709 1165 724 ve-

396 737 442 760 tuit
450 736 485 759 his
493 736 582 760 verbis:
592 739 617 759 In
625 736 683 759 vrbe
690 745 714 759 ne
719 738 815 766 sepelito,
822 744 874 759 neve
880 737 945 759 urim.
962 736 1002 759 Illa
1009 736 1120 758 omnium
1128 741 1165 756 an-

395 767 605 799 tiquiffima,quam
612 766 704 791 {tNuma
712 770 777 799 Rege
784 768 852 791 latam
860 774 974 791 memorat
981 765 1167 797 Festus.Nejusta

391 800 468 830 fierent
476 801 497 822 ei
504 817 509 826 ,
516 801 654 831 qursulmine
662 800 739 829 occisus
746 801 794 831 esset
802 816 808 826 ,
816 808 869 822 neve
877 800 895 822 is
903 802 1044 831 supragenua
1052 799 1167 820 tolleretur.

397 831 465 862 Qafi
473 831 533 854 istus
539 831 640 855 fulmine
647 829 749 854 infensus
756 831 810 862 Jovi
817 830 933 854 videretur
940 829 992 854 esse.
1000 830 1023 853 id
1032 836 1107 853 autem
1115 828 1166 859 opi-

395 870 441 886 nor
448 879 455 889 ,
468 869 521 886 turn
535 869 560 886 ut
573 862 599 885 ab
613 863 687 885 oculis
695 863 826 886 viventium
839 863 945 886 cadavera
952 879 958 888 ‚
972 869 1022 893 quae
1031 860 1169 884 moestitiam

396 895 483 917 animis
490 893 600 921 inferunt,
610 901 680 925 quam
689 894 792 925 primum
800 901 976 917 amoverentur:
985 900 1037 916 tum
1044 900 1072 915 ne
1079 892 1169 915 coelum

396 925 459 949 illud
467 925 580 949 urbanum
589 943 595 953 ,
609 925 671 948 unde
677 926 787 956 proxime
799 926 892 956 spiritus
904 926 1024 948 duceretur
1033 940 1038 950 ,
1053 930 1117 947 taetro
1128 930 1168 953 pu-

397 956 546 980 trescentium
559 964 686 987 corporum
701 957 786 980 nidore
798 963 934 987 corruptum
943 973 949 982 ,
970 955 1056 986 pestem
1067 955 1170 985 aliquam

397 989 545 1019 importaret.
557 988 623 1019 quod
637 994 712 1011 autem
725 987 738 1010 a
751 988 824 1011 doeio
838 989 861 1010 &
875 987 985 1019 diligenti
998 987 1049 1009 viro
1056 985 1169 1016 scriptum

395 1020 490 1047 cibante
497 1023 545 1044 XII.
551 1020 621 1042 tabul.
630 1017 824 1042 consuetudinem
831 1018 905 1045 fuisse,
913 1026 937 1041 ut
945 1019 1003 1041 intra
1011 1018 1098 1040 Urbem
1107 1024 1170 1039 mor-

398 1052 433 1075 tui
441 1050 601 1083 sepelirentur:
614 1051 638 1074 id
646 1050 721 1073 refelli
729 1050 818 1074 videtur
826 1048 839 1074 Ξι
847 1051 962 1073 Cicerone
971 1066 976 1075 ‚
991 1049 1033 1080 qui
1041 1048 1069 1072 de
1076 1047 1168 1079 legibus

399 1083 463 1107 libro
471 1086 499 1107 II.
506 1090 554 1114 cap.
565 1090 601 1108 23.
613 1083 643 1106 ita
651 1082 761 1113 scriptum
769 1082 876 1113 reliquit:
886 1081 1061 1111 Credosmffiaut
1068 1089 1110 1106 eos,
1118 1080 1168 1110 qui-

396 1115 437 1137 bui·
445 1116 480 1137 hoc
487 1121 536 1138 ante
542 1116 593 1136 hanc
601 1116 667 1144 Iegem
676 1116 766 1136 virturis
773 1116 839 1144 causti
846 1113 954 1136 tributum
962 1113 988 1142 cst
996 1129 1002 1138 ‚
1018 1119 1042 1134 ut
1051 1112 1166 1144 Poplicola,

399 1152 427 1169 ut
435 1146 533 1169 Tuberto.
545 1147 602 1176 quod
613 1153 685 1167 eorum
696 1146 836 1177 peslerijiare
848 1151 978 1167 renuerunt.-
992 1150 1033 1166 aut
1046 1151 1078 1165 eos
1088 1160 1092 1169 ,
1102 1142 1168 1173 fiqm'

399 1180 444 1204 hoc,
454 1184 478 1200 ur
487 1180 508 1200 C.
517 1177 625 1199 Fabricius
634 1193 640 1203 ,
647 1179 741 1199 virtutis
752 1178 815 1206 causta
824 1177 892 1205 fhluti
899 1174 981 1207 legibus
989 1192 994 1201 ‚
1005 1176 1168 1203 confenmrsunt.

397 1209 466 1232 Plane
473 1208 583 1240 significat
589 1209 660 1231 etiam
667 1215 719 1230 anre
726 1210 772 1231 XII.
780 1208 850 1231 rabul.
859 1208 917 1230 intra
926 1206 1013 1230 Urbem
1020 1206 1111 1236 sepeliri
1120 1212 1169 1228 non

400 1240 501 1264 licuisse:
513 1239 630 1272 siquidem
637 1240 761 1270 Poplicolae
769 1256 774 1266 ,
784 1240 807 1262 ὅ(
815 1239 919 1263 Tuberto
927 1238 1019 1261 virtutis
1026 1237 1088 1260 causa
1097 1236 1171 1260 tribu-

398 1279 451 1295 tum
462 1272 502 1295 est.
517 1270 665 1303 quodipsum
678 1273 702 1295 δε
715 1270 840 1302 Dionysius
852 1270 986 1296 confirmat,
1005 1270 1029 1293 δε
1042 1268 1172 1292 Plutarchus

400 1303 426 1326 in
436 1304 551 1334 Poplicola
561 1320 567 1330 ‚
585 1303 620 1326 his
627 1302 674 1325 fere
683 1301 771 1329 verbis,
780 1308 816 1326 aut
824 1310 884 1326 certe
898 1302 937 1325 hac
945 1301 1070 1325 sententia:
1088 1303 1171 1324 Decre-

399 1341 452 1358 tum
460 1334 500 1361 est‚
509 1342 534 1358 ut
542 1336 601 1358 intra
608 1335 695 1357 Urbem
703 1335 765 1363 juxta
772 1335 861 1357 Veliam
869 1334 1002 1365 sepeliretur
1009 1349 1016 1359 ,
1029 1333 1112 1363 utique
1124 1333 1172 1361 ejus

401 1366 499 1398 posteris
507 1366 571 1390 idern
587 1367 620 1395 jus
626 1366 692 1389 esset:
710 1366 751 1398 qui
764 1372 842 1389 tamen
856 1372 919 1389 :etate
932 1364 1007 1389 nostra
1020 1371 1050 1388 eo
1064 1365 1113 1392 jure
1123 1371 1173 1387 non

401 1405 511 1422 utuntur:
526 1397 572 1423 sed,
581 1397 621 1421 ubi
628 1398 681 1429 quis
692 1397 720 1421 de
727 1405 812 1428 genere
824 1398 914 1421 Valerio
922 1403 1027 1420 mortuus
1034 1396 1073 1423 est,
1081 1395 1172 1418 cadave-

403 1438 428 1453 re
436 1431 460 1453 in
468 1437 523 1453 eum
530 1431 620 1456 Iocum,
628 1429 668 1453 ubi
677 1430 794 1460 Poplicola
801 1428 902 1461 sepultus
908 1428 947 1454 est,
957 1428 1031 1451 delato
1039 1444 1045 1454 ,
1052 1428 1174 1450 extollitur

402 1461 491 1485 accensa
498 1461 547 1484 fax:
565 1461 650 1484 deinde
657 1461 738 1484 eadem
746 1461 888 1484 demittitur.
902 1467 950 1490 quo
958 1467 1043 1489 genere
1056 1459 1171 1490 quandam

403 1492 486 1516 vetusti
495 1494 549 1520 iuris
556 1493 684 1523 imaginem
693 1492 830 1515 oflendunt:
849 1499 873 1514 ut
882 1490 1027 1521 perspicuum
1035 1489 1060 1513 sir
1068 1507 1074 1517 ,
1082 1498 1110 1512 eo
1119 1489 1148 1512 se.
1156 1489 1173 1512 si

403 1525 492 1550 velint,
502 1524 614 1555 utiposse.
631 1524 721 1547 Servius
728 1523 835 1555 quidem,
847 1521 1065 1553 ubiexplauatillud
1074 1521 1175 1552 Virgilii,

404 1554 549 1580 AEn.IIb.XI.
561 1560 616 1579 206.

469 1588 581 1610 finitimos
594 1588 673 1609 tollunt
688 1587 709 1608 in
721 1594 794 1617 agros,
811 1584 913 1617 'Urbique
925 1586 1054 1611 remittunt,

406 1619 487 1641 Duilio
493 1619 678 1651 consitleprimum
686 1618 780 1648 &senatu
788 1619 894 1640 dec-retum
901 1617 937 1645 effi
945 1635 951 1644 ‚
959 1617 989 1640 ait
997 1633 1003 1643 ,
1011 1625 1036 1639 ne
1043 1618 1093 1646 quis
1099 1616 1120 1638 in
1128 1619 1173 1638 Ur-

408 1649 433 1671 be
441 1651 579 1682 fipeliretiar.
598 1650 669 1680 Qod
676 1650 828 1680 imperatores
835 1656 932 1679 quoque
940 1648 1068 1671 Hadrianus
1076 1664 1082 1673 ,
1095 1647 1119 1669 ὃ(
1127 1651 1175 1670 An—

402 1681 502 1704 toninus
510 1681 562 1704 Pius
569 1687 722 1704 renovarunt:
735 1680 832 1704 &fuiss‘e
845 1680 901 1703 hanc
915 1686 1017 1703 veterem
1029 1677 1177 1701 consuetudi-

406 1720 463 1736 nem
472 1729 478 1739 ,
494 1719 553 1743 paret
562 1714 585 1735 in
594 1713 609 1736 l.
618 1719 768 1735 mortuorum
777 1729 783 1739 ,
795 1714 826 1735 C.
834 1712 863 1734 de
870 1710 983 1742 religiosis
991 1727 996 1737 ,
1011 1711 1035 1746 ἐξ
1045 1709 1177 1741 sumptibus

403 1743 523 1767 funerum.
538 1744 665 1768 Vestalibus
672 1750 749 1767 tamen
760 1761 765 1769 ,
774 1745 832 1767 intra
841 1742 929 1766 Urbem
938 1743 1028 1774 sepeliri
1037 1759 1042 1767 ‚
1054 1749 1174 1772 nunquam

405 1783 454 1799 non
462 1776 537 1799 licuit.
553 1777 637 1806 ‘Nullis
644 1778 700 1798 enim
708 1775 790 1805 legibus
797 1774 923 1798 terrebantur
930 1791 936 1801 ,
952 1776 997 1796 ideo
1004 1780 1071 1795 ertum
1081 1780 1176 1796 nocentes

403 1809 462 1830 intra
477 1807 558 1830 vrbem
571 1804 592 1830 ιῖι
605 1813 677 1838 campo
686 1807 933 1836 scelerarofiepulchrum
947 1804 1058 1827 habebant.
1074 1805 1174 1834 idemque

396 1840 442 1870 jur
455 1838 617 1871 imperatoribus
624 1840 683 1869 suit.
705 1838 829 1861 Hzccidem
837 1837 935 1860 Servius.
963 1839 1048 1859 Datum
1056 1836 1125 1858 etiam
1134 1835 1174 1858 de-

405 1877 469 1893 creto
476 1872 565 1894 senatus
573 1871 602 1893 iis
610 1887 616 1896 ‚
625 1870 666 1901 qui
674 1867 850 1900 triumphassent
857 1886 863 1896 ,
872 1875 897 1891 ur
904 1884 910 1894 ,
924 1874 1067 1890 cumeorum
1078 1873 1175 1897 corpora

407 1909 469 1925 extra
476 1903 563 1926 Urbem
570 1908 667 1925 cremata
675 1899 781 1927 ess'ent‚in
788 1900 874 1924 Urbem
883 1899 928 1923 oss'a
939 1900 961 1922 ὅ(
969 1901 988 1922 ci
994 1906 1057 1922 neres
1064 1898 1175 1922 referren-

407 1940 456 1960 tur,
468 1934 584 1966 humique
591 1933 762 1957 mandarentur.
773 1932 818 1955 hoc
825 1931 967 1963 Pyrrhonem
976 1933 1110 1961 Lyparaeum
1123 1929 1177 1953 scri-

405 1964 469 1996 pfiss'e
477 1966 544 1989 tradit
552 1965 681 1989 Plutarchus
689 1965 712 1987 in
721 1963 781 1987 libro
789 1967 948 1987 Romanarum
956 1969 1043 1985 rerum.
1051 1964 1175 1993 sumptum

405 1998 431 2019 in
443 1998 543 2021 mortuis
563 1999 586 2021 ὅ(
602 1996 798 2021 lamentationem
809 1998 857 2020 XII.
872 1994 941 2018 tabul.
956 1993 1094 2017 sustulerunt
1101 2010 1107 2020 ‚
1127 2001 1175 2024 quo

405 2034 507 2060 utroque
515 2030 539 2053 in
548 2036 631 2060 genere
638 2028 705 2052 stulte
713 2028 785 2051 nimis
794 2044 800 2054 ,
816 2028 839 2050 ὅ(
848 2027 967 2058 pueriliter
979 2026 1051 2049 hodie
1064 2032 1175 2056 peccatur.

406 2066 483 2083 extera
492 2077 497 2086 ,
509 2068 558 2091 qux
566 2060 645 2091 scripta
653 2061 704 2083 sunt
712 2060 734 2083 in
741 2062 791 2082 XII.
799 2058 869 2082 tabul.
882 2066 932 2090 qux
940 2057 1018 2081 adhoc
1027 2065 1099 2088 genus
1107 2058 1175 2088 pcrti-

405 2098 473 2118 nent,
482 2093 534 2121 quia
541 2092 582 2115 lib.
590 2095 618 2115 II.
625 2093 653 2115 de
661 2091 751 2122 legibus
757 2090 769 2113 a
776 2092 892 2114 Cicerone
899 2095 1124 2115 commemorantur,
1132 2088 1176 2112 huc

406 2122 525 2145 transferre
533 2131 580 2146 non
589 2123 674 2147 necesse
682 2123 800 2145 duximus.
815 2123 866 2149 illa,
881 2129 930 2152 qus
945 2121 970 2143 ab
977 2121 1028 2144 aliis
1039 2121 1118 2151 scripta
1132 2120 1174 2143 ob-

406 2153 547 2177 servavimus
556 2171 562 2180 ,
579 2155 608 2177 de
620 2155 795 2186 sepulchrorum
809 2154 899 2177 ratione
912 2152 1078 2176 adscribemtis:
1095 2159 1120 2175 ac
1128 2152 1173 2183 pri—

405 2193 475 2209 mum
482 2185 525 2208 hoc
534 2202 539 2211 ,
558 2186 581 2208 in
589 2188 647 2216 agiis
654 2186 770 2217 sepulchra
783 2184 860 2209 fuisse:
876 2187 900 2208 in
913 2185 961 2217 agri
973 2184 1076 2208 venditi'
1127 2185 1174 2211 jura

404 2223 483 2240 tamen
492 2216 664 2247 sepulchrorum
678 2225 747 2249 penes
760 2224 815 2240 eum
824 2234 829 2242 ,
842 2217 884 2248 qui
892 2216 1016 2243 venderet,
1030 2224 1053 2239 re
1115 2240 1119 2243 Ὗ
1145 2223 1172 2243 e,

404 2256 508 2279 eumque
520 2247 562 2271 fibi
574 2255 663 2271 tantum
671 2250 717 2279 agri
731 2249 755 2271 in
764 2249 901 2272 venditione
913 2247 1027 2278 excepisse
1035 2265 1041 2275 ‚
1059 2253 1172 2279 quantum

1148 85 1414 112 Manu-i·

405 2280 513 2304 adeundo
521 2278 640 2311 sepulchro
649 2279 698 2303 satis
705 2279 770 2303 effer:
788 2280 854 2312 quod
868 2280 909 2311 qui
918 2288 966 2303 non
973 2279 1069 2306 faceret,
1082 2280 1104 2302 ei
1112 2277 1172 2302 sum-

404 2319 448 2336 mo
456 2311 542 2343 probro
550 2319 573 2335 ac
580 2310 798 2342 turpitudinifuisse.
816 2311 877 2334 unde
891 2320 915 2335 In
930 2312 1036 2335 oratione
1048 2311 1173 2335 Ciceronis

404 2351 447 2376 pro
455 2342 542 2368 Roscio
550 2343 664 2368 Amerino
672 2350 720 2375 cap.
728 2350 751 2368 9.
771 2345 810 2365 tm·
817 2343 840 2365 de
848 2345 1039 2375 tantoparrimvnio
1046 2352 1069 2366 ηε
1076 2345 1118 2367 iter
1124 2344 1175 2375 qui-

1455 94 1465 113 1
1503 94 1515 115 1

1189 132 1238 154 dem
1245 133 1521 164 adsepulchrumpatrium
1528 133 1628 158 reliffum
1636 134 1669 164 est.
1678 137 1725 159 Hac
1732 136 1783 160 aut&
1795 135 1841 166 ipsa
1848 137 1877 161 de
1883 144 1906 162 te
1913 140 1957 164 1²5-

1191 164 1275 194 ponius
1283 163 1455 192 iurisconsultus
1465 165 1519 196 Dig.
1529 173 1560 188 x1.
1569 173 1594 189 vr
1602 174 1689 193 1.12.5.
1704 168 1734 190 ita
1742 168 1838 199 scripsit:
1856 172 1957 193 Domini:

1186 197 1314 225 fundarum,
1321 198 1343 218 in
1351 195 1463 229 quibusftp
1467 199 1515 219 ulai
1520 199 1715 234 rafhcerrnt,etiaift
1720 200 1761 228 post
1769 202 1946 230 venditvisundos
1953 218 1960 229 ‚

1192 229 1337 250 adeundarum
1347 228 1554 260 sepulchrorum—jus
1567 229 1601 258 est.
1626 232 1688 252 Tum
1701 231 1772 261 Igitur
1785 231 1809 254 in
1817 233 1888 258 aeriS,
1905 239 1956 256 tum

1193 258 1254 287 juxta
1262 259 1381 285 militares,
1390 260 1426 282 vel
1433 259 1535 289 publicas
1541 260 1595 287 vias,
1604 261 1754 285 velcadavera
1763 279 1769 289 ,
1781 264 1817 286 vel
1826 257 1854 289 Jfi
1862 271 1960 288 cremata

1209 289 1265 313 [seur
1272 306 1278 316 ,
1292 291 1381 313 cineres
1388 290 1553 314 condebantur.
1567 299 1621 315 nam
1629 294 1653 316 ὅ(
1661 293 1787 324 sepeliendi
1794 294 1905 319 cadaveris
1912 312 1918 322 ‚
1935 297 1960 320 &

1195 321 1515 350 ¹remandiconsuetudinem
1521 323 1596 349 fuisse,
1604 324 1690 347 indicat
1697 326 1756 348 illud
1764 327 1789 348 in
1797 329 1844 349 XII.
1852 326 1922 351 tabul.
1934 330 1959 349 ln

1196 353 1256 375 vrbe
1262 355 1386 382 nesepelita,
1394 362 1448 376 neve
1455 356 1519 376 uriro.
1528 357 1555 377 Et
1562 355 1630 383 illud,
1638 356 1703 386 quod
1711 358 1735 380 in
1743 360 1771 380 Il.
1780 358 1808 380 de
1816 358 1905 388 legibus
1912 366 1962 389 cap.

1199 392 1238 408 22.
1245 384 1330 416 scripsit
1339 385 1436 408 Cicero:
1451 388 1476 409 P.
1484 388 1606 409 cornelium
1613 389 1750 416 ,Africanum
1757 390 1870 420 sepultum
1878 390 1923 418 effi,
1932 392 1961 414 L.

1196 417 1316 438 Cornelium
1325 418 1408 450 syl-Iam
1416 417 1514 451 prifnum
1527 415 1644 441 &Corneliis
1654 428 1743 442 cremari
1751 420 1847 448 vvlwffiu
1863 422 1961 452 sepeliri

1197 453 1272 469 autem
1281 447 1397 478 antiquius
1403 447 1468 471 fuisse
1477 464 1482 473 ‚
1496 456 1566 479 quam
1573 451 1682 477 cremari,
1692 451 1778 474 Plinius
1785 451 1846 474 libro
1854 455 1905 476 VII.
1912 460 1962 484 cap.

1200 487 1209 505 ς
1215 487 1237 505 4.
1252 479 1350 502 declarat
1357 479 1392 502 his
1400 479 1486 503 verbis:
1506 482 1579 511 Ipsum
1586 484 1690 508 cremari,
1700 484 1757 512 apud
1764 485 1866 505 Romamn
1873 485 1963 513 nonfuit

1197 512 1275 532 veleri,
1285 519 1307 532 m
1316 512 1388 533 tituli.
1400 517 1457 533 terra
1463 512 1608 536 condebantur.
1621 514 1964 545 ar‚postquamlong1n7msbellis

1197 541 1281 563 obrutos
1288 545 1334 564 crui
1341 550 1450 572 cognovere
1458 559 1463 568 ,
1475 549 1525 564 tunc
1531 544 1661 572 institutum.
1675 545 1700 568 (9·
1707 552 1777 567 tamen
1785 547 1858 568 multa
1869 548 1963 574 familia

1196 574 1389 603 prisiosscrvavere
1398 574 1521 604 rituszfifut
1529 575 1550 596 in
1559 576 1652 597 cornelia
1659 584 1717 598 nemo
1725 583 1773 599 aule
1781 578 1856 608 Syllam
1864 579 1965 601 Dimm-

1199 612 1245 626 rem
1257 606 1351 626 traditur
1361 612 1468 628 crematus
1476 621 1481 630 ,
1499 606 1564 636 idque
1572 607 1660 637 volmsse
1673 614 1767 629 ventum
1775 610 1876 631 talionem
1884 625 1890 635 ,
1903 616 1964 632 eruto

1198 638 1219 657 C.
1228 637 1421 659 Mariicadavere.
1439 639 1490 659 ch
1499 637 1586 659 Plinius
1594 645 1600 659 ;
1608 638 1646 660 cui
1654 654 1660 663 ,
1670 637 1735 668 quod
1743 645 1793 662 ante
1799 642 1846 664 XII.
1855 640 1925 664 tabul.
1937 641 1964 664 in

1199 673 1266 690 more
1273 667 1342 690 fuerit
1350 683 1357 694 ,
1366 667 1389 690 id
1397 674 1461 691 verus
1469 674 1517 690 non
1526 668 1615 696 videri,
1623 669 1711 692 mitum
1719 669 1758 693 est.
1775 672 1965 695 Cremandicon-

1199 697 1297 722 suetudo
1304 698 1376 730 usque
1383 698 1410 722 ad
1416 700 1595 723 Antoninorum
1603 700 1772 731 imperatorum
1785 708 1873 725 aetatem
1882 704 1965 734 perdu-

1199 731 1263 753 ravit.
1279 729 1353 754 rursus
1360 737 1417 753 terra
1423 730 1495 754 condi
1502 738 1607 762 coeptum
1614 731 1653 755 est.
1676 732 1736 756 Illud
1744 740 1771 755 ex
1779 733 1842 756 Festo
1852 735 1972 766 Pompeii>>

1201 761 1257 784 scitu
1265 762 1365 793 dignum
1373 779 1379 789 ,
1394 769 1445 786 ante
1453 770 1523 794 quam
1530 764 1621 786 cadaver
1633 763 1660 786 ad
1668 771 1748 794 pyram
1755 764 1881 788 deferretur
1888 782 1895 793 ,
1906 767 1979 797 digi-,

1201 799 1251 827 tum
1260 793 1380 817 abicissiim
1387 793 1431 817 ess'e
1440 811 1445 821 ,
1462 801 1486 817 ut
1493 795 1585 826 reliquo
1592 802 1691 827 corpore
1698 795 1789 826 perusto
1796 813 1803 823 ,
1816 796 1842 820 ad
1850 804 1904 821 eum
1912 797 1967 825 justa

1200 826 1288 848 herent.
1307 826 1419 848 cadavere
1426 833 1484 857 pyra:
1493 827 1604 858 imposito
1612 843 1618 853 ‚
1633 827 1674 858 qui
1682 828 1856 859 propinquitate
1870 835 1966 852 mortuo

1200 855 1322 880 devinctus
1329 856 1438 880 artislime
1445 857 1516 880 fuerat
1525 874 1531 884 ,
1540 859 1559 881 is
1566 857 1654 881 aversus
1663 865 1723 889 rogo
1731 859 1804 882 sacem
1811 859 1971 884 acceusamin-

1201 887 1295 910 ferebar.
1314 889 1426 918 Legimus
1435 889 1526 912 &illud
1534 906 1541 915 ,
1550 893 1647 917 majores
1654 896 1708 913 natu
1722 890 1749 913 ad
1756 890 1830 914 tubas:
1847 893 1952 915 minores
1960 909 1968 919 ,

1202 919 1230 942 ad
1244 918 1310 942 tibias
1324 920 1350 942 ad
1358 919 1504 950 sepulchrum
1518 919 1562 944 else
1573 921 1672 944 delatos:
1687 922 1792 948 quivero
1801 923 1866 945 claris
1874 923 1967 951 majori-

1203 950 1245 973 bus
1252 951 1298 973 orti
1305 950 1376 974 essent
1383 967 1390 977 ‚
1401 951 1437 974 his
1443 959 1526 975 eorum
1535 952 1650 983 imagines
1663 953 1686 975 in
1695 953 1775 976 sunere
1783 954 1889 984 praelatas.
1904 955 1969 978 addit

1203 983 1294 1004 Servius
1302 985 1441 1009 Honoratus,
1449 989 1502 1006 ante
1509 983 1530 1006 se
1548 984 1653 1008 ulcnrum
1660 992 1720 1007 aram
1732 985 1782 1008 fieri
1789 984 1882 1009 solitam
1889 993 1894 1008 ε
1902 986 1969 1017 quod

1202 1014 1225 1035 δι
1233 1013 1318 1036 Cicero
1326 1014 1350 1037 in
1357 1013 1421 1043 epist.
1431 1013 1457 1036 ad
1466 1018 1511 1036 Att.
1528 1015 1639 1045 rgnificat.
1653 1015 1740 1039 tametsi
1748 1024 1797 1039 non
1804 1024 1864 1041 aram
1878 1017 1953 1040 modo
1961 1034 1969 1046 ,

1202 1044 1239 1067 sed
1247 1043 1327 1067 fanum
1334 1044 1386 1068 filiae
1393 1045 1620 1075 mortuaecogitabat.
1639 1049 1670 1069 At
1682 1046 1746 1070 fuisse
1758 1047 1883 1072 definitum
1897 1050 1922 1072 in
1936 1048 1970 1073 se-

1200 1075 1353 1106 pulchrorum
1360 1076 1542 1099 exstructionem
1549 1077 1668 1108 sumptum
1678 1078 1845 1104 ‚indicatidem
1853 1097 1860 1107 ‚
1873 1088 1927 1104 cum
1940 1080 1969 1105 ad

1200 1108 1303 1131 eundem
1311 1107 1397 1132 scribit,
1405 1107 1446 1131 lib.
1453 1108 1512 1132 xiii.
1519 1108 1585 1139 epist.
1596 1117 1632 1136 35-
1643 1109 1679 1132 his
1687 1109 1773 1132 verbis:
1791 1113 1919 1142 Qanquam
1927 1113 1971 1135 mi-

1202 1141 1225 1161 ln'
1232 1141 1291 1162 venit
1298 1141 1319 1161 ιή
1327 1147 1420 1162 mentem
1428 1156 1434 1166 ,
1451 1147 1492 1170 quo
1497 1142 1548 1172 plus
1561 1142 1697 1172 insumptum
1709 1150 1731 1163 ιη
1739 1149 1901 1164 monumentum
1908 1143 1955 1171 effi!
1961 1160 1970 1170 ,

1200 1179 1267 1201 quam
1274 1172 1335 1200 nescio
1343 1172 1404 1202 qnid,
1411 1173 1467 1202 quod
1474 1173 1651 1201 legeconcea'itur,
1659 1174 1785 1194 tantundem
1791 1175 1868 1206 populo
1874 1175 1971 1197 dandum

1200 1201 1246 1230 effi.
1263 1202 1361 1233 Signum
1369 1203 1475 1226 hominis
1481 1202 1563 1233 sepulti
1570 1211 1619 1226 non
1626 1210 1700 1226 unum
1708 1203 1753 1226 suit
1760 1220 1766 1230 ‚
1774 1212 1827 1227 nam
1834 1206 1857 1228 ὅ(
1866 1205 1930 1236 lapis,
1943 1206 1970 1229 δε

1202 1234 1276 1263 tegula
1283 1251 1289 1261 ‚
1299 1235 1323 1257 ὃ(
1329 1233 1417 1265 cespes,
1427 1235 1451 1258 ὅ(
1458 1235 1570 1260 tumulus,
1577 1236 1600 1258 δε
1607 1236 1689 1266 cippus
1696 1234 1717 1258 se
1736 1236 1814 1259 ulturae
1820 1236 1899 1260 Iocum
1908 1236 1971 1260 indi-

1200 1264 1291 1289 cabant.
1309 1268 1344 1289 De
1350 1265 1432 1289 fenore
1439 1266 1501 1297 leges
1508 1266 1586 1289 multat
1593 1265 1687 1290 fuerunt
1699 1243 1850 1291 adpavaritiam
1861 1269 1971 1292 coercen-

1204 1297 1266 1320 dam.
1276 1304 1344 1320 unam
1353 1297 1481 1321 Liviuslib.
1490 1300 1536 1321 VII.
1550 1298 1671 1324 nominat,
1685 1305 1756 1329 quam
1771 1300 1800 1322 C.
1809 1300 1911 1326 Marcio,
1922 1301 1969 1324 Cn.

1205 1329 1295 1352 Manlio
1304 1328 1369 1353 Coss.
1378 1330 1426 1353 duo
1434 1329 1523 1353 tribuni
1529 1329 1603 1360 plebis
1611 1332 1645 1353 M.
1653 1330 1756 1353 Duillius
1764 1346 1770 1356 ‚
1777 1333 1804 1353 L.
1812 1331 1935 1354 Menenius
1941 1331 1973 1355 de

1205 1361 1309 1384 unciario
1317 1359 1400 1384 fenore
1411 1361 1528 1384 tulerunt:
1542 1361 1567 1384 id
1575 1361 1640 1392 quod
1653 1362 1698 1391 jam
1707 1363 1828 1392 antealege
1840 1365 1889 1386 XII.
1901 1362 1972 1387 tabul.

1202 1399 1295 1415 cautum
1302 1391 1358 1419 ess'e,
1376 1393 1444 1416 tradit
1451 1392 1611 1416 Tacituslibro
1624 1395 1650 1416 V.
1662 1400 1706 1416 nec
1712 1394 1790 1417 multo
1803 1393 1853 1424 post
1861 1410 1866 1420 ,
1880 1401 1910 1417 ne
1935 1395 1972 1418 uis

1205 1424 1357 1447 leniunciario
1364 1424 1446 1448 fenore
1454 1425 1552 1455 amplius
1559 1431 1674 1448 exerceret
1681 1441 1687 1451 ‚
1699 1426 1770 1448 latum
1778 1425 1821 1448 est:
1836 1425 1900 1456 quod
1909 1425 1924 1448 li
1943 1432 1975 1448 ror

1203 1456 1332 1479 VII.Livius
1340 1456 1478 1487 prodidit&
1486 1457 1575 1486 aliquot
1582 1455 1632 1486 post
1639 1457 1704 1479 annis
1710 1455 1785 1479 tuliffe
1791 1455 1818 1478 ad
1825 1457 1970 1486 populumL.

1204 1488 1309 1510 Genucii]
1316 1487 1410 1510 tribunsr
1417 1487 1490 1518 plebis
1498 1494 1527 1510 ne
1534 1486 1629 1510 fenerari
1639 1488 1725 1514 liceret,
1734 1488 1772 1510 ide
1780 1487 1864 1510 Liv.l.v
1871 1496 1878 1510 r
1888 1494 1970 1515 1.c.42.

1204 1516 1216 1540 ὲ
1224 1518 1363 1548 quibusdam
1370 1520 1491 1548 proditum
1499 1517 1542 1541 esse
1550 1518 1617 1541 tradit
1625 1526 1630 1540 τ
1638 1518 1685 1545 sed,
1693 1525 1717 1542 ut
1725 1519 1755 1542 est
1763 1518 1891 1541 hominum
1898 1526 1973 1549 genus

1203 1550 1261 1572 lucri
1269 1556 1386 1581 appetens,
1392 1557 1446 1573 cum
1453 1550 1488 1573 via
1494 1549 1580 1573 fraudis
1587 1550 1643 1573 inita
1649 1549 1710 1577 esset,
1721 1557 1746 1573 ut
1754 1552 1778 1574 in
1785 1549 1913 1580 socios,qui
1921 1557 1972 1575 non

1205 1580 1340 1605 tenebantur
1348 1583 1376 1605 iis
1383 1581 1483 1612 legibus,
1491 1582 1589 1604 nomina
1596 1580 1797 1605 transcriberentur
1806 1598 1811 1607 ,
1820 1583 1853 1605 M.
1862 1583 1972 1613 Sempro·

1205 1621 1257 1636 nius
1265 1612 1370 1636 tribunus
1377 1613 1451 1644 plebis
1459 1616 1485 1636 I..
1492 1613 1614 1639 Cornelio,
1623 1614 1770 1643 QMinucio
1777 1610 1841 1635 Coff.
1851 1613 1928 1646 legem
1936 1619 1972 1637 tu-

1205 1644 1232 1667 lit
1240 1661 1246 1671 ,
1257 1650 1281 1667 ut
1289 1652 1343 1667 cum
1350 1643 1417 1667 sociis
1424 1651 1447 1667 ac
1455 1644 1554 1668 nomine
1560 1645 1643 1668 Latino
1651 1645 1752 1676 pecuniae
1759 1644 1850 1668 credita:
1857 1644 1890 1673 ius
1897 1644 1971 1672 idem,

1206 1677 1271 1707 quod
1279 1683 1332 1699 cum
1340 1675 1429 1699 civibus
1438 1677 1551 1700 Romanis
1559 1693 1565 1703 ‚
1577 1674 1638 1700 esset.
1656 1679 1691 1700 De
1703 1676 1796 1700 creditis
1808 1676 1925 1706 pecuniis,
1938 1677 1971 1699 ob

1206 1708 1274 1730 unius
1281 1707 1549 1731 feneratorislibidinem
1558 1724 1564 1734 ,
1576 1708 1599 1731 δι
1606 1707 1781 1735 crudelitatem,
1788 1708 1830 1739 qui
1838 1715 1925 1731 nexum
1933 1708 1974 1731 de-

1205 1738 1308 1762 bitorem
1315 1738 1448 1763 formosum
1457 1739 1637 1766 adolescentem,
1647 1740 1675 1763 de
1683 1739 1760 1771 stupro
1767 1738 1916 1766 recusantem,
1924 1747 1974 1763 ver-

1206 1771 1437 1795 beribuslaceraverat
1444 1788 1450 1797 ‚
1461 1773 1488 1794 C.
1497 1771 1590 1794 Petilius
1598 1787 1604 1797 ‚
1619 1773 1644 1794 L.
1653 1772 1759 1801 Papyrius
1767 1771 1907 1801 Mugillanus
1916 1771 1971 1802 lege

1205 1800 1335 1829 sanxerunt,
1348 1810 1376 1825 ne
1383 1804 1444 1833 quis,
1455 1802 1496 1825 uili
1504 1809 1590 1825 noxam
1597 1802 1714 1825 meruiss‘et
1722 1819 1728 1828 ,
1737 1803 1814 1825 donec
1821 1809 1914 1832 poenam
1921 1802 1971 1826 lue-

1203 1840 1237 1856 ret
1245 1851 1251 1859 ‚
1269 1834 1294 1856 in
1301 1834 1458 1864 compedibus
1470 1834 1536 1856 autin
1547 1840 1620 1856 nervo
1632 1838 1754 1857 teneretur.
1768 1833 1867 1865 pecuniae
1877 1833 1970 1857 creditae

1203 1864 1264 1888 bona
1271 1864 1393 1892 debitoris,
1400 1873 1448 1888 nori
1456 1872 1539 1896 corpus
1546 1864 1679 1887 obnoxium
1686 1864 1738 1891 ess‘e,
1746 1865 1810 1888 idem
1817 1864 1830 1887 a
1838 1864 1971 1894 posteriori-

1206 1896 1248 1920 bus
1255 1895 1375 1920 sancitum.
1392 1899 1524 1920 feneratores
1536 1903 1613 1919 autem
1626 1896 1677 1919 olim
1689 1897 1821 1927 quadrupli,
1839 1897 1897 1923 fures
1908 1897 1972 1928 dupli

1203 1930 1364 1955 condemnatos,
1381 1937 1408 1950 ex
1421 1936 1461 1958 quo
1469 1934 1529 1958 patet
1538 1928 1632 1959 pejorem
1643 1929 1703 1959 apud
1710 1935 1789 1950 vererer
1801 1926 1900 1950 habitum
1907 1929 1972 1958 sene-

1204 1967 1297 1982 rarorem
1304 1977 1310 1986 ‚
1327 1968 1396 1991 quam
1403 1961 1481 1989 furem
1488 1976 1494 1987 ‚
1511 1961 1571 1989 apud
1578 1958 1693 1982 Catonem
1707 1959 1731 1982 in
1739 1959 1800 1983 libro
1813 1959 1842 1982 de
1854 1966 1878 1983 re
1891 1959 1971 1983 rustica

1203 1999 1251 2023 cap.
1269 1999 1288 2015 r.
1303 1990 1414 2022 scriptum
1427 1991 1466 2015 est.
1489 1991 1549 2021 Sylla
1562 1991 1700 2015 dominante
1710 2007 1716 2018 ‚
1732 1991 1869 2015 L.Valerius
1881 1991 1972 2015 Flaccus

1206 2022 1295 2046 Consul
1303 2024 1331 2046 de
1340 2025 1474 2054 quadrante,
1491 2022 1733 2051 crcdiwribusfialvendo
1741 2024 1828 2053 ‚ilegem
1841 2023 1907 2045 tulit:
1926 2022 1972 2046 hoc

1204 2055 1236 2078 est
1244 2071 1250 2081 ,
1268 2061 1293 2078 ut
1306 2055 1467 2078 terninummi
1475 2061 1516 2085 pro
1523 2055 1626 2077 centenis
1637 2055 1660 2077 in
1668 2061 1729 2077 anno
1736 2054 1896 2084 penderentur.
1905 2054 1971 2084 quod

1204 2086 1291 2110 fastum
1299 2086 1398 2114 Velleius
1408 2089 1437 2109 Ii.
1447 2093 1483 2111 23.
1495 2094 1515 2109 r.
1529 2085 1672 2114 utinjustum
1685 2085 1832 2116 reprehendit
1844 2086 1868 2109 in
1876 2085 1970 2110 historia

1203 2119 1251 2143 sua:
1265 2118 1318 2149 quia
1328 2135 1334 2144 ,
1343 2125 1397 2141 cum
1405 2116 1482 2149 ipsum
1491 2116 1587 2141 fenerari
1595 2116 1774 2141 nonhonestum
1782 2117 1894 2148 sit,idque
1900 2118 1973 2142 etiam

1203 2152 1265 2180 Ieges
1277 2150 1405 2175 vetuerint,
1423 2149 1515 2172 Flaccus
1527 2149 1556 2172 de
1567 2148 1693 2180 quadrante
1710 2148 1746 2172 sua
1758 2150 1810 2180 lege
1821 2149 1970 2174 concedebat.

1203 2180 1490 2212 Postea‚senfim1egesusu
1497 2181 1641 2207 vincente‚ad
1648 2180 1782 2204 centesimas
1790 2180 1913 2204 menstruas
1921 2189 1972 2212 per-

1203 2220 1301 2237 ventum
1311 2212 1350 2236 est.
1362 2220 1434 2244 quam
1441 2213 1501 2236 inter
1508 2211 1582 2236 usuras
1591 2212 1745 2244 gravissimam
1752 2211 1826 2239 fuiffe,
1834 2220 1862 2236 ex
1868 2212 1932 2243 epist.
1942 2211 1970 2236 ad

1202 2249 1250 2269 Att.
1258 2243 1298 2268 lib.
1306 2247 1324 2267 1.
1332 2244 1396 2275 epist.
1409 2252 1443 2270 r3.
1455 2243 1614 2275 cognoscitur.
1630 2244 1764 2268 Unciarium
1771 2251 1848 2268 autern
1855 2244 1921 2268 fenus
1927 2251 1970 2274 pro

1203 2276 1307 2301 centenis
1314 2282 1376 2300 erant
1383 2275 1467 2307 singuli
1475 2276 1544 2299 annui
1553 2284 1558 2298 t
1568 2284 1618 2308 quae
1625 2275 1739 2300 saeviffima
1746 2275 1791 2299 fuit
1797 2276 1868 2300 usura.
1882 2275 1970 2299 Licinia

1203 2307 1346 2336 Consularis,
1353 2306 1367 2331 a
1373 2308 1466 2332 Licinio
1473 2308 1572 2332 Lucullo
1578 2324 1586 2336 ,
1594 2307 1649 2331 Asia:
1655 2306 1795 2339 proconsule
1802 2325 1808 2335 ‚
1816 2308 1844 2331 ad
1850 2305 1970 2331 levandam

1201 2349 1243 2367 aere
1250 2340 1327 2365 alieno
1333 2340 1480 2373 provinciam
1487 2340 1530 2364 lata
1539 2356 1545 2369 ,
1559 2339 1667 2372 primum
1674 2339 1748 2364 sanxit
1759 2347 1788 2364 ne
1800 2339 1864 2372 supra
1875 2337 1970 2362 centeii-

1905 2375 1972 2394 mam
