2075 2734
414 130 482 165 6214:
691 127 1129 165 AuriQumrqu
1169 121 1740 156 RoMAutlnuMInn.V111.

1104 195 1232 229 Licinia
1255 195 1317 229 lex.

461 259 521 289 Post
539 259 649 288 Didiam
668 256 770 287 Licinia
783 259 825 286 lex
839 257 890 287 lata
905 258 941 287 est
955 255 969 285 Ξ
984 261 1015 284 P.
1029 255 1123 285 Licinio
1138 255 1222 294 Crasso
1237 255 1328 285 Divite
1338 267 1347 282 :
1373 256 1448 293 cujus
1461 256 1575 284 ferendae
1587 276 1594 287 ,
1620 254 1813 293 probandaeque
1826 262 1931 287 tantum
1946 259 1998 288 stu}

422 298 499 327 dium
518 299 550 325 ab
568 296 728 335 optimatibus
747 297 898 334 impensum
920 297 955 324 est
968 317 976 327 ,
1001 303 1030 323 ut
1049 294 1076 322 S.
1096 296 1128 322 C.
1148 295 1286 330 juberetur
1299 315 1306 327 ‚
1332 301 1362 322 ut
1382 303 1412 322 ea
1424 294 1618 323 tantummodo
1631 293 1819 332 promulgata,
1844 297 1998 335 priusquam

422 337 578 364 trinundino
600 335 805 363 confirmaretur
817 356 824 367 ‚
851 336 887 363 ita
901 334 934 362 ab
946 333 1072 362 omnibus
1086 333 1270 362 observaretur
1282 354 1290 365 ,
1316 332 1387 370 quafi
1403 333 1460 368 jam
1473 333 1565 369 populi
1580 332 1707 361 sententia
1721 333 1903 369 comprobata.
1943 337 2000 363 Lex

423 384 489 401 vero
507 374 561 401 haec
581 374 671 409 paucis
694 375 803 401 mutatis
823 374 851 401 in
869 372 999 411 plerisque
1021 381 1083 399 curn
1099 372 1196 399 Fannia
1211 372 1344 408 congruit.
1389 372 1501 398 Summa
1513 372 1569 407 ejus
1583 370 1632 397 fuir
1644 391 1651 402 ‚
1677 379 1706 399 ut
1721 370 1848 399 Kalendis
1861 391 1869 403 ,
1897 373 2000 405 Nonis,

422 410 541 438 nundinis
562 410 682 439 Romanis
695 432 704 443 ‚
730 412 826 449 cuique
845 413 872 439 in
889 413 944 439 dies
963 410 1077 448 fingulos
1091 420 1152 438 xxx.
1167 412 1294 438 duntaxat
1308 408 1371 436 asses
1386 409 1484 436 edundi
1498 408 1571 437 causa
1586 408 1744 437 conlumere
1760 409 1852 437 liceret
1865 417 1873 437 z
1901 412 2001 438 caeteris

423 458 489 476 vero
510 449 601 476 diebus
614 470 622 480 ,
647 449 694 486 qui
706 451 811 488 excepti
825 459 880 477 non
893 449 975 477 essent
989 470 998 480 ‚
1025 457 1059 475 ne
1075 447 1188 484 amplius
1201 455 1379 485 apponeretur
1391 467 1399 478 ,
1425 456 1506 483 quam
1518 446 1598 474 carnis
1612 446 1686 473 arida
1695 447 1773 481 ponda
1786 446 1841 474 tria
1854 468 1861 479 ,
1887 450 1914 476 ὃς
1929 447 2002 476 salsa-

423 494 581 515 mentorum
596 488 698 524 pondo.
739 488 776 515 Ea
789 495 894 519 autem,
914 496 971 525 quae
982 496 1015 515 ex
1030 493 1114 517 terra,
1134 488 1202 518 vite,
1222 487 1352 514 arboreve
1365 493 1426 514 nata
1438 484 1533 516 essent,
1553 484 1704 522 promiscue
1717 484 1810 522 largita
1825 486 1870 514 est.
1898 485 1940 514 Ab
1955 485 2004 514 hac

422 523 490 591 legeh
501 533 654 599 centeri-artas
674 535 751 554 coenas
772 526 903 555 vocabant
915 546 923 558 ,
951 535 978 554 m
993 534 1056 562 quas
1071 534 1103 552 ex
1116 524 1174 562 lege
1187 534 1242 553 non
1255 525 1312 561 plus
1325 522 1485 552 centuffibus
1495 530 1591 560 praeter
1604 529 1674 551 terra
1687 529 1747 551 nata
1761 523 1983 560 impendebantur
1993 544 2002 556 ,

426 571 471 591 aut
492 572 539 591 ore
551 567 587 591 Fe
607 574 631 593 o.

1107 601 1251 635 Cornelia
1275 602 1336 635 lex.

466 668 560 694 Secuta
579 665 615 693 est
628 674 683 693 non
698 666 734 694 ita
749 663 841 694 multis
853 665 911 702 post
924 666 998 692 annis
1009 686 1016 697 ‚
1041 664 1082 691 lex
1096 663 1214 692 Cornelia
1227 685 1234 697 ,
1260 666 1286 692 ὃς
1300 662 1354 700 ipsa
1367 661 1528 698 sumptuaria
1540 681 1549 695 ‚
1577 669 1657 698 quam
1672 660 1733 689 tulit
1746 663 1778 689 L.
1794 660 1922 690 Cornelius
1933 662 2005 690 Sulla
2029 662 2031 667 “

426 704 551 732 Βῐέὶατοι·
565 713 570 729 z
596 704 624 731 in
639 713 689 740 qua
702 714 757 731 non
771 704 957 731 conviviorum
972 703 1170 739 magnificentia
1186 702 1319 739 prohibita
1334 702 1371 729 est
1381 722 1387 732 ,
1407 710 1457 728 nec
1470 699 1536 736 gulae
1551 700 1648 727 modus
1663 699 1747 728 fastus
1760 720 1768 731 ,
1788 709 1883 727 verum
1899 702 2007 728 minora

427 742 511 779 pretia
526 741 602 768 rebus
617 741 748 777 impolita.
774 742 892 779 Agelltus
906 750 995 770 tamen
1011 742 1056 769 hb.
1067 751 1090 769 2.
1105 750 1162 777 cap.
1173 751 1217 776 24.
1230 741 1311 769 etiam
1328 740 1379 768 hoc
1389 760 1396 769 ‚
1415 738 1521 765 Sullana
1534 737 1586 775 lege
1597 738 1770 765 constitutum
1782 737 1857 765 fuisse
1870 738 1949 770 dicit,
1969 740 2008 766 Ut
2057 741 2059 749 '

426 779 563 815 Kalendis.
585 778 681 810 bithus,
701 779 824 818 Nonisque
845 779 936 807 diebus
951 780 1075 807 ludorum
1088 800 1096 811 ‚
1115 782 1142 808 δε
1159 779 1230 806 feriis
1255 777 1410 815 quibusdam
1425 774 1624 818 solennibusH.
1638 777 1663 803 S.
1677 776 1792 804 tricenos
1805 776 1834 806 in
1847 784 1954 804 coenam
1968 777 2010 814 ing
2055 786 2059 798 ¹

427 817 533 845 sumere
544 817 603 853 jus,
622 817 787 854 potestafiiue
801 818 878 846 effer:
899 818 998 846 caeteris
1012 825 1103 846 autem
1118 817 1172 845 aliis
1186 817 1278 850 diebus
1291 815 1417 844 omnibus
1432 824 1488 842 non
1501 813 1613 850 amphus
1626 820 1724 842 ternos,

1100 878 1255 912 eAEmilia
1278 877 1339 910 lex.

471 938 543 965 Sulla
562 946 673 967 mortuo
691 943 731 967 M.
749 937 864 966 AEmilius
882 937 990 972 Lepidus
1009 938 1072 967 Cos.
1091 939 1180 976 legem
1200 939 1263 967 tulit
1283 942 1310 968 &
1330 938 1384 975 ipse
1402 936 1529 966 cibariam.
1569 939 1638 966 Cato
1657 938 1730 965 enim
1749 935 1923 975 sumptuarias
1941 936 2028 975 leges>
2068 948 2075 967 η

427 974 535 1042 aljan-‘1425
554 977 675 1042 agpellat.
712 979 771 1005 Hac
788 977 847 1014 lege
866 986 922 1004 non
941 976 1079 1014 sumptum
1099 987 1253 1009 coenarum,
1273 977 1316 1005 sed
1337 977 1459 1004 ciborum
1473 985 1555 1013 genus
1569 978 1595 1005 δε
1609 977 1724 1005 modum
1738 976 1922 1013 praescriptum
1937 975 2014 1011 fuiffq

456 1021 550 1051 genus
584 1024 639 1043 ielt.

1129 1057 1234 1088 Antia
1259 1055 1321 1088 lex.

470 1115 577 1144 Dehinc
589 1117 678 1154 paucis
692 1116 839 1153 interjeffis
853 1117 928 1144 annis
939 1137 947 1149 ,
973 1115 1022 1144 alia
1035 1115 1078 1145 lex
1097 1118 1220 1153 pervenit
1240 1118 1272 1145 ad
1288 1116 1419 1154 populum
1433 1138 1440 1149 ,
1468 1116 1571 1144 ferente
1583 1114 1661 1143 Antio
1675 1115 1787 1154 Restione
1800 1137 1808 1148 ,
1828 1125 1909 1154 quam
1921 1107 2028 1154 legem'
2054 1105 2065 1142 ¹.

434 1154 557 1189 quamvis
572 1156 634 1182 ellet
647 1156 766 1192 optima,
787 1156 927 1183 obstinatio
941 1163 1032 1183 tamen
1046 1155 1154 1183 luxuriae
1167 1175 1174 1186 ,
1195 1157 1221 1183 &
1238 1156 1367 1184 vitiorum
1382 1157 1460 1184 firma
1474 1153 1618 1184 concordia
1630 1175 1637 1186 ,
1657 1154 1731 1183 nullo
1749 1156 1895 1193 abrogante
1907 1156 2013 1182 irritam
2024 1150 2033 1161 ⁴

432 1192 506 1218 fecit.
547 1194 623 1220 Hanc
641 1192 729 1230 legem
748 1193 828 1229 Agell.
841 1194 891 1224 ait,
913 1202 1007 1230 praeter
1022 1192 1159 1229 sumptum
1175 1193 1244 1225 aeris,
1265 1194 1293 1221 id
1308 1194 1390 1222 etiam
1407 1194 1530 1224 sanxisse,
1549 1199 1579 1219 ut
1599 1193 1645 1229 qui
1659 1192 1818 1230 magistratus
1831 1194 1909 1223 esset,
1929 1193 2015 1229 magi—

433 1229 579 1257 stratumve
597 1238 718 1266 capturus
732 1231 811 1261 esset,
832 1240 865 1259 ne
878 1240 932 1268 quo
944 1232 976 1258 ad
992 1240 1098 1259 coenam
1112 1253 1120 1264 ‚
1141 1231 1188 1258 nifi
1202 1231 1234 1258 ad
1250 1238 1334 1260 certas
1348 1231 1470 1268 personas
1484 1232 1569 1258 itaret.
1609 1231 1692 1257 Addit
1707 1230 1859 1262 Macrobius,
1878 1230 1941 1258 illud
1956 1239 2015 1257 me-

433 1267 565 1295 morabile
580 1268 614 1295 de
627 1266 740 1305 Restione
751 1267 830 1295 latore
844 1269 921 1306 ipsius
934 1268 998 1306 Iegis
1011 1269 1088 1301 ferri,
1109 1270 1197 1307 quod,
1219 1271 1307 1306 quoad
1321 1271 1404 1303 vixit,
1425 1269 1490 1297 foris
1503 1268 1592 1305 postea
1605 1277 1661 1296 non
1675 1269 1834 1302 coenaverit,
1846 1277 1880 1297 ne
1889 1268 1959 1297 testis
1970 1267 2016 1302 fie:
2062 1284 2066 1290 ν

435 1312 477 1342 ξεῖ
491 1312 654 1342 contempta:
667 1306 746 1344 legis,
766 1315 847 1343 quam
861 1307 915 1344 ipse
927 1307 1000 1336 bono
1013 1307 1122 1344 publico
1133 1307 1289 1345 pertuliffet.

1138 1366 1231 1415 Julia
1253 1368 1316 1403 lex.

474 1428 615 1457 Postremo
638 1427 680 1455 lex
704 1427 785 1466 Julia
807 1430 839 1457 ad
864 1431 994 1467 populum
1018 1431 1160 1467 pervenit,
1185 1433 1279 1466 casare
1298 1430 1407 1468 Augusto
1425 1432 1574 1467 imperante
1587 1450 1594 1461 ,
1621 1439 1674 1467 qua
1691 1428 1812 1467 profestis
1832 1429 1940 1465 quidem
1961 1425 2019 1456 die-2

435 1466 484 1494 bus
504 1466 611 1494 ducenti
631 1466 779 1499 finiuntur,
804 1468 927 1503 Kalendis
939 1488 947 1498 ,
974 1468 1076 1497 Idibus,
1101 1468 1196 1501 Noni„
1221 1472 1248 1498 ὅ(
1267 1469 1322 1496 aliis
1342 1468 1496 1505 quibusdam
1517 1468 1615 1494 festivis
1627 1488 1636 1498 ‚
1656 1469 1789 1495 trecenti:
1814 1465 1907 1500 nuptiis
1925 1473 2016 1494 autem

437 1506 468 1531 δί
487 1503 587 1536 repotiis
601 1506 636 1531 H.
651 1506 677 1531 S.
692 1504 798 1533 mfflies.
836 1508 901 1534 Haec
921 1507 977 1533 fere
998 1505 1106 1532 Macrob.
1128 1506 1172 1533 lib.
1189 1517 1213 1533 2.
1233 1509 1337 1533 Saturn.
1354 1515 1412 1542 cap.
1426 1517 1450 1542 7.
1466 1509 1492 1534 δε
1505 1505 1586 1541 Agell.
1599 1505 1643 1532 lib.
1655 1514 1681 1531 2.
1704 1505 1789 1532 Nost.
1803 1505 1884 1532 Attic.
1898 1512 1955 1539 cap.
1971 1512 2015 1538 24.

437 1541 473 1568 de
490 1540 592 1576 legibus
610 1539 779 1576 sumptuariis
792 1562 800 1573 ‚
822 1544 916 1579 quibus
935 1546 962 1572 &
982 1543 1034 1570 hoc
1054 1543 1172 1580 Agellius
1191 1544 1264 1572 addit
1277 1564 1284 1575 ‚
1304 1548 1452 1578 Capztonem
1473 1545 1581 1576 Any'um
1601 1543 1704 1574 dicere,
1724 1542 1844 1568 edissum
1865 1541 1956 1572 fuiffe,
1977 1541 2017 1568 di-

437 1579 501 1605 vine
516 1576 628 1615 Augusti
640 1599 647 1610 ‚
674 1587 706 1606 an
721 1579 813 1607 Tiberii
826 1581 933 1609 Caefiiris
945 1601 952 1612 ,
972 1580 998 1608 se
1011 1589 1066 1607 non
1080 1581 1139 1609 istis
1154 1582 1371 1609 commeminisse
1385 1603 1393 1613 ‚
1413 1591 1467 1618 quo
1479 1590 1526 1617 per
1539 1581 1644 1607 dierum
1659 1580 1742 1606 varias
1755 1578 1921 1606 solennitates
1934 1578 1947 1605 ὲ
1961 1588 2017 1606 ccc.
2053 1597 2057 1604 .

438 1618 477 1644 H.
491 1617 516 1642 S.
535 1618 567 1643 ad
581 1615 661 1652 usque
675 1618 728 1645 duo
743 1618 826 1645 millia
842 1617 961 1656 sumptus
976 1627 1114 1646 coenarum
1129 1628 1288 1656 propagatus
1301 1619 1332 1647 fit
1344 1639 1351 1650 ‚
1376 1627 1405 1646 ut
1424 1619 1464 1646 his
1477 1618 1569 1645 saltem
1585 1617 1680 1644 finibus
1699 1617 1806 1644 luxuriae
1825 1614 2019 1644 effervescentis

439 1654 514 1719 {ellus
526 1655 703 1684 coerceretur.
734 1657 776 1684 Ad
788 1657 852 1694 leges
858 1658 1030 1692 ficmptuartas
1044 1665 1086 1684 eas
1099 1659 1182 1686 etiam
1196 1665 1297 1689 resero,
1317 1656 1413 1694 quibus
1426 1657 1501 1685 luxus
1514 1656 1542 1684 in
1556 1655 1650 1683 vestitu
1665 1657 1690 1684 ὃ(
1705 1655 1760 1683 aliis
1773 1654 1851 1683 rebus
1867 1654 1917 1682 fuit
1929 1653 2019 1691 prohif
2064 1655 2066 1657 ’

460 1700 520 1721 itus.

1129 1736 1252 1771 Caecilia
1276 1735 1338 1769 lex.

482 1794 606 1823 ceciliam
622 1794 713 1834 legem
733 1797 793 1825 tulit
811 1796 923 1825 Cacilius
941 1796 1062 1825 Metellus
1081 1796 1197 1825 m'bunus
1216 1796 1300 1834 plebis
1321 1804 1391 1823 anno
1408 1801 1553 1823 xoxxxrrr.
1573 1794 1606 1820 L.
1625 1793 1726 1821 Veturio
1746 1792 1848 1820 Philone
1867 1795 1899 1820 C.
1913 1794 2019 1822 Lutati·
2068 1787 2070 1789 ‚

443 1833 533 1859 Catulo
547 1833 618 1861 Coss.
632 1843 683 1872 qua
693 1836 762 1863 ratio
776 1836 959 1871 policndarum
976 1836 1088 1862 vestium
1104 1835 1247 1863 fullonibus
1259 1833 1482 1871 prael'cribebatur.
1501 1832 1606 1859 Dedere
1619 1841 1678 1859 eam
1693 1833 1725 1859 ad
1739 1830 1871 1868 populum
1879 1831 2018 1860 terendam

443 1873 474 1897 C.
489 1870 644 1902 flammius,
663 1874 697 1901 L.
710 1873 825 1901 AEmrltus
837 1877 921 1908 Papus
933 1873 1067 1905 censores,
1089 1883 1151 1902 cum
1166 1874 1226 1910 ipsis
1238 1882 1294 1901 non
1305 1872 1406 1900 liceret.
1426 1871 1494 1898 I'lm.
1510 1869 1555 1898 lib.
1564 1880 1577 1907 3
1581 1879 1606 1906 5.
1618 1879 1674 1907 cap.
1685 1879 1724 1906 17.

1143 1936 1246 1984 Oppia
1267 1936 1328 1969 Iex.

484 1997 550 2026 Non
570 1998 659 2028 multo
674 1999 731 2036 post
745 1999 822 2035 Oppia
835 1999 876 2027 lex
889 1999 922 2027 de
936 2005 1121 2028 matronarum
1134 1999 1206 2028 cultu
1219 2020 1227 2031 ,
1246 1998 1289 2027 vel
1302 1997 1406 2026 mundo
1418 1996 1542 2025 muliebri
1555 2016 1563 2028 ,
1583 1994 1634 2024 lata
1646 1995 1683 2023 est
1693 1994 1753 2036 ὲᾨ.
1765 1994 1840 2030 oppio
1851 1994 1949 2023 tribano
1963 1994 2029 2034 pie-R
2063 2004 2070 2021 ι

445 2032 486 2061 bis
500 2055 507 2066 ,
531 2038 656 2074 QFabio
669 2038 785 2065 Maximo
798 2058 806 2068 ‚
833 2042 864 2066 T.
879 2037 1019 2072 Sempronio
1033 2038 1139 2066 Graccho
1156 2048 1195 2065 ιι.
1209 2037 1281 2066 Coff.
1294 2046 1365 2065 anno
1381 2044 1453 2063 mxx„
1465 2038 1491 2063 in
1506 2034 1596 2062 medio
1610 2034 1705 2062 ardore
1717 2035 1823 2062 recundi
1834 2034 1896 2062 belli
1910 2035 2027 2066 Punici,·
2072 2044 2075 2046 ·

448 2074 487 2097 Ne
505 2082 557 2110 qua
570 2075 658 2102 mulier
670 2075 727 2111 plus
739 2076 875 2104 semuncia
888 2077 945 2104 auri
957 2076 1065 2104 haberet
1078 2087 1084 2103 ι
1107 2086 1159 2104 neu
1179 2077 1339 2104 vestimento
1354 2073 1511 2102 verficolore
1522 2080 1641 2100 uteretur
1653 2083 1658 2098 ι
1685 2081 1736 2100 neu
1747 2072 1843 2108 junOEro
1856 2072 1977 2100 vehiculo
1989 2073 2018 2100 in

449 2109 538 2148 Urbe,
548 2113 696 2147 oppidove,
717 2122 763 2142 aut
774 2115 882 2151 propius
895 2115 958 2142 inde
972 2115 1045 2143 mille
1059 2114 1157 2150 passus,
1176 2114 1223 2142 nisi
1238 2114 1373 2142 sacrorum
1385 2111 1555 2148 publicorum
1572 2110 1646 2138 causa
1658 2110 1806 2139 veheretur.
1824 2110 1964 2138 Ltwuslib.
1974 2119 2018 2147 34.
2064 2132 2066 2134 .

449 2149 552 2173 Tamus
567 2151 660 2178 Annal.
673 2151 716 2178 lib.
731 2162 754 2189 3.
798 2153 835 2180 Ea
857 2161 946 2180 tamen
959 2153 1017 2188 post
1030 2153 1130 2189 aliquot
1144 2162 1227 2180 annos
1241 2152 1374 2188 antiquata
1388 2150 1424 2177 est
1436 2148 1589 2177 authoribus
1601 2153 1641 2176 M.
1656 2149 1786 2176 Fundamo
1797 2168 1805 2181 ‚
1832 2151 1858 2178 &
1873 2151 1905 2176 L.
1921 2148 2018 2176 Valeria
2030 2155 2032 2158 ’

448 2182 556 2211 mbunis
568 2186 658 2221 plebis.
687 2190 746 2217 Fuit
760 2191 841 2218 etiam
854 2190 895 2218 lex
903 2211 910 2223 ,
932 2194 974 2218 Ne
985 2190 1043 2229 quis
1056 2191 1085 2218 in
1096 2199 1199 2228 argemo
1211 2190 1252 2224 ἐς
1264 2199 1325 2218 auro
1331 2189 1390 2224 plus
1402 2197 1446 2217 LX·
1459 2190 1494 2217 Η·
1506 2189 1531 2215 5·
1545 2187 1703 2225 POffideset2
1722 2195 1804 2225 quam
1816 2186 1905 2225 legem
1919 2190 1948 2213 C·
1959 2189 1980 2218 J
1977 2184 2014 2214 'd'

447 2223 526 2256 Caefizr
543 2233 552 2250 ι
562 2233 584 2251 ι.
597 2225 695 2254 Consul
708 2228 886 2258 consu-mavit.
909 2228 959 2258 Dio
970 2228 1040 2258 libro
1049 2238 1096 2265 41.
2051 2225 2054 2232 ι
