2075 2734
340 131 395 164 340
663 127 1100 159 A'nriQV‘trATuM
1140 121 1479 152 Rommmnum
1521 126 1642 154 Lrn.V

339 179 396 206 lum
413 178 509 205 faciens
519 197 526 208 ,
552 175 629 211 eique
643 175 764 202 oratione
779 171 887 200 suadens
901 193 907 204 ‚
928 182 963 199 ne
975 170 1077 199 deserta
1092 172 1182 198 Roma
1194 170 1278 207 Vejos
1294 171 1509 208 comm'grarent
1524 191 1530 201 ‚
1551 171 1620 199 inter
1633 171 1724 201 caetera
1739 174 1775 203 fic
1789 174 1920 214 loquitur.
1934 190 1937 191 ν

340 218 393 249 Ajo
414 214 513 242 Locutio
532 213 665 248 templum
688 219 797 249 propter
819 210 956 239 coelestem.
974 219 1070 237 vocem
1091 210 1242 237 exauditam
1258 209 1285 235 in
1306 217 1376 236 nova
1393 210 1433 236 via
1452 208 1572 243 jussimus
1588 209 1660 237 fieri:
1691 213 1839 246 Capitolinos
1852 201 1923 243 ludo}

340 253 459 280 solennes
473 252 529 280 aliis
542 251 708 281 addidimus,
728 249 926 286 collegiumque
938 249 970 276 ad
986 248 1013 275 id
1031 257 1133 275 novum
1148 247 1259 275 authore
1273 246 1363 274 senatu
1372 247 1551 274 condidimus.
1571 249 1636 274 Haec
1650 247 1708 275 Liv.
1729 251 1850 280 Hisludis
1857 263 1924 290 prae-

342 293 417 319 conis
430 301 497 318 voce
511 287 646 316 Sardianos
660 287 758 314 venales
773 287 949 323 proclamari,
970 288 997 314 &
1011 285 1101 313 senem
1116 286 1251 323 quendam
1265 284 1371 312 ludibrii
1385 285 1469 322 gratia
1482 285 1595 321 produci
1609 283 1717 313 solitum
1729 308 1736 318 ,
1755 287 1855 318 bullam
1869 292 1923 319 001.

340 329 368 356 lo
381 328 521 367 appensam
536 333 678 364 gerentem
691 325 838 362 puerilem,
859 324 986 352 Plutarch.
998 323 1075 352 habet
1088 324 1116 351 in
1131 324 1227 361 Qaeflz
1243 324 1328 350 Rom.
1340 331 1366 359 q.
1379 333 1422 361 53.
1443 322 1558 360 Ejusque
1574 324 1656 350 moris
1663 323 1919 363 causaminquirena

341 368 393 399 ait,
413 368 440 395 id
452 375 512 394 eam
526 363 631 392 fortasse
644 363 680 391 ob
695 364 798 391 causam
815 363 885 395 fieri,
907 362 978 400 quod
992 371 1055 390 cum
1069 362 1197 398 Veientes
1211 359 1385 388 Etruscorum
1393 360 1506 398 populus
1513 360 1680 398 perlongum
1689 369 1795 398 tempus
1805 348 1924 394 Romfflc',

342 405 414 433 bello
436 402 584 431 restitiss'ent
599 423 606 434 ‚
634 401 768 429 Romulus
783 401 850 429 hanc
873 400 999 428 ultimam
1014 399 1111 427 urbem
1125 399 1224 435 ceperit
1239 419 1247 432 ,
1273 398 1424 436 multosque
1437 399 1558 435 captivos
1571 398 1616 427 sub
1631 399 1699 426 hasta
1713 401 1860 431 vendiderit
1873 413 1924 432 una

343 452 406 470 cum
422 441 541 478 ipsorum
557 442 647 477 Rege,
669 439 823 468 futilitatem
836 439 893 475 ejus
909 441 935 468 8<
949 438 1055 466 stultitia
1066 449 1083 464 n
1095 438 1225 465 deridens.
1246 437 1318 463 Cum
1332 437 1406 464 enim
1421 436 1519 471 Errasti
1532 435 1545 464 ὲ
1560 437 1642 473 Lydis
1656 438 1790 475 originem
1805 440 1924 474 trahant,

344 483 372 508 ὅτ.
394 480 535 516 Lydorum
557 478 683 514 primaria
699 477 760 505 urbs
779 478 809 506 fit
822 477 915 504 Sardes
931 498 938 509 ‚
958 477 1073 506 idcirco,
1095 475 1194 512 inquit,
1213 475 1324 508 Veientes
1336 475 1516 502 Sardianorum
1530 476 1643 503 nomine
1655 477 1837 511 proclamant,
1859 482 1885 507 &
1900 479 1928 507 in

341 518 414 546 hunc
427 517 508 555 usque
523 517 596 544 diem
612 516 704 543 ludicri
718 517 802 553 gratia
816 525 923 543 morem
937 515 1015 543 istum
1030 513 1196 541 conservant.
1230 512 1313 548 Qod
1328 512 1401 540 idem
1418 512 1474 540 fere
1484 514 1565 540 etiam
1581 512 1663 551 Festus
1679 515 1759 543 docet
1774 537 1780 547 ‚
1802 517 1875 553 cujus
1888 517 1928 546 10-

344 565 408 584 cum
425 566 455 583 ea
469 556 502 583 de
516 564 544 582 re
557 576 565 586 ‚
593 554 825 591 quemadmodum
839 554 853 581 ’ὲ
866 553 960 587 Josi‘pho
976 550 1097 589 scaligero
1112 551 1244 577 restitutus
1258 550 1294 576 est
1307 570 1314 581 ,
1343 549 1395 578 huc
1408 549 1553 578 adscribam
1565 561 1570 578 :
1597 551 1674 578 Sardi
1686 553 1786 580 venales
1798 575 1806 586 ,
1826 555 1927 592 inquit,

342 593 396 622 hoc
412 595 447 622 est
457 616 464 626 ,
484 593 548 621 alius
561 592 612 620 alio
627 592 750 628 nequior:
771 602 803 619 ex
818 591 869 619 hoc
884 598 977 618 natum
993 588 1166 626 proverbium
1181 588 1300 619 videtur,
1321 589 1393 625 quod
1407 587 1474 615 ludu
1486 587 1646 622 Capitolinis,
1666 591 1710 626 qui
1725 590 1791 619 fiunt
1805 593 1926 621 &vicanis

343 632 520 670 praetextatis‚
540 630 628 658 auEtio
637 631 766 664 Vejemum
781 630 837 657 fieri
852 628 932 656 solet:
951 629 978 654 in
993 637 1044 665 qua
1054 626 1210 654 novistimus
1224 627 1260 657 is,
1280 627 1326 662 qui
1339 627 1464 653 omniurn
1479 625 1652 660 deterrimus,
1670 628 1827 664 producttur
1840 630 1927 667 {iprae-

344 680 414 699 cone
427 672 454 698 in
470 669 591 697 medium
605 667 683 696 senex
695 677 759 695 cum
772 675 835 704 toga
848 673 973 702 praetexta
986 687 993 698 ‚
1015 665 1135 701 bullaque
1149 673 1241 696 aurea,
1261 672 1315 700 quo
1329 664 1401 692 cultu
1415 665 1503 700 Reges
1516 663 1585 690 soliti
1601 664 1659 692 sunt
1673 666 1723 692 effe
1738 667 1911 697 Etruscorum
1920 690 1927 701 ‚

346 710 393 746 qui
411 706 488 736 Sardi
505 705 682 744 appellantur:
705 705 764 742 quia
786 704 893 733 Etrusca
906 713 972 741 gens
986 711 1045 731 orta
1058 704 1094 730 est
1108 701 1228 729 Sardibus
1239 711 1271 729 ex
1286 703 1384 738 Lydia,
1405 703 1456 729 &c.
1488 702 1606 729 Vicanos
1619 701 1717 738 Festus,
1739 713 1769 732 ut
1782 706 1856 733 idem
1869 711 1930 735 sm-

346 747 409 786 liger
420 747 515 777 docet,
537 744 674 780 magistros
690 745 827 774 vicorum,
849 744 895 780 qni
909 742 1011 770 etiamsi
1025 741 1192 778 Magistratus
1207 750 1262 768 non
1277 747 1365 771 erant,
1387 739 1463 767 ludos
1476 745 1569 766 tamen
1583 739 1714 768 faciebant
1726 745 1883 777 praetextati.

389 787 487 812 Praeter
506 783 555 810 hos
575 791 640 809 vero
656 780 805 815 Capitolinos
826 781 896 807 ludar
911 781 992 808 etiam
1006 779 1047 806 alii
1063 785 1153 809 erant,
1180 780 1225 815 qui
1239 778 1344 815 lingulis
1357 778 1473 815 quinque
1486 778 1560 805 annis
1575 777 1772 806 celebrabantur
1786 800 1791 809 .
1820 782 1930 811 instituti

347 824 363 852 ὲ
386 821 546 850 Domitiano
566 822 734 856 Imperatore
747 840 755 851 ,
782 820 827 855 qui
845 818 896 845 alio
916 819 1028 845 nomine
1046 827 1134 854 agones
1154 815 1291 850 Capitolini
1310 815 1496 852 appellantur:
1523 816 1557 843 de
1576 816 1670 853 quibus
1691 826 1720 843 ea
1732 817 1783 845 huc
1796 819 1910 847 referam

349 871 407 899 quae
427 860 567 896 diligenter
582 880 589 890 ‚
615 865 644 885 ut
662 856 727 885 solet
741 878 747 887 ‚
769 857 859 884 omnia
880 855 987 892 collegit
1008 853 1129 891 Jqlephtcs
1149 852 1258 891 Scaltgeae'·
1277 854 1321 881 lib.
1339 864 1358 880 ι.
1378 853 1477 882 Auson.
1493 853 1552 881 leet.
1574 863 1630 890 cap.
1649 865 1689 882 ιο.
1710 854 1755 881 ubi
1775 856 1808 884 fic
1827 842 1929 886 scribit’:

348 905 448 937 Agones
460 897 593 931 Capnolnn
608 897 728 931 primum
743 894 756 921 ἔ]
771 894 932 922 Domitiano
946 894 1057 921 instituti
1072 892 1131 919 sunt
1146 892 1190 919 die
1202 902 1234 919 xi
1245 902 1265 920 ι.
1280 892 1336 928 ejus
1349 912 1357 923 ,
1378 895 1404 921 ὃς
1419 892 1502 929 Sergii
1517 892 1636 920 Cornelii
1649 892 1790 921 Dolabellae
1805 895 1932 924 Consula.

349 945 379 966 tu
393 957 400 967 ,
426 935 550 1000 exlemplo
568 934 682 961 ludorum
703 932 893 971 Olympicorum.
925 933 957 960 In
978 932 1008 961 iis
1023 930 1152 969 agonibus
1165 939 1249 958 omne
1262 940 1345 969 genus
1359 930 1472 959 artifices
1485 930 1629 960 certabant.
1658 932 1733 959 Nam
1747 934 1774 961 ὃς
1786 933 1930 963 citharoedi}
1948 958 1953 959 .

373 983 458 1003 uvena
469 983 503 1002 is:

354 978 370 1013 J
644 1009 647 1012 ’
662 1014 710 1038 An
723 1008 1008 1044 Capttolinamsperaret
1022 1005 1102 1034 Pollio
1112 1016 1229 1045 quercum
1237 1011 1250 1034 ἒ

392 1052 464 1080 Item
477 1053 505 1080 ὃς
518 1054 606 1079 Poeta.
628 1048 770 1078 Martialis:

661 1093 684 1114 0
699 1097 737 1113 cui
751 1087 867 1120 Tarpejas
882 1083 953 1112 licuit
965 1083 1103 1120 contingere
1115 1091 1226 1122 quercus.

394 1128 430 1155 Et
441 1125 564 1164 histriones
573 1148 579 1156 ,
599 1134 628 1154 ut
642 1132 715 1164 patet
728 1134 760 1152 ex
773 1123 822 1151 hac
836 1122 1015 1159 inscriptione.

472 1166 504 1192 L.
525 1163 736 1195 SURREDL
757 1164 787 1190 L.
810 1162 838 1189 F.
858 1162 956 1190 CLV.
1283 1159 1716 1189 C'AESAR.DOM1T1AN.

511 1203 697 1229 FELICIS.
1321 1197 1540 1226 PRINCIPI.

471 1238 823 1267 PROCURATORI.
843 1239 902 1266 ΑΒ.
1284 1235 1556 1264 CORONATO.
1576 1237 1778 1264 CONTRA.

473 1277 908 1306 SCAEN.THEAT.IMP.
1285 1273 1721 1302 OMNES.SCAENICOS.

393 1317 478 1346 Vides
500 1316 598 1343 eodem
618 1315 753 1352 principe,
775 1315 820 1351 qui
837 1313 886 1341 hos
902 1313 978 1341 ludos
997 1313 1157 1343 instituerat,
1177 1309 1316 1345 histrionem
1331 1317 1501 1339 coronatum.
1520 1313 1603 1343 Illud,
1621 1321 1707 1340 contra
1722 1313 1935 1348 omnesftaenicos,

357 1355 499 1384 manifesto
511 1354 639 1392 fignificat
653 1362 789 1382 certamen
806 1355 831 1381 ὅ(
846 1353 1060 1380 contentionem.
1096 1352 1127 1378 In
1141 1359 1174 1377 eo
1187 1358 1274 1386 agone
1286 1347 1386 1376 Statius
1397 1349 1455 1384 post
1467 1350 1653 1379 incredibilem
1665 1350 1747 1379 totius
1762 1351 1842 1379 Urbis
1858 1360 1937 1388 expe-

358 1395 506 1421 &ationem
529 1393 638 1421 tandem
660 1390 812 1419 Thebaidem
826 1389 898 1416 suam
914 1390 1049 1421 recitavit,
1070 1388 1113 1416 sed
1128 1398 1183 1415 non
1197 1387 1311 1423 placuit,
1332 1389 1359 1415 ὃς
1374 1394 1468 1414 contra
1480 1397 1542 1417 eum
1556 1389 1600 1417 alii
1614 1387 1735 1417 coronati
1749 1388 1864 1417 fuerunt.
1903 1390 1936 1417 Id

357 1432 431 1468 quod
450 1430 505 1467 ipse
524 1440 579 1458 non
599 1440 653 1457 uno
673 1429 734 1457 loco
754 1429 781 1456 in
799 1428 880 1466 &lm
899 1428 1086 1464 conqueritur,
1106 1425 1149 1453 sed
1170 1426 1197 1453 in
1207 1426 1302 1461 primis
1322 1425 1350 1452 in
1362 1424 1482 1461 epicedio
1498 1428 1587 1464 patris·
1626 1427 1707 1456 Unde
1720 1424 1794 1456 locus
1807 1427 1938 1460 juvenalis

357 1469 551 1498 Grammaticis
561 1478 617 1496 non
630 1468 698 1495 bene
710 1465 852 1504 pcrpensus
868 1465 1021 1501 explicatur:

789 1505 840 1531 Sed
851 1513 907 1530 cum
913 1500 1113 1540 fregitsubftllia
1126 1502 1212 1536 versic,

667 1541 764 1578 Eficrit.
784 1541 909 1569 inmdhm
924 1539 1013 1568 Paridi
1024 1538 1074 1576 nisi
1084 1540 1180 1567 vendat
1192 1543 1306 1577 Agaven.

400 1584 473 1611 Nam
493 1581 602 1619 satyrice
622 1581 699 1612 dicit,
719 1590 778 1606 eum
790 1577 891 1616 fiegiffe
901 1577 1019 1615 subfi’llia
1039 1578 1124 1611 verfic,
1145 1579 1234 1614 quod,
1253 1586 1284 1606 ut
1302 1578 1403 1605 comici
1415 1577 1575 1616 loquuntur,
1594 1580 1706 1608 recitans
1719 1588 1777 1607 non
1788 1579 1872 1612 stetit,
1893 1580 1938 1608 sed

362 1621 473 1652 excidit,
494 1620 544 1648 hoc
556 1621 591 1648 est
599 1641 607 1653 ,
628 1629 683 1647 non
696 1618 802 1654 placuit.
823 1617 906 1651 Cujus
919 1617 956 1644 rei
971 1616 1013 1644 vel
1025 1615 1111 1653 ipsum
1124 1615 1239 1644 Statium
1253 1617 1346 1643 testem
1362 1617 1511 1652 producere
1524 1618 1659 1655 possumus
1669 1639 1676 1649 ‚
1695 1618 1741 1654 qui
1754 1618 1782 1644 in
1797 1617 1874 1654 Syl-vis
1882 1617 1939 1646 haec

358 1660 456 1690 innuit,
475 1668 530 1686 non
549 1668 605 1686 uno
626 1658 704 1688 loco,
730 1664 758 1683 ut
771 1656 827 1692 jam
842 1655 906 1682 dixi.
937 1656 1008 1682 Cave
1023 1655 1051 1682 sis
1069 1653 1216 1681 confundas
1227 1664 1330 1691 agonem
1345 1653 1477 1682 Albanum
1492 1666 1554 1683 cum
1568 1656 1619 1684 hoc
1633 1654 1779 1691 Capitolino,
1819 1656 1940 1694 Uterque

361 1698 435 1726 enim
447 1697 578 1725 institutus
592 1697 604 1724 a
618 1694 786 1723 Domitiano.
807 1694 857 1721 Sed
870 1693 986 1720 nobilior
1001 1692 1170 1727 Capitolinus:
1189 1693 1271 1723 adeo,
1290 1700 1319 1720 ut
1335 1694 1432 1720 Romae
1445 1703 1500 1721 non
1508 1694 1652 1731 perlustra,
1666 1701 1695 1721 ut
1702 1701 1792 1725 antea,
1807 1702 1937 1731 magnum

361 1744 461 1763 annum
477 1755 484 1766 ‚
513 1742 541 1762 ut
561 1735 692 1762 vocabant
705 1753 712 1765 ‚
740 1731 782 1759 sed
799 1741 846 1768 per
864 1730 1014 1766 Capitolmos
1029 1738 1118 1768 agonas
1132 1729 1310 1767 supputarent.
1351 1731 1433 1768 Qod
1447 1731 1460 1759 a
1474 1733 1624 1760 Domitiani
1637 1732 1800 1759 institutione
1812 1731 1892 1768 usque
1905 1733 1939 1760 ad

360 1782 485 1809 tempora
498 1772 542 1800 sua
552 1772 692 1801 obtinuisse
705 1769 852 1805 Censorinus
865 1769 962 1797 scribit.
982 1770 1117 1797 Caeterum
1131 1767 1236 1805 semper
1247 1778 1310 1804 agon
1322 1768 1375 1804 ipse
1389 1769 1486 1797 manfit
1499 1773 1605 1798 Romae:
1626 1778 1656 1798 ut
1670 1770 1738 1796 ineo
1747 1770 1850 1800 Poetae,
1867 1770 1939 1797 Rhe-

360 1819 449 1842 tores‚
468 1811 632 1848 aliarumque
651 1808 844 1847 professionum
858 1808 981 1835 homines
996 1814 1190 1835 coronarentur
1202 1807 1234 1833 ab
1250 1806 1306 1842 ipso
1320 1807 1493 1842 Imperatore.
1536 1810 1632 1845 Neque
1645 1814 1712 1844 puto
1727 1805 1831 1833 aliunde
1846 1811 1938 1835 Poeta-

359 1860 420 1876 rum
438 1849 608 1876 laureatorum
629 1857 736 1876 morem
760 1847 882 1874 manasse.
926 1847 999 1873 Nam
1020 1848 1046 1874 ὃ(
1066 1846 1112 1881 ipfi
1133 1845 1277 1881 antiquitus
1290 1843 1321 1871 ab
1335 1844 1394 1879 ipfis
1411 1844 1552 1872 Caesaribus
1566 1845 1708 1873 Germanis
1722 1844 1938 1877 coronabantur,

361 1896 515 1924 magnoque
529 1888 556 1915 in
572 1889 658 1923 pretio
672 1886 753 1914 habiti
766 1885 871 1921 semper
885 1885 953 1920 apud
968 1883 1047 1911 Italos
1062 1887 1087 1912 δε
1102 1885 1269 1914 Germanos,
1289 1882 1368 1918 quiid
1376 1882 1484 1910 honoris
1492 1882 1696 1920 virtuteingenii
1704 1881 1838 1909 consecuti
1848 1883 1938 1911 essent.

360 1928 409 1953 Sed
422 1927 449 1953 in
464 1925 596 1953 veteribus
609 1923 726 1963 agonibus
742 1922 892 1958 Capitolinis
912 1923 957 1960 qui
972 1924 1090 1951 vicerant
1103 1943 1110 1954 ‚
1131 1930 1231 1949 corona
1245 1923 1272 1948 Sc
1288 1929 1365 1948 ramo
1386 1920 1546 1949 lemniscatis
1557 1943 1564 1954 ‚
1585 1930 1628 1949 aut
1640 1929 1736 1957 torque
1749 1919 1874 1947 involutis
1889 1921 1938 1948 do-

359 1964 496 2005 nabantur.
517 1965 589 1991 Nam
606 1965 651 2001 qui
665 1962 772 1990 secundi
786 1967 874 1994 erant,
895 1970 991 1988 eorum
1005 1970 1123 1991 coronae,
1146 1962 1171 1988 ἃ
1185 1959 1280 1996 palmae
1293 1959 1346 1987 fine
1359 1957 1492 1988 lemniscis
1504 1966 1587 1988 erant.
1610 1959 1642 1988 Id
1655 1958 1696 1986 vel
1711 1967 1742 1987 ex
1755 1957 1812 1995 ipso
1828 1957 1937 1993 Auffim'o
1955 1978 1966 1983 .,

363 2006 505 2038 cognoicas
518 2001 594 2030 licet:
1809 1994 1812 1996 i

668 2043 703 2067 Et
717 2039 930 2078 quajamdudum
943 2036 989 2064 tibi
998 2035 1086 2071 palma
1091 2037 1188 2071 poetica
1195 2035 1286 2069 pollet,

731 2076 855 2111 Lemnifio
868 2084 957 2103 ornam
969 2073 1016 2112 est,
1036 2084 1084 2113 qua
1098 2085 1154 2102 mea
1162 2074 1249 2109 palma
1261 2083 1338 2102 caret.

401 2114 451 2142 Sed
465 2114 558 2143 melius
572 2114 699 2147 Sidonius,
720 2125 872 2153 quanquam
891 2113 993 2142 nonde
1005 2123 1082 2150 agone
1096 2111 1236 2148 Capitolino
1248 2111 1383 2149 loquitur:

670 2153 722 2182 Hic
734 2164 793 2180 mox
800 2152 909 2189 praecipit
919 2162 1001 2191 aquus
1013 2155 1149 2186 Imperator

671 2192 769 2219 Palmis
775 2192 869 2228 ftrim,
888 2190 1017 2229 torquibus
1028 2199 1134 2217 coronas.

671 2234 695 2256 C
694 2231 807 2268 onjungi,
828 2231 862 2265 &1
875 2237 995 2257 meritum
1007 2228 1173 2258 remunerari.

403 2267 478 2295 Nam
498 2267 606 2294 coronis
625 2273 746 2303 torques,
767 2272 793 2296 ὅτ,
813 2269 908 2305 palmis
927 2268 1021 2300 serica,
1039 2267 1091 2295 hoc
1105 2268 1155 2300 est,
1175 2267 1298 2296 sericatos
1310 2264 1452 2294 lemniscos
1466 2265 1595 2305 conjungi
1608 2265 1696 2299 vides,
1717 2263 1885 2304 quanquem{
1902 2273 1934 2296 ut

359 2304 549 2380 ἐὲέὶίπιξῗῖὲζίς
561 2304 628 2332 ludis
636 2324 643 2336 ,
662 2305 762 2342 aliaque
773 2316 802 2335 re
816 2307 942 2346 loquitur.
968 2306 1052 2335 Vides
1064 2313 1156 2336 tamen
1169 2304 1329 2344 amplificata
1340 2306 1449 2342 praemia
1462 2313 1513 2345 pro
1525 2307 1629 2346 ratione
1642 2311 1810 2345 meritorum.
1835 2305 1932 2335 Haste«

451 2357 458 2370 A
534 2363 540 2370 ι

1828 2419 1938 2453 Car}
