2075 2734
375 131 428 151 τω

512 166 1823 234 ROMANARUM

378 296 1959 406 ANTIQUITATUM

652 440 1019 487 LIBER
1103 438 1679 486 DECIMUS.

790 544 918 585 DE
1001 543 1555 584 MILITIA.

526 663 594 720 ’ἐξ
605 658 777 690 ervenimus
791 655 824 687 in
842 652 1154 700 institutareipublicae
1167 656 1305 688 Romana
1315 652 1509 701 descriptione
1525 651 1567 686 ad
1583 664 1647 686 rem
1667 653 1847 698 militarem,
1874 659 1960 705 cujus

566 712 604 749 g·
631 706 762 751 cognitio
772 712 918 750 quantum
924 704 1014 753 profit
1025 702 1159 735 omnibus
1171 704 1227 743 iis,
1241 704 1294 747 qui
1311 705 1344 735 in
1354 711 1489 735 veterum
1499 700 1619 749 scriptis
1627 702 1802 747 versantur,
1819 716 1879 738 non
1888 717 1961 753 opus

631 754 685 800 cst,
711 762 743 786 ut
755 751 811 799 ipse
820 752 925 785 multis
935 750 1036 784 verbis
1046 750 1100 783 hoc
1118 752 1181 784 loco
1199 752 1368 798 explicem:
1395 763 1464 784 cum
1482 749 1516 783 id
1527 750 1663 797 fecerint
1678 751 1848 786 eruditione
1862 755 1962 788 multa

595 798 602 807 ’
625 801 748 853 praditi
756 802 874 847 aliquot
889 802 969 833 viri:
995 802 1039 832 ita
1050 824 1061 842 ,
1081 809 1112 832 ut
1123 800 1149 844 si
1160 801 1199 833 iis
1210 799 1345 845 quadam
1360 798 1470 833 addere
1488 800 1606 842 velim,
1633 799 1734 834 allum
1742 813 1829 848 agere
1839 801 1961 837 videar.
2013 812 2016 815 '

557 856 564 865 ²
577 852 598 866 ‘⁷
630 853 738 898 Quare
746 852 798 897 qui
803 847 943 898 pluribus
954 848 990 881 dc
999 861 1034 881 ea
1042 861 1073 881 re
1084 847 1194 894 instrui
1203 847 1305 880 volent
1316 874 1324 889 ‚
1344 860 1391 881 eos
1400 851 1519 881 remitto
1529 848 1571 881 ad
1581 849 1640 882 illa
1649 875 1658 890 ,
1670 862 1730 895 qua
1739 849 1883 884 haetenus
1893 850 1961 884 edi-

384 911 418 936 ta
424 902 493 947 fiant
504 928 513 943 ,
530 900 762 946 clarissimorum
779 901 917 931 virorum
926 898 1049 944 scripta.
1078 900 1139 943 Ego
1153 909 1224 930 vero
1242 906 1404 942 antequam
1422 896 1646 942 descriptionem
1663 905 1710 931 ἕν’
1726 899 1963 946 explicationem

386 951 503 984 militiae
513 951 664 983 Romanae
674 947 796 987 ordiar,
814 945 851 978 de
860 944 971 977 duobus
980 945 1116 978 leflorem
1126 944 1301 978 benevolum
1319 943 1446 978 monebo.
1476 948 1614 978 Primum
1631 945 1668 980 dc
1678 944 1894 993 scriptoribus,
1909 950 1965 994 qui

387 998 512 1045 aliquid
528 998 564 1032 dc
582 1010 613 1031 re
623 996 747 1031 militari
763 998 795 1027 in
806 995 903 1027 lucem
919 993 1084 1033 dederunt,
1103 1006 1284 1040 quorumque
1300 993 1477 1034 testimoniis
1487 997 1550 1038 usus
1565 994 1643 1036 sitm:
1661 994 1771 1028 deinde
1787 995 1824 1028 de
1834 995 1963 1037 ordine,

387 1060 443 1094 quo
453 1047 532 1080 hanc
542 1048 704 1080 materiam
712 1043 880 1089 explicavi.
907 1046 961 1075 Ac
970 1043 1006 1075 de
1016 1040 1214 1088 scriPtoribus
1227 1040 1348 1088 quidem
1358 1042 1401 1074 rei
1411 1042 1548 1074 militaris
1558 1053 1589 1074 ut
1600 1046 1738 1089 primum
1747 1043 1852 1076 dicam
1861 1069 1870 1082 ,
1889 1056 1964 1090 quo·
2013 1034 2017 1035 ⁷
2060 1075 2063 1085 ,

388 1105 437 1129 tus
448 1095 567 1142 quisque
576 1094 632 1140 est,
648 1096 770 1140 quinon
787 1090 922 1124 audierit
930 1090 1125 1138 fhpenumero
1141 1093 1232 1123 citari
1251 1090 1346 1123 Flavii
1362 1090 1490 1136 Vegetii
1506 1090 1620 1123 Renati
1637 1089 1746 1125 libros:
1772 1104 1845 1138 quos
1861 1101 1965 1126 tamen

385 1150 476 1191 pauci
486 1145 607 1190 legunt,
624 1155 691 1175 cum
697 1150 819 1190 propter
829 1141 1048 1189 exemplarium
1058 1142 1237 1180 raritatem,
1260 1140 1426 1172 tumeliam
1439 1147 1560 1187 propter
1569 1151 1720 1181 errorum,
1735 1144 1790 1187 qui
1805 1144 1837 1173 in
1852 1153 1900 1173 cos
1919 1143 1964 1174 ir-
2011 1182 2014 1184 v

390 1194 554 1239 repserunt,
574 1201 620 1226 (γ’
630 1190 805 1224 mendorum
814 1191 933 1236 copiam
943 1214 952 1229 ,
972 1201 1032 1235 quae
1041 1190 1160 1221 utinam
1169 1189 1284 1234 aliquis
1301 1187 1470 1234 aliquando
1480 1185 1626 1221 adhibitis
1635 1187 1759 1232 vetustis
1768 1188 1857 1222 libris
1870 1201 1964 1222 erun-

392 1252 473 1274 caret
483 1265 494 1283 ,
506 1240 635 1287 profeflo
645 1252 703 1272 non
708 1249 820 1285 parum
823 1238 931 1283 gratia
941 1236 1022 1283 apud
1031 1249 1133 1270 omnes
1149 1235 1361 1269 humaniorum
1370 1237 1530 1268 literarum
1539 1245 1677 1268 amantes
1686 1238 1754 1284 esset
1763 1239 1912 1270 initurus:
1927 1237 1964 1271 de

392 1302 449 1336 quo
460 1289 579 1336 quidem
588 1301 647 1321 non
657 1291 702 1321 ita
717 1286 836 1334 pridem
847 1285 927 1334 spem
940 1286 1019 1331 fecit
1037 1285 1219 1319 Ludovicus
1239 1285 1351 1318 Carrio
1368 1283 1409 1329 J.
1420 1288 1455 1318 C.
1471 1286 1504 1317 in
1516 1283 1580 1328 suis
1595 1288 1793 1331 antiquarum
1804 1285 1965 1319 leflionum

393 1340 640 1371 commentariis:
660 1339 744 1385 cujus
754 1338 819 1368 voti
835 1336 980 1381 religione
990 1344 1020 1367 ut
1029 1335 1086 1379 fts‘
1094 1335 1215 1379 solvat,
1237 1333 1351 1380 sibique
1361 1332 1524 1379 studiosum
1535 1345 1659 1380 gregem
1677 1334 1730 1367 hoc
1746 1333 1848 1368 labore
1863 1333 1966 1368 deme-

394 1396 497 1420 reatur
507 1413 517 1428 ,
534 1388 625 1436 ipsum
635 1387 787 1418 communi
795 1386 928 1417 omnium
938 1385 1135 1429 antiquitatis
1150 1386 1322 1416 amantium
1331 1385 1451 1415 nomine
1459 1381 1649 1415 vehementer
1658 1385 1752 1416 etiam
1765 1393 1856 1429 atque
1873 1385 1968 1417 etiam

394 1447 474 1482 rogo.
503 1435 642 1480 Vegetio
650 1433 726 1468 addi
735 1433 829 1478 solent
839 1444 873 1465 ea
883 1457 891 1472 ,
908 1445 967 1477 qua
976 1429 1138 1465 Modestus
1154 1430 1192 1463 de
1207 1444 1239 1464 re
1248 1432 1383 1464 militari
1394 1438 1440 1464 (9⁹
1455 1431 1594 1463 AElianus
1609 1430 1646 1464 de
1655 1431 1770 1465 aciebus
1787 1431 1969 1474 instruendis

389 1483 590 1530 scripserunt,
615 1485 667 1527 qui
684 1491 729 1516 (9⁹
748 1482 800 1528 ipsi
809 1479 881 1512 libri
897 1481 1002 1511 multis
1018 1479 1136 1511 mendis
1142 1478 1270 1522 scatent,
1298 1482 1348 1512 De
1358 1479 1506 1516 Catonis,
1532 1478 1655 1519 Cincii,
1683 1480 1870 1512 &aliorum
1879 1489 1968 1512 vetu-

389 1529 520 1576 stiorum
537 1531 737 1563 monumentis
751 1529 788 1560 de
797 1527 855 1560 hac
869 1527 973 1559 eadem
989 1529 1136 1568 materia,
1159 1539 1219 1572 quae
1229 1536 1393 1573 temporum
1403 1528 1520 1565 injuria
1537 1528 1734 1567 interierunt,
1760 1526 1841 1559 nihil
1853 1526 1967 1561 dicam.

398 1577 512 1612 Edidit
522 1579 638 1624 aliquot
652 1577 689 1611 de
705 1589 736 1610 re
746 1576 867 1609 militari
878 1575 1119 1608 commentarios
1136 1587 1195 1607 non
1206 1573 1404 1621 indiligenter
1412 1574 1538 1620 scriptos
1552 1576 1605 1606 vir
1619 1575 1798 1620 clarissimus
1809 1574 1969 1609 Robertus

399 1626 579 1667 Vahurius,
597 1628 648 1672 qui
658 1635 759 1658 tamen
769 1623 847 1658 mihi
855 1624 913 1669 vifi
927 1635 985 1655 non
993 1625 1072 1666 sunt.
1100 1624 1167 1668 Ego
1179 1635 1239 1669 qua
1249 1626 1281 1655 in
1297 1622 1352 1655 hoc
1367 1621 1444 1655 libro
1461 1621 1499 1655 de
1514 1622 1621 1655 militia
1632 1623 1776 1656 Romana
1793 1625 1826 1655 in
1836 1623 1970 1657 medium

399 1675 513 1717 attuli,
538 1677 642 1712 omnia
658 1673 798 1721 defumpfi
815 1685 853 1704 ex
868 1683 967 1705 rerum
987 1673 1192 1704 Romanarum
1200 1668 1413 1719 scriptoribus,
1441 1670 1534 1704 Livio
1551 1695 1561 1710 ,
1587 1669 1761 1717 Dionysio,
1788 1671 1971 1714 Plutarcho,

402 1721 520 1756 Caesare
530 1747 538 1762 ‚
560 1729 652 1756 &ex
659 1722 740 1767 sexti
748 1719 822 1754 libri
837 1719 957 1765 Polybii
967 1717 1164 1765 fragmenti55
1192 1721 1225 1751 in
1233 1731 1288 1765 quo
1302 1717 1378 1752 libro
1396 1721 1450 1752 vir
1465 1719 1504 1751 ill
1507 1732 1521 1752 c
1532 1718 1777 1765 diligentissimus
1786 1719 1971 1767 potiffimam

402 1770 575 1817 reipublicae
591 1771 742 1803 Romanae
755 1768 943 1849 partenisbi
952 1767 1073 1814 fitmpsit
1087 1765 1310 1811 describendam
1324 1793 1334 1808 ,
1362 1774 1410 1801 ΕΤ
1426 1767 1665 1813 explicandam:
1693 1771 1746 1812 qui
1761 1767 1837 1800 liber
1851 1771 1971 1801 utinam

403 1817 570 1865 aliquando
582 1821 694 1865 integer
705 1821 737 1851 in
747 1819 845 1851 lucem
853 1829 867 1849 e
891 1830 904 1850 e

403 1871 436 1900 in
446 1868 600 1914 confilium
617 1877 732 1900 veteres
748 1867 993 1911 Grammaticos,
1009 1864 1206 1905 Varronem,
1230 1862 1354 1897 Festum
1375 1864 1578 1909 Pompejum,
1603 1863 1751 1896 Nonium
1769 1864 1973 1908 Marcellum,

404 1916 565 1962 Agellium
574 1942 583 1956 ,
603 1918 674 1949 item
685 1915 820 1949 Plinium
830 1940 838 1955 ‚
859 1918 894 1953 (ῤ’
905 1916 942 1946 ex
951 1910 1163 1946 recentioribus
1174 1914 1257 1946 Petri
1266 1912 1360 1946 Rami
1375 1911 1487 1945 librum
1502 1910 1538 1943 de
1549 1911 1665 1944 militia
1683 1911 1722 1944 C.
1733 1911 1810 1959 Julii
1829 1911 1974 1957 Caesaris,

402 1966 507 1997 Lazari
526 1963 622 2010 ssayfii
645 1964 685 2010 J.
705 1967 738 1997 C.
757 1971 802 1997 (9⁰
819 1960 1031 2008 LiliiGyraldi
1046 1959 1084 1993 de
1098 1972 1130 1993 re
1145 1963 1272 1994 nautica
1287 1959 1380 2001 libro,
1406 1970 1496 2007 atque
1509 1962 1576 1992 viri
1589 1962 1722 1993 omnium
1738 1964 1847 2009 optime
1861 1960 1898 1994 de
1913 1974 1972 1995 an-

405 2014 544 2057 tiquitate
558 2015 660 2045 meriti
675 2039 684 2054 ‚
713 2012 785 2045 Car.
803 2011 924 2058 Sigonii
947 2009 984 2043 de
999 2011 1124 2055 antiquo
1140 2011 1206 2052 jure
1228 2012 1347 2044 civium
1368 2011 1571 2042 Romanorum
1596 2015 1642 2041 (9*
1650 2010 1723 2054 jure
1739 2012 1974 2056 provinciarum

405 2064 622 2092 commentaria
638 2086 646 2100 ‚
674 2073 711 2093 ex
731 2058 836 2105 quibus
852 2062 945 2093 etiam
962 2085 971 2101 ,
999 2059 1026 2104 si
1045 2070 1104 2105 qua
1119 2058 1205 2103 forte
1220 2058 1271 2092 hic
1286 2056 1545 2103 defiderabuntur,
1562 2056 1687 2103 studiosi
1700 2063 1813 2105 petent.
1864 2060 1975 2106 Atque

407 2116 526 2141 tantum
542 2107 579 2139 de
594 2105 801 2153 scriptoribus.

454 2155 507 2187 De
517 2153 623 2187 ordine
632 2157 700 2196 jam
710 2156 813 2189 dicam
821 2182 829 2196 ,
845 2169 931 2202 quem
942 2159 973 2189 in
983 2154 1037 2188 hoc
1047 2154 1122 2189 libro
1139 2153 1298 2201 observavi
1306 2155 1418 2195 talem,
1436 2163 1469 2187 ut
1474 2157 1608 2200 primum
1611 2155 1771 2201 generalia
1787 2154 1922 2202 quadam
1935 2155 1973 2190 de

407 2202 490 2237 bello
514 2201 676 2236 indicendo
690 2231 698 2245 ,
731 2203 899 2238 foederibus
922 2203 1064 2238 feriendis
1079 2230 1089 2246 ‚
1115 2213 1205 2251 atque
1222 2203 1341 2237 delectu
1366 2200 1508 2237 faciendo
1533 2206 1688 2245 notarim,
1720 2213 1787 2237 tum
1807 2206 1972 2241 exercitum

407 2253 608 2290 Romanum,
635 2263 673 2283 ex
689 2253 853 2298 legionibus
870 2262 916 2288 (φ
931 2254 1062 2287 auxiliis
1077 2253 1277 2298 constituerim
1291 2278 1300 2294 ‚
1322 2261 1425 2300 partes
1435 2253 1573 2300 singulas
1591 2279 1600 2294 ‚
1627 2251 1737 2293 duces,
1764 2252 1973 2300 magistriam,

408 2301 544 2333 militum
559 2298 696 2341 ordines,
723 2313 877 2347 eorumque
892 2315 981 2335 arma
997 2302 1197 2349 explicarim,
1221 2304 1319 2335 aciem
1334 2299 1527 2342 instruxerim
1547 2315 1554 2335 ε
1582 2300 1653 2335 inde
1667 2299 1710 2333 ad
1723 2303 1971 2348 oppugnationes

408 2350 549 2386 iocorum
566 2347 731 2395 clausorum
746 2374 756 2391 ,
783 2356 829 2385 (T
843 2351 942 2396 praelia
958 2351 1073 2387 navalia
1087 2353 1226 2387 venerim
1242 2362 1252 2385 .·
1279 2347 1385 2397 quibus
1399 2350 1565 2400 explicatis
1578 2375 1589 2394 ,
1615 2349 1653 2384 de
1664 2350 1922 2396 animadversione
1936 2350 1972 2382 in

1919 2396 1973 2432 de-

906 1826 996 1850 retur.
1023 1813 1170 1847 Adhibui
1175 1825 1349 1862 pratereos,
1367 1827 1440 1861 quos
1455 1814 1543 1854 dixi,
1560 1813 1729 1860 historicos,
1756 1828 1972 1862 nonnunquam
2024 1850 2035 1854 ,,
