2075 2734
10 1479 11 1486 ⁴
9 1440 11 1459 ⁴.
0 1296 11 1425 -ᾼψ-ἾκΙ-’-ᾼ
7 1248 10 1287 Α,-.
7 1237 9 1241 .

284 125 404 153 Lectis
424 127 624 150 nuonecim
644 119 832 147 ΤΑΒυιΑιι.
849 126 925 147 cum
947 128 1054 148 nutv:
1075 129 1259 150 comm-zur.
1299 123 1380 152 CAr.
1402 127 1430 156 6.
1595 130 1649 170 583

240 193 296 222 DE
323 189 591 221 EMPTIONE,
618 188 947 219 VENDITIONE‚
980 188 1036 216 ET
1062 191 1458 222 USUCAPIONIBUS.

111 251 150 287 Χ
149 249 186 285 X
190 248 225 283 Χ
230 251 264 284 V
268 252 289 284 l
295 251 323 285 I.
352 249 386 282 V
381 246 486 281 onditae
502 252 548 280 θ’
563 243 683 278 tradita
699 256 746 276 res
761 254 820 276 non
834 243 927 276 aliter
942 246 1068 290 emptori
1083 248 1282 291 acquiruntur
1292 270 1301 287 ,
1326 246 1460 296 quam'fi
1474 249 1502 283 is
1514 261 1593 285 vem

410 295 504 328 Δίωνι·
513 295 647 342 pretium
662 292 785 336 solverit
803 318 813 333 ,
841 293 893 326 vel
908 292 970 325 alio
986 293 1072 326 modo
1090 293 1288 340 fhtisfecerit.

99 364 179 393 Extat
192 364 244 393 hoc
260 371 338 402 caput
350 363 417 400 apud
433 360 615 398 Justmianum
630 361 832 389 Institutionum
846 360 892 389 lib.
903 372 926 389 2.
939 361 980 389 tit.
993 371 1014 389 1.

99 404 223 432 Venditae
237 413 288 431 res>
310 401 394 438 inquit
409 398 593 436 Justmianus‚
615 400 768 433 &ti-aditae,
788 399 927 427 nonaliter
939 401 1057 436 emptori
1073 400 1260 436 acquiruntur,
1280 412 1359 441 quam
1376 404 1394 432 fi
1409 405 1430 434 is
1440 406 1574 436 venditori
1581 408 1642 445 press

60 440 129 469 tium
143 441 265 473 solverit,
284 439 325 468 vel
339 440 390 467 alio
405 439 490 466 modo
503 438 669 466 satisfecerit:
688 438 771 466 veluti
784 437 978 474 expromiffore
992 457 998 467 ‚
1020 444 1067 476 aut
1078 439 1190 475 pignore
1203 442 1268 469 dato
1281 461 1288 472 ,
1308 444 1380 478 quod
1396 452 1548 481 quanquam
1564 456 1641 476 cave-

62 484 120 510 tur,
141 488 172 507 ex
183 479 242 517 lege
255 489 286 507 xi
296 487 316 505 ι.
331 476 479 505 tabularum
493 497 500 508 ‚
521 484 612 504 tamen
624 476 696 504 reete
709 476 807 505 dicitur
822 496 830 508 ,
851 477 876 504 &
882 477 944 510 jure
950 483 1070 512 genuum
1082 496 1091 507 ,
1112 477 1138 504 id
1152 477 1187 504 est
1203 498 1209 508 ‚
1228 478 1288 512 jure
1302 480 1413 508 naturali
1426 482 1452 510 id
1466 483 1548 512 effici.
1586 486 1638 514 Sed

59 514 79 542 si
94 517 127 547 is.
149 518 193 554 qui
207 515 325 544 vendidit
342 515 423 543 fidem
439 515 570 551 emptoris
582 514 685 544 secutus
700 514 793 546 fuerit,
813 514 958 542 dicendum
974 513 1024 544 est’
1044 513 1129 541 statim
1146 524 1203 542 sem
1219 518 1349 552 ΗΠΡῘοΓίε
1365 518 1429 546 fieri·
1457 521 1531 549 Nihil
1547 530 1638 551 antem

61 553 184 586 interest,
204 562 293 585 utrum
309 552 362 588 ipse
376 554 507 581 dominus
520 554 606 581 tradat
619 553 696 581 alicui
709 562 768 580 rem
779 552 871 584 suam,
897 561 930 579 an
945 550 1085 579 voluntate
1101 552 1156 587 ejus
1172 553 1235 580 alius
1254 554 1316 587 (cui
1331 556 1384 589 ejus
1400 558 1436 584 rei
1448 559 1568 594 possessio
1579 570 1638 597 per.

61 592 137 619 mina
148 592 206 627 fit.)
233 592 291 628 Qua
306 592 409 619 ratione
424 613 430 623 ,
452 591 533 620 ficubi
545 591 625 620 libera
639 590 824 620 universorum
836 591 1008 628 negotiorum
1023 589 1218 618 administratio
1236 593 1359 627 permista
1380 594 1459 623 fuerit
1479 595 1492 624 ὲ
1506 599 1636 631 domino,

58 627 132 665 isque
144 639 176 656 ex
189 630 229 658 his
244 629 356 667 negotiis
370 640 429 658 rem
445 630 610 662 vendiderit,
631 631 657 658 δε
671 630 823 661 tradiderit,
845 629 924 658 faciet
937 637 996 657 eam
1010 628 1171 664 accipientis.
1208 631 1272 658 Haec
1286 629 1470 668 Justimanus,
1490 637 1560 665 unde
1573 636 1639 674 legis

0 663 4 702 ἶ
55 664 186 701 sententia
199 668 335 705 perspicua
349 669 393 696 est.
414 669 514 696 Eadem
529 667 586 696 fere
599 668 679 697 tradit
694 666 848 703 Theophilus.

158 727 232 760 XX
237 728 334 761 XVI
341 728 364 760 I
368 728 397 760 I.
424 725 498 772 Usus
518 732 564 761 (θ’
578 724 748 760 authoritas
759 722 854 771 fundi
867 723 1003 766 biennis,
1028 731 1200 758 caeterarum
1216 735 1316 758 rerum
1332 737 1452 761 annuus
1467 728 1533 774 osto.

96 786 178 814 Extat
193 785 262 823 apud
274 784 418 813 Ciceronem
433 785 460 812 in
475 784 611 816 oratione,
630 784 832 821 pro-Caecinna,
853 785 879 812 δε
894 784 922 811 in
933 783 1057 821 Topicis:
1079 784 1147 811 item
1161 783 1231 819 apud
1244 782 1435 820 Jtfiinianum.

96 824 207 851 Tractat
221 826 247 853 ὃς
264 824 406 851 confirmat
421 822 476 850 haec
489 822 531 850 lex
544 822 658 849 modum
673 822 825 858 acquirendi
839 821 955 849 dominii
970 831 1059 850 rerum
1073 830 1121 858 per
1140 820 1307 857 usucapionem
1321 843 1328 854 ‚
1357 823 1390 850 de
1405 832 1456 860 qua
1469 823 1554 852 multa
1567 824 1581 853 a
1595 826 1646 863 jur

55 861 217 891 risconsultis
230 863 376 890 traduntur.
396 859 561 897 Justinianus
574 859 619 888 lib.
629 869 654 887 z.
670 860 886 892 Institutionum,
907 859 986 888 titulo
1002 862 1027 888 6.
1040 860 1141 897 inquit,
1160 860 1219 896 jure
1232 860 1302 888 civili
1315 861 1489 890 constitutum
1505 862 1592 895 fuiffe,
1608 870 1639 892 ut

55 901 102 937 qui
115 900 183 927 bona
200 900 250 928 fide
263 900 295 928 ab
309 909 342 927 eo
355 920 362 931 ‚
383 899 429 936 qui
443 899 568 926 dominus
582 907 637 926 non
651 898 715 927 esset
729 919 736 930 ‚
757 909 820 928 cum
833 898 954 926 crederet
969 919 976 930 ‚
995 907 1059 926 eum
1075 899 1219 927 dominum
1233 898 1284 926 esse
1299 919 1307 930 ‚
1328 908 1387 926 rem
1401 899 1506 928 emisset
1519 921 1529 933 ‚
1551 901 1592 928 vel
1606 910 1639 930 ex

54 937 200 969 donatione,
222 937 305 965 aliave
318 938 409 974 quavis
422 936 489 972 justa
505 935 579 964 causa
590 936 728 973 accepisset
741 957 748 968 ‚
769 938 790 965 is
803 947 863 965 eam
878 946 937 964 rem
953 936 971 964 fi
985 936 1095 964 mobilis
1108 936 1171 964 esset
1185 956 1192 967 ,
1213 945 1283 963 anno
1298 936 1394 973 ubique
1408 947 1463 966 uno
1475 949 1481 965 :
1503 938 1521 966 fi
1536 939 1641 968 immo.

55 974 129 1007 bilis,
149 975 256 1003 biennio
271 983 376 1003 tantum
390 975 418 1002 in
433 974 490 1002 solo
502 974 596 1004 Italico
609 975 811 1010 usucaperetur,
833 984 867 1002 ne
880 975 1000 1002 dominia
1014 983 1105 1001 rerum
1121 976 1149 1002 in
1163 975 1265 1002 incerto
1277 974 1372 1005 effent,
1388 978 1441 1005 &c.
1465 977 1504 1004 Ex
1519 975 1560 1005 his
1572 977 1639 1016 legis

53 1011 183 1042 sententia
195 1013 306 1050 perspici
322 1013 415 1050 potest.
438 1013 496 1041 Fiet
508 1020 601 1042 tamen
619 1013 726 1045 clarior,
748 1013 766 1040 fi
781 1014 844 1050 quid
857 1012 971 1048 usucapio
986 1011 1031 1043 fit,
1052 1013 1171 1040 addatur.

94 1052 137 1079 Est
151 1052 232 1089 igitur
245 1051 355 1086 uficcapio
375 1052 387 1086 (
396 1060 468 1088 quae,
489 1051 561 1087 quod
576 1060 624 1087 per
636 1051 711 1079 usum
725 1050 822 1088 aliquid
836 1051 921 1086 capit,
943 1053 969 1079 ὃς
984 1049 1084 1082 aufert,
1102 1051 1173 1078 dieta
1187 1051 1241 1086 est)
1260 1052 1359 1085 adeptio
1371 1050 1478 1080 dominii
1490 1061 1537 1088 per
1553 1054 1640 1082 conti:

54 1090 210 1118 nuationem
221 1089 384 1128 possessionis
394 1090 525 1127 temporis
538 1090 618 1117 annui
632 1110 640 1122 ‚
660 1091 687 1118 in
702 1088 780 1116 rebus
793 1088 939 1117 mobilibus
953 1109 960 1121 ,
980 1087 1023 1116 vel
1038 1089 1138 1117 biennii
1151 1089 1179 1117 in
1192 1089 1387 1118 immobilibus.
1425 1092 1556 1126 [Uicmpere
1572 1111 1580 1124 ,
1602 1093 1638 1119 est

54 1127 100 1156 usu
113 1129 247 1165 acquirere
256 1149 263 1158 ,
283 1130 310 1157 ὃ(
324 1127 479 1165 ροΗὲίΐιοῃε
492 1126 569 1154 suum
583 1127 678 1156 facere.

92 1166 183 1201 Ufim]
204 1166 308 1194 Scilicet
322 1165 501 1202 possessionis,
523 1164 564 1193 vel
577 1166 698 1201 poffeffio
711 1165 796 1194 fundi.

92 1203 282 1240 Authoritas.]
304 1203 459 1232 Authoritas
469 1213 520 1240 pro
529 1203 670 1237 ufitcapione
684 1202 736 1230 hoc
750 1203 824 1233 loco,
845 1205 871 1231 ὃς
880 1204 907 1230 in
916 1202 1086 1239 sequentibus
1097 1203 1199 1241 aliquot
1212 1204 1313 1241 legibus
1326 1204 1451 1241 ponitur,
1472 1207 1498 1234 δι
1509 1204 1638 1243 fignificat

55 1241 98 1277 jus
112 1240 190 1272 illud,
211 1242 282 1278 quod
298 1250 329 1268 ex
344 1240 516 1276 possessione,
536 1247 661 1276 tempore
676 1241 690 1267 a
704 1240 764 1276 lege
777 1240 890 1268 definito
904 1241 1057 1276 acquiritur.

95 1278 208 1313 Fundi.]
229 1279 335 1306 Fundus
349 1279 483 1313 integrum
502 1276 600 1314 aliquid
619 1277 670 1308 est,
691 1286 786 1314 agrum
801 1287 864 1304 cum
879 1277 939 1304 villa
955 1279 981 1306 ὃ(
995 1278 1108 1305 aedificio
1120 1278 1277 1315 fignificans.
1306 1278 1374 1311 Vel,
1387 1279 1488 1314 fundus
1499 1279 1532 1316 est
1547 1291 1637 1314 omne,

54 1315 176 1355 quicquid
179 1316 232 1350 solo
244 1323 352 1343 tenetur.
384 1315 494 1343 Ponitur
508 1315 551 1343 hic
565 1314 722 1352 generaliter
727 1324 772 1349 pro
785 1313 853 1342 bonis
865 1313 1040 1346 immobilibus.
1068 1316 1098 1342 Id
1112 1316 1156 1343 est.
1184 1317 1209 1343 Si
1226 1317 1284 1352 quis
1297 1326 1356 1345 rem
1371 1317 1545 1346 immobilem
1559 1318 1636 1348 bien-

51 1355 129 1382 nium
143 1361 258 1386 totum‚.
270 1354 323 1381 fine
334 1354 530 1389 interruptione
542 1353 698 1389 possederit,
720 1360 780 1381 tum
794 1353 908 1382 demum
925 1362 1003 1386 eam,
1024 1360 1053 1382 ut
1065 1354 1125 1390 jure
1138 1353 1212 1382 suam
1227 1354 1330 1383 habeat.

91 1394 247 1420 Caeterarum
260 1392 374 1428 rerum]
395 1392 425 1419 Id
439 1391 493 1425 est,
514 1391 668 1420 mobilium.

404 1452 588 1486 XXXIX.
615 1450 777 1497 Adverfits
791 1450 900 1496 hostem
915 1461 1022 1487 aterna
1038 1450 1208 1486 authoritas
1223 1452 1286 1495 esto.

89 1513 261 1551 Descriptum
277 1515 312 1542 est
326 1523 357 1542 ex
372 1513 416 1541 lib.
427 1524 449 1541 1.
462 1513 625 1542 Officiorum
639 1514 773 1541 Ciceronis.

92 1554 161 1589 Qae
174 1553 302 1582 sententia
315 1552 380 1589 legis
394 1551 547 1588 hujusmodi
562 1552 609 1583 fit,
630 1552 744 1580 ostendit
761 1550 908 1579 Balduinus
920 1552 961 1580 his
974 1552 1072 1581 verbis:
1095 1552 1263 1582 Noluerunt‚
1284 1551 1385 1588 inquit,
1406 1552 1519 1588 opinor,
1541 1553 1636 1583 decem,

0 1591 13 1626 ’Ἴ
52 1589 104 1617 viri
117 1590 195 1622 alios,
214 1600 295 1626 quam
307 1591 378 1617 cives
392 1589 452 1617 suos
463 1590 618 1625 possessores
632 1591 712 1621 tueri,
734 1591 761 1618 ὅ(
776 1588 941 1625 usucapionis
952 1591 1012 1626 jure
1025 1590 1135 1618 donare.
1155 1590 1298 1616 AEternum
1312 1590 1401 1626 itaque
1414 1597 1522 1626 tempus
1536 1592 1635 1620 defide-

11 1628 14 1654 ἐ
53 1635 159 1660 rarum,
179 1628 330 1664 priusquam
343 1626 511 1661 usucapionem
528 1628 683 1664 peregrinus
697 1627 854 1663 compleret.
883 1628 941 1655 Nisi
956 1628 1082 1656 malimus
1102 1629 1113 1662 (
1120 1627 1194 1665 quod
1208 1627 1308 1655 eodem
1321 1628 1434 1662 recidit)
1454 1628 1635 1658 authoritatem

0 1684 1 1688 ,
53 1664 97 1693 hic
117 1665 264 1702 intelligere
280 1666 322 1701 jus
343 1663 528 1691 vindicationis
543 1686 552 1697 ‚
579 1665 651 1701 quod
666 1671 796 1692 aeternum
815 1671 908 1692 contra
927 1665 1081 1703 poffeffores
1099 1664 1255 1703 peregrinos
1276 1665 1376 1693 civibus
1389 1665 1438 1693 iuis
1459 1666 1510 1694 effe
1523 1687 1532 1698 ,
1559 1669 1586 1696 ὃς
1601 1667 1634 1696 ab

55 1704 133 1732 omni
146 1704 276 1740 temporis
288 1701 487 1740 praescriptione
498 1701 614 1731 liberum
628 1700 763 1730 decemviri
775 1700 916 1730 voluerint.
942 1705 1006 1731 Haec
1020 1703 1074 1732 ille.

503 1769 540 1802 X
541 1767 577 1799 L.
606 1767 661 1800 Rei
668 1765 798 1811 furtivo
812 1755 920 1799 aterna
936 1765 1107 1800 authoritas
1120 1765 1189 1809 esto.

92 1825 172 1854 Extat
186 1826 255 1863 apud
268 1823 462 1864 Justinianum,
482 1824 553 1853 libro
565 1825 680 1855 secundo
696 1826 912 1858 Institutionum,
933 1826 1013 1855 titulo
1026 1825 1107 1855 sexto.

15 1894 16 1898 Ἰ
93 1865 228 1893 Sententia
239 1865 303 1902 legis
317 1863 371 1892 haec
384 1864 419 1891 est
431 1885 440 1896 ,
460 1862 507 1891 Rei
513 1863 620 1899 furtiue
629 1872 747 1891 aternam
757 1863 939 1892 authoritatem
952 1884 959 1894 ,
979 1865 1006 1892 id
1021 1865 1057 1892 est
1071 1885 1079 1896 ,
1100 1863 1210 1892 liberam
1223 1884 1232 1896 ‚
1251 1870 1460 1900 perpetuamque
1472 1863 1632 1894 vindicatio-

6 1900 18 1940 l
55 1910 121 1931 nem
135 1902 186 1929 effe
199 1903 305 1931 debere.
324 1902 444 1938 Repetiit
458 1912 517 1930 eam
534 1902 636 1939 aliquot
649 1903 723 1930 annis
736 1902 795 1938 post
803 1901 925 1935 Atinius,
944 1903 1050 1939 quando
1063 1902 1098 1929 fic
1111 1902 1144 1929 ad
1159 1900 1290 1938 populum
1306 1901 1377 1929 tulit:
1399 1902 1505 1929 Furtiva
1517 1912 1560 1931 res
1574 1913 1630 1932 non
1655 1901 1659 1906 ”

0 1940 3 1948 “
15 1951 17 1983 Ι
54 1939 219 1976 usucapiatur
231 1960 239 1972 ,
258 1941 306 1968 nifi
319 1941 347 1967 in
360 1941 518 1976 potestatem
533 1940 589 1976 ejus
601 1960 609 1971 ‚
630 1941 673 1968 cui
686 1939 807 1976 subrepta
821 1940 857 1967 est
870 1959 878 1971 ,
898 1947 1054 1967 revertatur.
1079 1937 1234 1974 Justinianus
1246 1938 1281 1966 fic
1295 1938 1386 1975 legem
1401 1939 1526 1975 explicat:
1548 1942 1630 1978 Qod

0 1976 1 1980 ¹
15 1985 17 2007 ὲ
54 1985 145 2006 autem
159 1997 167 2008 ,
186 1977 272 2013 inquit
286 1999 293 2009 ‚
311 1978 414 2005 dietum
428 1979 480 2009 est,
501 1978 658 2006 furtivarum
675 1987 765 2004 rernm
780 1977 966 2013 usucapionem
981 1985 1029 2013 per
1039 1976 1111 2013 leges
1123 1976 1287 2012 prohibitam
1302 1976 1364 2007 elie,
1384 1986 1439 2005 non
1453 1987 1486 2005 eo
1497 1980 1629 2015 pertinet,

0 2010 18 2051 l
55 2023 86 2043 ut
103 2025 137 2044 ne
150 2014 204 2050 ipse
216 2014 259 2042 fur
272 2015 415 2051 usucapere
423 2017 503 2053 poffit
523 2017 533 2051 (
541 2025 603 2043 nam
618 2015 680 2044 huic
697 2015 744 2042 alia
757 2016 860 2042 ratione
873 2013 984 2049 uficcapio
996 2024 1051 2041 non
1065 2014 1198 2049 competit
1211 2033 1218 2044 ‚
1238 2014 1298 2049 quia
1311 2013 1409 2043 scilicet
1427 2016 1494 2044 mala
1507 2017 1559 2044 fide
1570 2017 1630 2054 pos-

16 2055 18 2074 l

15 2095 19 2118 l

16 2075 17 2078 ,
51 2053 142 2120 gglgt)
167 2051 210 2081 sed
224 2062 259 2080 ne
270 2053 336 2081 ullus
349 2053 412 2082 alius
424 2074 433 2086 ‚
454 2055 577 2092 quamvis
591 2053 623 2082 ab
642 2063 675 2082 eo
688 2052 760 2081 bona
780 2052 831 2080 fide
844 2053 942 2080 emerit
955 2073 963 2085 ‚
989 2051 1032 2080 vel
1044 2061 1076 2080 ex
1090 2052 1137 2080 alia
1151 2050 1225 2079 causa
1240 2053 1372 2088 acceperit
1382 2073 1391 2086 ,
1417 2053 1638 2095 uficcapiendsjue>

106 2098 156 2120 eat.

0 2200 3 2224 ε
18 2163 21 2227 l
105 2188 210 2223 XLI.
235 2186 457 2233 vtisodala'bus
471 2214 481 2229 ‚
507 2191 559 2236 qui
566 2138 919 2238 Ῐηῗσῗέκηῐὶοῶηἷσζεηῗ
933 2138 1095 2238 ,ΕρῙοιὶῙὶῖε
1110 2188 1172 2233 effot
1188 2214 1199 2230 ,
1217 2186 1389 2237 paflionem
1404 2200 1496 2236 quam
1506 2167 1577 2226 ool.

18 2239 20 2250 ¹
324 2237 404 2278 lent,
423 2235 593 2282 fibiferre:
618 2238 692 2272 dum
709 2251 746 2272 ne
760 2237 836 2286 quid
849 2250 886 2271 ex
896 2236 1022 2286 publica
1035 2237 1100 2284 lege
1115 2247 1344 2285 corrumperent.

2 2290 22 2336 μ’
94 2298 137 2327 Sic
149 2297 218 2325 hanc
232 2296 321 2334 legem
337 2296 392 2325 fere
404 2298 517 2326 recitant
529 2298 671 2326 Balduinus
685 2301 711 2327 ὃς
720 2302 922 2331 Hottomannus‚
935 2297 1009 2334 cujus
1022 2297 1207 2325 testimonium
1218 2304 1290 2326 extat
1304 2297 1372 2333 apud
1384 2299 1479 2333 Cajum
1492 2297 1509 2326 l.
1517 2297 1624 2330 ultima,

0 2355 6 2365 J
19 2333 22 2368 l
58 2333 86 2363 ff.
98 2337 132 2364 de
144 2335 280 2372 Collegiis.
316 2335 416 2362 Sodales
430 2335 487 2363 lunt
500 2356 508 2367 ,
529 2337 574 2373 qui
585 2336 705 2372 ejusdem
724 2336 828 2373 collegii
840 2334 899 2364 sunt
914 2356 923 2368 ‚
950 2345 1031 2372 quam
1044 2337 1130 2364 Graeci
1147 2341 1250 2370 ὲτωόἱαγ
1264 2342 1369 2363 vocant.
1408 2336 1458 2363 His
1472 2344 1562 2364 autem
1577 2345 1627 2373 po-

0 2383 8 2398 :
21 2380 23 2402 ι
56 2374 180 2404 testatem
191 2373 254 2402 facit
265 2374 308 2402 lex
320 2374 433 2410 privatas
446 2375 516 2403 inter
528 2374 555 2402 se
568 2374 706 2412 pactiones
719 2374 845 2404 arbitratu
859 2373 906 2402 suo
919 2374 1040 2403 ineundi:
1058 2383 1121 2403 cum
1136 2384 1168 2403 eo
1182 2382 1288 2406 tamen,
1305 2383 1355 2402 nec
1366 2382 1542 2403 communem
1555 2374 1630 2402 illam

1553 2412 1635 2443 totiu⁵
