2075 2734
408 95 1363 132 Dz'rarunvnoMAJoxe‚&c.CA1·.29J
1637 110 1694 143 755

109 154 237 187 surrexit,
257 153 414 191 sumptaque
430 152 509 181 rediit
516 159 649 187 pretexta.
669 151 703 178 Et
717 147 847 189 Dionyfius
863 146 1068 189 Hrilicamaffius
1082 146 1152 176 libro
1169 159 1199 187 3:
1211 148 1324 186 loquens
1338 149 1372 178 de
1380 154 1449 186 -toga
1464 150 1537 186 pieta
1548 159 1697 191 purpurea,

110 202 162 230 qua
176 195 265 227 Reges
280 192 378 220 fuerint
390 191 427 220 ufi
441 213 448 223 ,
469 191 569 219 indicat
581 211 589 222 ,
608 189 681 227 quod
695 186 803 225 Regibus
816 185 912 214 exiretis
924 197 979 215 non
991 187 1096 216 licuerit
1111 186 1157 215 ulli
1173 208 1179 219 ,
1201 188 1283 216 etiam
1300 187 1319 215 fi
1336 186 1436 218 Consul
1450 190 1529 221 effer.
1551 199 1610 219 eam
1626 192 1699 222 usur-

107 240 172 268 pare
183 254 191 265 ,
213 231 278 259 ficut
291 241 341 259 nec
355 239 484 258 coronam
499 229 611 265 regiam.
652 228 725 253 Nam
742 224 798 253 haec
810 224 864 252 sola
878 246 887 256 ‚
908 226 995 262 inquit
1007 246 1016 258 ‚
1037 227 1070 253 de
1092 234 1188 255 ornatu
1207 227 1284 263 regio
1299 224 1459 254 Consulibus
1480 228 1606 264 adempta
1621 230 1698 263 sunt,

108 270 180 305 quod
196 269 324 298 invidiosa
338 269 491 296 viderentur
505 286 513 298 ‚
541 268 567 294 δε
582 264 697 293 libertati
709 264 809 301 gravia.
848 264 908 290 Post
930 264 1071 292 vistoriam
1095 272 1200 292 tantum
1218 274 1250 292 ex
1272 263 1497 293 senatusconiulto
1516 264 1701 301 triumphante:

108 315 237 336 ornantur
251 317 330 336 auro.
352 308 378 335 δε
392 307 554 333 amiciuntur
568 305 638 340 togis
652 303 730 339 pietis
741 303 889 340 purpureis.
916 303 959 330 De
971 311 1058 329 torona
1074 302 1159 330 laurea
1175 301 1274 329 Plinius
1289 301 1358 330 libro
1376 313 1415 339 ¹5·
1431 313 1487 339 cap.
1498 314 1543 341 30.
1565 306 1697 341 Currum,

109 347 154 382 qui
169 355 256 382 neque
270 344 436 374 bellicarum,
457 351 544 379 neque
557 340 721 370 ludicrarum
735 340 924 378 quadrigarum
934 361 941 371 ,
958 339 1006 372 ,sed
1022 341 1101 368 turris
1115 341 1236 368 rotundae
1251 341 1344 373 instar,
1365 341 1430 369 teste
1437 345 1556 374 Zonara,
1578 345 1698 374 constru-

108 384 166 411 ctus
180 391 250 413 erat.
271 383 363 412 ufitate
375 389 512 410 traxerunt
529 381 590 418 equi
605 389 613 409 z
633 389 701 417 quos
715 400 722 411 ‚
744 388 806 407 cum
820 377 894 406 albos
906 377 1031 414 junxisset
1046 380 1073 406 in
1088 378 1134 405 suo
1148 378 1289 415 triumpho
1301 377 1437 411 (tumidus,
1459 380 1634 410 vehementer
1646 392 1697 419 po-

107 422 201 458 pulum
216 421 342 451 offendit,
361 427 502 457 prOPterea
515 420 588 457 quod
602 418 659 446 alba
671 416 799 457 quadriga
812 418 935 444 Deorum
949 417 1037 454 Regi,
1059 420 1085 446 &
1101 417 1171 445 Patri
1184 416 1274 450 sacrae,
1295 427 1325 446 ac
1337 417 1504 454 peculiariter
1513 419 1605 448 dicatae
1614 420 1695 450 habe-

106 459 212 489 bantur.
238 460 354 495 Qidam
368 466 460 486 tamen
475 467 584 490 cervos,
605 458 712 494 quidam
729 456 821 484 leones
834 456 988 490 junxerunt.
1021 454 1073 483 Sub
1087 465 1180 489 curru,
1202 465 1234 483 eo
1247 455 1323 487 loco,
1345 456 1387 483 cui
1400 459 1537 491 Imperator
1550 458 1691 491 infideBat.

108 498 259 536 suspensum
274 497 323 525 fuit
338 495 441 524 idolum
457 496 546 524 fascini
560 517 568 528 ,
589 496 622 524 dc
637 505 691 532 quo
706 493 805 521 Plinius
823 492 892 521 libro
907 494 950 521 28.
967 503 1023 530 cap.
1037 503 1064 527 4.
1082 494 1117 521 sic
1133 504 1140 520 ε
1162 498 1234 521 Deus
1246 493 1363 529 Fafiittus
1376 497 1555 528 Imperatorum
1570 505 1693 535 quoque,

108 547 162 564 non
173 536 258 564 solum
274 535 407 563 infantum
424 535 508 562 custos
522 556 530 567 ,
551 544 642 562 currus
657 532 881 570 triumphantium
896 529 943 558 sub
956 529 996 558 his
1010 532 1129 569 pen-dens
1142 551 1148 561 ‚
1170 531 1291 560 defendit
1305 552 1312 562 ‚
1336 533 1456 560 medicus
1471 533 1590 566 invidiae,
1607 534 1696 570 jubet.

127 584 160 602 ue
173 573 279 601 eosdem
297 573 434 609 respiceie.
454 574 535 611 Qod
550 581 639 601 autem
658 570 758 598 Plinius
769 571 849 602 dicit,
866 570 974 597 moneri
984 569 1197 606 triumphantem
1210 569 1224 596 a
1236 569 1348 600 fascino,
1371 578 1400 597 ut
1412 570 1546 606 respiciat,
1571 574 1695 601 existimo

107 612 158 640 elle
171 612 234 640 illud
249 610 401 639 Tersulliani
415 613 442 638 in
454 612 634 648 Apologetico
646 620 652 636 ε
675 613 811 637 Hominem
819 609 848 643 se
863 606 909 644 esse
920 607 1002 634 etiam
1015 606 1173 642 triumphatis
1188 610 1326 641 Imperator
1337 607 1365 634 itt
1383 607 1424 634 illo
1429 608 1605 645 fitblimiffimo
1618 621 1695 639 curru

107 650 263 678 admonetur.
285 651 442 687 Suggeritur
457 651 531 677 enim
546 651 570 677 ei
585 649 699 686 &terget
722 647 835 683 Respice
849 647 907 683 post
920 653 960 677 te,
981 645 1122 674 hominem
1141 654 1284 673 memento
1297 654 1340 678 te,
1360 649 1474 673 Zonaras
1485 648 1579 676 author
1593 650 1644 682 est,
1665 651 1693 678 in

105 688 162 725 ipso
177 697 254 716 curru
273 689 426 716 ministrum
440 686 577 724 puhlicum
587 687 732 716 advectum
747 686 813 718 effe,
834 685 880 722 qui
889 693 960 721 pone
975 693 1105 712 coronam
1119 693 1225 712 auream
1235 705 1242 716 ‚
1263 685 1382 721 gemmis
1393 685 1544 713 distinetam
1558 686 1694 721 sustinens,

108 727 269 755 admoneret
282 737 345 754 eum
361 747 367 757 ‚
389 734 418 754 ut
433 725 574 762 respiceret
589 737 596 753 :
616 726 643 754 id
657 726 694 753 est
707 745 716 756 ,
736 731 766 753 ut
780 723 912 760 reliquum
929 723 990 750 vitae
1005 722 1118 760 spatium
1131 722 1287 759 provideret
1300 743 1307 754 ‚
1327 732 1379 750 nec
1393 732 1425 750 eo
1439 723 1544 752 honore
1556 725 1639 755 elatus
1654 726 1693 759 su.

107 764 234 801 perbiret.
274 764 429 801 Appensum
445 773 553 801 quoque
567 765 642 793 fuisse
656 764 744 792 currui
757 760 971 793 tintinnabulum,
993 763 1019 790 δε
1028 760 1174 800 flagellum,
1197 760 1291 797 quibus
1306 769 1431 789 notatum
1449 761 1544 795 fuerit,
1565 764 1650 800 ipsum
1663 766 1692 792 in

106 813 166 831 eam
183 803 364 832 calamitatem
383 803 501 831 incidere
513 804 600 839 poffe,
621 810 650 830 ut
665 804 692 830 ὃ(
707 801 797 837 flagris
811 800 955 827 caederetur
968 821 976 831 ,
1005 802 1030 827 ἃ
1046 800 1132 833 capite
1146 799 1329 827 damnaretur.
1363 800 1436 826 Nam
1446 821 1452 831 ,
1473 801 1576 837 inquit,
1595 805 1641 839 qui
1655 802 1691 830 ob

103 841 206 870 facinus
221 841 488 878 supremossopplicio
501 839 701 868 afficiebamur.
723 837 897 865 tintinnabula
910 837 1010 874 gestare
1022 837 1141 865 solebant
1155 858 1162 869 ‚
1189 847 1222 864 ne
1238 839 1295 874 quis
1309 838 1378 865 inter
1391 838 1508 865 eundum
1523 848 1648 868 eumaem
1664 841 1693 868 il-

103 880 193 908 lorum
209 881 312 916 piaculo
325 880 350 906 ie
364 879 550 915 obstringeret.
571 878 656 905 Testis
670 877 707 904 est
721 877 803 904 etiam
822 875 921 902 Plinius
936 874 952 902 l.
964 887 1006 912 33.
1023 885 1077 911 c.7.
1093 876 1303 910 triumphantium
1316 885 1359 902 ora
1373 876 1459 902 minio
1474 876 1540 904 illini
1554 877 1642 908 tolita,
1664 882 1692 907 ὅ(

103 917 139 945 fic
154 917 294 944 Camillum
308 916 497 953 triumphasse:
520 916 591 953 quod
606 924 698 944 tamen
711 913 1082 950 posterioribusstemporibus
1095 914 1222 942 exolevit.
1256 914 1342 942 Moris
1356 915 1424 942 item
1439 913 1527 945 fuine,
1549 923 1576 943 ut
1593 917 1691 944 trium-

105 955 189 992 phans
201 955 294 984 secum
310 956 338 982 in
348 965 423 983 curru
434 954 542 982 haberet
557 954 653 982 filiolos
666 962 776 990 pueros,
797 960 871 989 patet
881 962 913 980 ex
927 951 1002 980 Livio
1016 951 1086 980 libro
1096 962 1144 988 45.
1158 962 1221 981 cum
1234 952 1268 980 de
1282 952 1340 981 filiis
1349 950 1447 979 AEmilii
1460 952 1589 990 loquitur.
1619 955 1691 991 Qin

104 995 186 1022 etiam
200 1000 395 1031 cognatorum,
410 993 428 1020 sl
441 993 542 1030 aliquos
555 992 684 1024 habebat,
699 992 814 1028 virgines
825 993 852 1020 δε
866 999 963 1027 pueros
977 991 1004 1017 in
1019 1000 1127 1019 currum
1142 990 1314 1019 adsciscebat:
1335 997 1399 1018 natu
1413 1000 1478 1018 vero
1494 992 1650 1029 grandiores
1663 994 1691 1020 in

102 1033 177 1069 equis
189 1031 322 1070 jugalibus
335 1032 501 1069 imponebat.
523 1032 550 1059 Si
562 1039 652 1059 autern
667 1029 756 1067 plures
769 1039 858 1062 erant,
874 1030 947 1066 equis
961 1028 1133 1065 fingularibus
1144 1029 1215 1057 vesti
1225 1029 1310 1067 ipsum
1319 1028 1552 1066 prosequebantur.
1572 1032 1691 1058 Currum

102 1071 166 1098 inde
174 1070 459 1108 sequebaturequitum
472 1073 496 1099 &
505 1071 628 1107 peditum
642 1069 771 1097 exercitus
784 1068 831 1095 suo
844 1068 953 1105 quisque
965 1068 1070 1097 ordine.
1092 1068 1131 1095 Ex
1146 1067 1185 1095 his
1198 1068 1218 1095 s1
1231 1069 1277 1105 qui
1287 1066 1432 1104 peculiares
1443 1077 1567 1099 coronas,
1586 1078 1630 1098 aut
1641 1070 1690 1098 alia

103 1109 174 1137 dona
184 1109 219 1136 ob
232 1109 370 1147 egregium
385 1109 486 1136 facinus
498 1109 530 1136 ab
538 1111 690 1142 Imperatore
701 1114 870 1143 acceperant,
887 1115 916 1133 ea
924 1115 977 1142 p1ae
991 1108 1016 1134 Ie
1029 1105 1159 1134 ferebant·
1179 1107 1277 1135 Caeteri
1286 1115 1382 1133 omnes
1395 1105 1505 1133 laureati
1516 1107 1688 1141 incedebant.

104 1148 205 1176 cientes
217 1148 348 1176 laetiffima
359 1157 425 1175 voce
435 1147 603 1184 triumphum
612 1167 618 1177 .
639 1148 667 1175 δε
681 1147 831 1173 accinentes
845 1144 1008 1180 triumphalia
1019 1144 1148 1176 carmina,
1167 1144 1262 1181 quibus
1274 1145 1356 1172 etiam
1368 1144 1445 1180 jocos
1460 1144 1571 1172 miscere
1583 1145 1690 1174 licebat.

98 1187 153 1223 Qui
162 1196 227 1214 vero
235 1187 267 1213 ad
277 1185 454 1222 speetaculum
463 1186 662 1216 confluxerant,
679 1194 711 1212 ex
720 1183 810 1216 Urbe,
824 1186 850 1212 δε
861 1183 916 1211 aliis
927 1182 1008 1210 Italiae
1021 1183 1086 1210 locis
1098 1182 1237 1215 homines,
1251 1192 1347 1210 omnes
1360 1182 1431 1210 velut
1446 1183 1473 1210 in
1487 1182 1592 1219 publica
1607 1194 1689 1222 eaque

94 1224 224 1253 laetiffima
231 1224 387 1255 festivitate,
401 1233 463 1251 curn
472 1223 601 1251 laetiffima
614 1223 841 1260 aggratulatione,
855 1220 1011 1258 &applausu
1020 1242 1026 1253 ‚
1038 1230 1170 1257 pompam
1181 1220 1347 1259 speetabant,
1363 1221 1451 1249 induti
1464 1221 1558 1250 vestitu
1567 1224 1686 1254 mundo,

98 1265 163 1291 &ut
174 1262 323 1299 plurimum
333 1262 401 1288 albo.
422 1262 575 1289 Procedente
588 1262 668 1290 etiam
678 1271 769 1295 pompa
779 1260 948 1288 inhonorem
956 1260 1080 1287 Deorum
1089 1269 1186 1287 omnes
1197 1260 1264 1287 aedes
1277 1259 1354 1287 ficrae
1368 1259 1580 1296 fueruntapertae
1588 1281 1596 1294 ,
1607 1269 1687 1298 atque

98 1302 206 1329 coronis
217 1303 243 1328 δε
253 1299 381 1327 suffitibus
393 1299 507 1336 repletae.
527 1301 657 1337 Sicigitur
665 1302 695 1327 ad
704 1298 858 1333 Capitolium
865 1299 959 1327 duetus
966 1300 1102 1333 Imperator
1110 1319 1116 1330 ‚
1124 1298 1281 1335 simulatque
1289 1298 1321 1325 de
1329 1296 1404 1329 foro,
1412 1297 1500 1325 versus
1507 1298 1568 1326 illud
1577 1308 1687 1327 currum

98 1339 208 1367 fleetere
217 1338 310 1375 coepit,
317 1338 403 1366 hostes
415 1345 477 1366 ante
485 1347 594 1366 currum
603 1338 697 1366 <ludios
711 1337 805 1365 abduci
814 1337 953 1364 mandavit
960 1337 986 1363 in
995 1346 1139 1364 carcerem.
1158 1336 1244 1363 Cicero
1252 1337 1366 1363 Verrina
1376 1346 1399 1370 7.
1407 1336 1451 1363 ubi
1460 1335 1501 1363 vel
1509 1337 1612 1365 detenti
1620 1337 1681 1366 sunt

91 1385 238 1414 perpetuo,
254 1375 296 1404 vel
310 1376 382 1405 illico
398 1376 481 1405 lecuri
492 1377 613 1414 percuffi.
634 1378 705 1405 Cum
720 1384 831 1404 ventum
849 1375 900 1404 fuit
913 1376 941 1402 in
951 1375 1116 1410 Capitolium
1132 1374 1294 1409 triumphans
1308 1374 1344 1401 ita
1358 1383 1480 1412 precatus
1494 1375 1543 1402 est:

130 1415 292 1443 GRATIAS
313 1416 388 1442 TlBI
409 1415 561 1447 JUPlTER
581 1415 737 1442 OPTUME
758 1414 928 1444 MAXUME,
950 1414 1102 1449 TlfflQUE
1122 1413 1266 1446 JUNONI
1287 1413 1503 1442 REGlNAEAET
1519 1414 1683 1442 CAETERIS

89 1453 211 1486 HUJUS
230 1451 478 1484 CUSTODIBUS,
500 1452 881 1485 HABITATORIBUSQUE
900 1451 1007 1478 ARCIS
1027 1452 1080 1478 D11
1097 1472 1105 1485 ,
1125 1452 1264 1479 LUBENS
1291 1452 1494 1487 LAETUSQJE
1515 1451 1592 1479 AGO
1606 1473 1613 1484 ‚
1635 1454 1683 1488 RE.

90 1493 255 1520 ROMANA
274 1492 314 1518 lN
335 1492 440 1518 HANG
460 1492 552 1517 DIEM
572 1493 618 1518 ET
637 1491 775 1517 HORAM
789 1491 865 1518 *PER
884 1488 1017 1516 MANUS
1037 1491 1147 1525 QUOD
1167 1489 1365 1516 VOLUISTIS
1386 1489 1491 1517 MEAS,
1504 1491 1683 1524 SERVATA,

93 1531 186 1558 BENE
205 1531 396 1566 GESTAQUE
411 1550 419 1563 ,
443 1530 599 1557 EANDEM
617 1531 664 1556 ET
683 1530 868 1562 SERVATE,
888 1529 940 1555 UT
960 1528 1100 1555 FAclTls
1112 1548 1122 1560 ‚
1141 1527 1306 1556 FOVETE,
1325 1527 1539 1554 PROTEGITE
1559 1527 1685 1557 PROPl-

92 1570 196 1596 T1AT1
207 1590 214 1600 ‚
241 1569 401 1596 SUPPLEX
420 1568 514 1595 ORO.

133 1606 168 1634 Et
175 1605 310 1633 immolato
322 1605 381 1633 sunt
389 1615 450 1633 cum
466 1607 585 1633 maxima
593 1605 751 1633 solennitate
763 1604 854 1642 hostia,
871 1603 914 1632 seu
921 1604 1051 1636 viffimae,
1065 1605 1090 1632 &
1100 1604 1186 1632 dicata
1199 1601 1255 1635 Jovi
1261 1612 1347 1631 corona
1356 1613 1450 1638 aurea,
1464 1605 1491 1631 δε
1507 1604 1608 1641 aliquot
1619 1613 1683 1641 pre-

94 1643 167 1673 tiosae
175 1644 320 1675 manubiae,
333 1643 455 1680 clypei&
464 1643 512 1671 alia
521 1653 698 1671 monumenta
704 1644 740 1671 ibi
749 1643 876 1679 suspenfii.
896 1644 998 1670 Datum
1010 1644 1092 1670 etiam
1101 1643 1128 1670 in
1136 1642 1192 1679 ipso
1199 1641 1321 1676 Capitolio
1329 1642 1429 1676 epulum
1436 1641 1585 1679 sumptibus
1595 1642 1682 1679 publi-

12 1676 16 1702 i
56 1691 59 1693 ·
92 1683 143 1714 cis,
158 1683 354 1719 &aliquantum
365 1682 480 1718 pecuniae
489 1681 590 1709 viritim
600 1682 669 1717 plebi
677 1682 845 1709 distributum
855 1702 861 1712 ‚
875 1688 968 1709 caetera
982 1680 1096 1708 relatain
1103 1682 1224 1708 aerarium
1231 1679 1379 1716 publicum.
1401 1681 1482 1716 Qod
1492 1681 1511 1708 fi
1523 1681 1582 1717 quis
1597 1681 1680 1715 opima

83 1720 166 1756 spolia
179 1721 265 1748 fuiss‘et
281 1720 449 1750 consecutus,
465 1729 494 1747 ea
508 1721 534 1746 in
544 1720 648 1756 templo
657 1720 727 1751 soz-is
740 1714 846 1746 rereirii
855 1718 1086 1756 suspendebantur.
1115 1720 1197 1747 Erant
1209 1717 1384 1752 autemspolia
1396 1718 1477 1751 opima
1492 1728 1549 1755 quae
1563 1719 1615 1746 dux
1630 1718 1679 1747 ho-

92 1760 172 1787 stium
187 1760 247 1786 duci
262 1758 275 1786 a
289 1758 314 1786 sc
329 1759 487 1786 immediate
499 1758 642 1785 interfectO
656 1758 813 1786 detraxerat.
834 1758 973 1794 Qorum,
987 1757 1027 1784 uti
1038 1756 1135 1794 Festus,
1149 1759 1176 1785 δε
1186 1766 1249 1785 cum
1262 1765 1296 1783 eo
1307 1755 1349 1783 alii
1364 1757 1485 1787 tradunt.
1501 1764 1573 1784 tanta
1585 1758 1678 1785 raritas

95 1796 161 1829 fuit,
176 1806 205 1824 ut
219 1799 288 1824 intra
302 1806 384 1824 annos
395 1795 476 1831 paulo
490 1796 578 1824 minus
595 1805 688 1824 πολ-ΣΧ.
701 1803 806 1824 tantum
820 1796 889 1823 trina
903 1796 1068 1833 contigerint
1080 1796 1188 1823 nomini
1202 1796 1330 1822 Romano
1341 1804 1349 1820 ι
1364 1804 1429 1824 una,
1445 1804 1502 1831 quae
1509 1794 1630 1822 Romulus
1642 1795 1676 1824 de

91 1836 214 1863 Acrone:
229 1835 308 1862 altera
318 1855 325 1866 ,
340 1843 396 1871 quae
411 1832 498 1870 Coffics
512 1834 643 1861 Cornelius
655 1834 689 1861 de
696 1833 860 1861 Tolumnio:
874 1834 970 1868 tertia,
982 1843 1039 1870 quae
1050 1837 1155 1861 Marcus
1167 1833 1302 1860 Marcellus
1314 1833 1378 1871 Jovi
1386 1833 1506 1860 Feretrio
1521 1833 1555 1860 de
1565 1834 1677 1861 Virido-

91 1881 170 1901 maro
182 1873 304 1909 fixerunt.
324 1877 428 1900 Marcus
445 1876 520 1899 Varro
535 1873 585 1903 ait,
597 1873 678 1907 opima
684 1872 766 1907 spoliti
779 1873 860 1900 etiam
876 1871 942 1903 effe,
963 1871 982 1899 fi
996 1872 1167 1908 manipularis
1178 1871 1255 1899 miles
1269 1871 1428 1902 detraxerit,
1442 1871 1598 1898 dummodo
1611 1872 1674 1900 duci

90 1909 208 1939 hostium
222 1912 376 1939 detraxerit.
397 1911 480 1945 Quod
495 1917 583 1938 autern
599 1911 692 1938 onmia
704 1910 780 1939 solita
790 1920 846 1938 non
860 1910 911 1937 fint
922 1909 955 1936 ad
969 1910 1055 1937 aedem
1070 1909 1140 1942 Jovis
1147 1909 1254 1936 Feretrii
1266 1910 1344 1945 poni,
1359 1909 1515 1937 testimonio
1528 1908 1580 1937 effe
1592 1909 1676 1938 libros

93 1949 254 1985 pontificum
270 1968 277 1977 ,
298 1949 325 1975 in
339 1948 434 1985 quibus
448 1948 478 1977 fit
493 1968 500 1979 ,
520 1957 571 1984 pro
584 1949 679 1984 primis
692 1948 782 1984 spoliis
791 1949 861 1976 bove
874 1969 881 1979 ‚
900 1956 951 1983 pro
964 1946 1084 1975 secundis
1102 1946 1287 1975 solitaurilibus
1299 1967 1305 1978 ,
1322 1957 1373 1984 pro
1385 1948 1470 1976 tertiis
1484 1956 1555 1985 agno
1567 1947 1674 1985 publice

92 1985 163 2015 sacra
177 1987 232 2014 fieri
245 1986 350 2014 debere.
371 1986 431 2013 Effe
444 1987 524 2013 etiam
542 1985 660 2020 Pompilii
669 1989 756 2012 Numa
772 1989 793 2013 R
799 1986 855 2022 egis
866 1985 955 2022 legem
968 1994 1106 2019 opimorum
1112 1984 1247 2019 spoliorum
1258 1984 1355 2012 talem:
1589 1998 1591 2001 ·

128 2024 273 2061 QJOJUS
293 2023 467 2051 AUSPICIO
483 2045 492 2056 ‚
521 2023 654 2051 CLASSE
674 2023 899 2051 PROCINCTA
917 2024 1056 2051 OPEIMA
1079 2024 1208 2050 SPOLlA
1227 2023 1458 2052 CAPIUNTUR.
1494 2025 1600 2057 JOVEI
1618 2026 1672 2055 FE-

88 2063 232 2091 RETRIO
253 2063 380 2089 BOVEM
400 2063 561 2091 CAEDITO.
582 2063 669 2097 QJEI
689 2063 817 2096 CEPlT,
838 2062 928 2089 AERIS
945 2062 1127 2088 DUctNTA
1147 2062 1290 2088 DARIER
1310 2062 1528 2090 OPORTETO.

123 2103 293 2129 SECUNDA
315 2100 445 2128 SPOLffl
465 2102 506 2128 IN
527 2100 665 2129 MARTls
685 2101 800 2129 ARAM.
831 2101 874 2128 IN
894 2099 1024 2128 CAMPO
1045 2099 1312 2128 SOLITAURILlA
1330 2100 1434 2128 UTRA
1453 2102 1662 2138 VOLUERIT,

82 2139 258 2207 ςξὲὲῖῑοίιὶ
277 2178 404 2206 SPOLIA
422 2178 520 2216 JANO
539 2178 717 2215 QmuNO.
738 2178 875 2207 AGNUM
894 2177 1027 2205 MAREM
1046 2176 1198 2205 CAEDITO
1218 2176 1379 2205 CENTUM
1397 2178 1484 2214 QUEI
1509 2180 1668 2209 CEPERIT

82 2218 536 2292 EssstfssffimD’Agggmdmgfflm
551 2266 614 2284 eum
627 2257 796 2284 restituerunt
809 2254 915 2282 Carolus
935 2253 1048 2294 Sigonius
1058 2275 1067 2287 ,
1086 2252 1214 2282 Antonius
1226 2252 1385 2292 Augustinus
1396 2276 1405 2288 ,
1427 2257 1454 2284 δε
1465 2254 1592 2295 Jossphus
1606 2260 1668 2283 Sca·

85 2294 156 2333 liger.
183 2297 271 2332 Atque
286 2294 338 2322 hoc
352 2295 461 2331 quidem
478 2296 563 2323 modo
575 2294 758 2330 triumphorum
771 2303 873 2331 pompa
886 2296 991 2330 peraeta
1004 2294 1055 2321 fuit
1067 2314 1075 2325 ,
1097 2293 1170 2330 cujus
1184 2302 1212 2321 ut
1226 2293 1426 2322 conservaretur
1442 2295 1590 2326 memoria,
1609 2303 1666 2322 nou

87 2334 174 2361 modo
186 2333 380 2361 honestiffimus
392 2333 466 2361 lorus
480 2334 542 2361 viris
554 2333 758 2370 triumphalibus
769 2333 819 2360 fuit
830 2334 905 2361 datus
918 2334 946 2361 in
960 2331 1119 2361 conseffibus
1132 2332 1244 2368 publicis
1258 2334 1284 2361 ὅ(
1293 2333 1464 2369 permissum,
1485 2341 1513 2361 ut
1526 2333 1553 2360 in
1567 2332 1670 2369 l‘petSla-

50 2372 54 2373 ⁷
88 2371 152 2401 culis
170 2371 287 2400 lauream
308 2381 392 2401 coron
418 2381 438 2400 n
459 2373 487 2401 in
507 2372 592 2409 capite
609 2373 755 2411 gestarent,
775 2371 840 2401 ficut
859 2374 887 2403 ὃς
905 2371 969 2440 alig:³
990 2371 1036 2408 qui
1053 2379 1173 2410 unquam
1192 2380 1304 2403 coronas
1322 2378 1500 2412 acceperant,
1526 2370 1588 2401 tales
1600 2378 1670 2440 Flm'

967 2419 1049 2440 cccc
1069 2418 1088 2440 2
1613 2415 1672 2438 om
