2075 2734
358 112 732 156 ‘DrsPnA-:r‘onizuffi
762 117 1074 154 QAEsvronrnus,
1094 119 1145 145 &c.
1186 117 1271 147 Cap.
1294 115 1335 148 18.
1604 126 1657 163 683

75 183 127 203 mu
141 171 168 203 ff.
182 173 215 202 de
227 170 371 201 verborum
386 170 587 209 significatione:
610 169 686 197 Licet
698 165 813 209 capitalis
831 168 925 209 {iatine
936 166 1105 203 loquentibus
1118 167 1208 195 omnis
1224 167 1298 196 eausa
1313 169 1516 201 existimationis
1524 173 1660 208 videatur,

78 221 169 242 tamen
182 210 324 248 appellatio
334 210 464 246 capitalis,
484 208 595 250 mortis,
613 206 655 250 vel
668 206 813 249 amishonis
826 206 940 248 civitatis
953 205 1124 248 intelligenda
1140 206 1183 233 est.
1204 209 1289 233 thero
1306 217 1355 249 pro
1372 210 1542 245 QRoi'cio:
1563 213 1589 240 Si
1607 222 1657 250 qua

77 249 365 288 suntprivatajudicia,
377 248 487 277 summae
495 246 709 276 existimationis,
724 245 749 272 ὅ(
758 252 842 280 prope
857 244 946 271 dicam
955 252 1061 280 capitis,
1076 252 1125 271 tria
1132 243 1186 271 haec
1194 242 1253 272 sunt
1256 243 1373 283 fidat-ue,
1386 248 1485 282 tutela,
1492 250 1629 285 chretatie.

730 327 754 354 C
780 337 798 353 Α
822 337 846 354 ι’.
886 327 1018 355 XVIII.

284 397 334 430 De
347 392 540 444 putoribus,
566 390 764 440 quaesitoribus
782 417 792 433 ,
811 390 971 439 judicibus
988 389 1176 438 quastionum
1190 417 1200 433 ,
1228 399 1274 426 (γ’
1290 392 1458 439 judicibus.

78 483 280 547 Criminibus
294 481 427 518 explicatis
441 502 448 512 ‚
477 481 639 510 transeamus
659 481 691 509 ad
704 477 850 519 quaefitores.
880 481 941 517 Qae
951 486 1023 505 ttores
1037 477 1101 505 diesi
1113 499 1119 510 ,
1147 478 1192 518 qui
1205 477 1331 513 judicium
1340 479 1467 514 publicum
1480 491 1659 513 exercuerunt,

176 532 236 552 uam
249 519 402 560 quaestzonem
415 528 544 547 vocarunt.
582 521 654 548 Huic
667 527 756 547 autem
772 519 810 546 rei
823 526 934 554 operam
948 514 1077 544 dederunt
1090 518 1210 553 primum
1226 521 1302 553 Reges
1313 538 1321 548 ,
1343 519 1438 548 deinde
1453 520 1582 555 Consules,
1603 521 1661 557 post

77 532 241 599 magistratus
256 561 288 591 ii,
309 567 375 595 quos
389 559 413 585 ei
429 559 533 585 muneri
547 557 663 587 senatus.
684 564 728 586 aut
739 556 852 593 populus
866 554 994 592 praefecit.
1021 555 1064 597 De
1079 555 1198 597 Regibus
1209 555 1305 582 author
1324 556 1359 582 est
1374 556 1504 595 Dronfim
1517 557 1562 585 lib.
1578 569 1602 587 2.
1615 559 1660 596 qui

76 598 229 626 Romulum
244 599 351 634 Regem
365 596 462 624 delicta
476 598 594 624 maxima
608 596 776 634 cognovisse,
796 596 902 622 minora
915 592 1078 621 senatoribus
1092 593 1235 629 pernufiss‘e
1247 592 1350 626 scribit.
1374 597 1399 622 ὃς
1412 595 1502 623 Lirim
1517 595 1561 623 lib.
1575 598 1660 634 1.qui,

76 645 138 664 cum
153 635 303 672 Superbum
318 637 425 672 Regem
440 634 550 667 scribat,
571 642 600 663 ut
614 643 719 664 metum
733 632 834 671 populo
848 634 993 662 incuteret3
1014 633 1182 669 cognitiones
1196 630 1347 667 capitalium
1362 641 1452 660 rerum
1468 634 1522 662 fine
1534 635 1663 666 consiliis,

75 683 124 710 per
135 673 162 701 se
175 673 260 701 solum
273 673 415 702 exercuisse
428 695 435 705 ‚
461 680 625 711 propterque
638 683 698 701 eam
715 672 818 701 caufiim
833 671 958 698 occidere
971 690 979 703 ‚
999 670 1027 697 in
1043 668 1151 698 exilium
1169 679 1247 707 agere
1264 690 1271 701 ,
1293 669 1369 698 bonis
1388 672 1517 700 mulCtare
1531 673 1660 709 potuisse:

76 721 131 740 non
144 711 270 741 obscure.
292 712 357 749 quid
374 712 461 739 caeteri
478 710 623 748 superiores
639 713 726 749 Reges
739 710 879 740 servarint,
901 708 1025 736 ostendit.

113 752 156 778 De
168 749 313 786 Constcli'bus
326 760 357 777 ex
379 759 412 777 eo
427 750 522 777 elicere
536 750 672 786 possumus
682 772 689 782 ,
716 749 787 786 quod
802 749 828 776 in
846 748 955 785 Regum
975 746 1064 774 locum
1086 745 1259 775 successerunt
1273 768 1281 778 ,
1303 749 1329 775 &
1343 747 1414 784 quod
1437 749 1535 776 Brutus
1552 752 1656 786 primus

73 788 166 824 Conficl
177 789 209 816 de
221 789 367 825 conjuratis
379 788 506 816 ultimum
521 787 677 825 fiipplicium
686 809 692 821 ,
713 787 786 815 causa
799 786 852 823 ipsa
864 786 973 823 cognita
986 784 1106 821 sumpfit.
1135 787 1238 812 Verum
1254 786 1352 826 eqdem
1364 794 1434 812 anno
1447 786 1473 812 id
1488 788 1529 822 jus
1542 788 1593 826 lege
1606 793 1656 816 Va-

71 827 151 859 leria,
173 827 206 855 de
220 828 414 863 provocatione
426 828 490 858 lata,
508 827 543 854 est
556 827 733 854 imminutum
743 846 749 857 ‚
769 833 931 860 cautumque
944 824 971 851 in
986 823 1135 859 posterum,
1158 833 1192 851 ne
1207 824 1307 852 Conlul
1321 824 1447 860 decapite
1462 825 1526 853 civis
1536 827 1653 855 Romani

73 865 170 902 injuffu
184 865 277 902 populi
289 872 426 902 quaereret:
448 874 543 892 verum
557 865 575 891 ii
588 865 699 892 demum
708 884 715 895 ,
735 872 802 900 quos
815 862 928 899 populus
942 861 1126 899 quaestionibus
1140 861 1252 898 publicis
1264 861 1421 898 praefecisset
1434 883 1440 894 ‚
1461 863 1507 899 qui
1519 864 1581 891 inde
1595 874 1658 903 qua-

62 902 155 942 fitores
163 902 293 937 parricida·
307 901 366 930 fimt
378 902 514 938 appellati,
534 911 600 939 quos
612 911 666 929 non
680 901 767 929 multo
779 901 837 937 post
854 902 945 938 Reges
961 899 1068 927 exadms
1081 900 1213 928 institutos
1226 899 1318 928 scribit
1328 899 1488 934 Pomponius,
1512 900 1539 929 ff.
1548 902 1582 929 de
1589 905 1658 940 orig.

70 950 122 977 Jur.
142 941 221 968 Unde
234 939 331 978 Festus,
351 939 488 978 quafitores
502 941 636 976 parricidii
659 940 733 973 (five
742 937 891 974 patricidii)
911 937 1055 975 appellatos
1067 939 1104 966 ait
1117 959 1125 970 ‚
1145 947 1213 975 quos
1225 936 1296 966 soliti
1312 939 1410 967 fuerint
1424 948 1514 966 creare
1528 939 1602 967 causa
1617 950 1657 968 re-

71 987 133 1006 rum
149 978 310 1015 capitalium.
333 980 438 1006 Horum
453 985 543 1006 autem
558 979 626 1017 apud
643 978 750 1006 Livium
766 976 855 1014 saepius
869 977 1002 1005 memoria
1016 976 1177 1007 celebratur,
1198 984 1227 1004 ut
1243 975 1328 1015 Cosso,
1349 978 1376 1005 ὅ(
1390 976 1521 1004 Medulino
1535 977 1655 1006 Consuli-

71 1016 120 1044 bus
131 1026 202 1045 anno
215 1026 307 1045 ccch.
325 1017 392 1044 item
406 1026 477 1044 anno
489 1027 618 1046 cccxmx.
635 1019 661 1046 δε
681 1025 752 1044 :inno
767 1025 868 1043 Dvar.
898 1016 988 1052 Atque
1002 1015 1029 1041 in
1048 1014 1118 1042 hunc
1132 1015 1244 1051 quidem
1265 1016 1379 1043 modum
1400 1014 1481 1052 usque
1498 1016 1532 1043 ad
1553 1025 1654 1045 annum

72 1064 153 1082 nctv.
164 1053 304 1094 quastione:
311 1054 410 1090 publica
420 1056 540 1083 exercitae
553 1054 627 1086 sunt,
649 1062 678 1083 ut
692 1053 900 1092 quotiescunque
914 1063 954 1081 res
966 1052 1102 1090 posceret,
1124 1061 1168 1081 aut
1183 1052 1309 1088 confides,
1332 1060 1376 1081 aut
1389 1053 1522 1084 Dtc‘htor,
1542 1062 1588 1082 aut
1596 1065 1655 1090 pm-

70 1099 110 1121 tor
122 1091 345 1121 senatusconsulto
354 1114 361 1124 ‚
381 1101 425 1121 aut
437 1093 496 1131 lege
508 1103 626 1130 quaerere
634 1093 781 1130 juberetur.

111 1132 192 1159 Anno
203 1139 293 1159 autern
307 1130 364 1167 ipso
379 1141 459 1159 ncrv.
470 1139 604 1169 perpetuae
616 1131 771 1169 quaestiones
786 1129 837 1158 esse
850 1151 857 1163 ,
879 1139 909 1158 ac
921 1131 1062 1168 proprium
1077 1128 1229 1169 quaefitorem
1242 1128 1339 1157 habere
1357 1137 1508 1165 coeperunt.
1549 1132 1653 1169 Legem

72 1169 147 1198 enirn
161 1173 193 1199 L.
208 1168 262 1204 1¹in
277 1169 394 1196 tribunus
405 1169 488 1206 plebis
506 1170 567 1198 tulit
580 1191 587 1201 ,
607 1179 658 1208 qua
670 1170 842 1207 quaestionem
862 1170 1072 1204 repetundarum
1091 1175 1248 1205 perpetuam
1270 1167 1335 1196 fecit
1350 1187 1356 1197 ‚
1377 1176 1406 1195 ut
1420 1168 1508 1196 ici-ibit
1524 1170 1612 1196 Cicero
1627 1172 1655 1198 in

71 1208 157 1236 Bruto
169 1206 210 1235 his
221 1207 324 1235 verbis:
344 1207 455 1235 Carbone
468 1208 557 1236 forum
572 1215 696 1240 tenente,
716 1208 789 1244 plura
803 1207 901 1242 judicia
914 1207 972 1234 fieri
986 1214 1135 1243 coeperunt.
1163 1208 1235 1233 Nam
1248 1208 1274 1235 ὃς
1288 1206 1441 1243 quaestiones
1453 1215 1587 1245 perpetuae
1600 1207 1652 1236 hoc

71 1245 240 1274 adolescente
253 1247 400 1274 constitutae
415 1245 487 1276 sunt,
507 1255 566 1283 quae
579 1247 655 1274 nullae
669 1255 730 1274 ante
744 1247 857 1274 fuerant.
878 1246 909 1272 L.
923 1246 996 1272 enim
1013 1244 1066 1280 Piso
1080 1243 1197 1272 tribunus
1210 1244 1293 1280 plebis
1306 1244 1394 1281 legem
1410 1245 1514 1280 primus
1530 1248 1563 1273 de
1575 1254 1655 1282 pecw

74 1284 127 1312 niis
138 1284 308 1319 repetundis,
328 1283 456 1318 Censorino
471 1283 512 1316 (ς’
526 1284 635 1312 Manilio
650 1284 720 1311 Coss.
736 1284 805 1312 tulit.
837 1284 859 1310 Ii
872 1292 935 1310 vero
950 1292 982 1310 eo
996 1292 1080 1314 anno,
1104 1292 1157 1319 quo
1170 1283 1239 1313 dixi,
1261 1281 1389 1309 Consules
1403 1282 1518 1312 fuerunt.
1550 1283 1655 1322 Qastm

72 1331 140 1349 vero
148 1329 268 1355 perpetua
280 1322 349 1349 faeta
362 1321 530 1359 intelligitur,
551 1332 612 1351 cum
627 1323 735 1359 praetori
747 1324 775 1350 in
788 1320 902 1358 singulos
914 1330 997 1348 annos
1009 1322 1160 1348 mandatur:
1182 1321 1323 1348 mandatur
1336 1327 1441 1352 autem,
1463 1330 1525 1349 cum
1534 1322 1589 1349 haec
1599 1333 1655 1350 ver-

72 1358 108 1386 ba
121 1359 148 1386 in
161 1358 220 1396 lege
233 1360 266 1387 dc
278 1360 368 1397 aliquo
380 1360 540 1389 vindicando
552 1362 665 1388 crimine
677 1360 728 1389 lata
742 1367 892 1397 ponuntur:
913 1363 953 1386 De
965 1369 995 1386 eu
1007 1369 1033 1385 re
1043 1357 1151 1393 pratoris
1163 1356 1259 1397 questio
1272 1357 1327 1395 esto.
1356 1359 1426 1385 Item
1440 1367 1539 1392 prator,
1561 1369 1607 1399 qus
1621 1371 1653 1387 ex

72 1397 119 1425 hac
131 1396 183 1435 lege
215 1407 302 1430 aeret,
316 1397 409 1434 finito,
430 1407 472 1428 ut,
489 1398 551 1432 &a
572 1399 633 1427 Post
648 1399 820 1436 quaestionem
836 1398 869 1425 de
882 1398 1035 1433 repetundis
1053 1397 1160 1434 quaestio
1174 1398 1236 1424 inde
1249 1398 1283 1424 de
1295 1395 1432 1433 peculatu,
1452 1398 1484 1425 de
1503 1399 1654 1435 majestate,

73 1436 144 1465 &de
157 1445 200 1462 am
223 1437 261 1463 itu
274 1443 401 1472 perpetua
414 1436 483 1464 faeta
497 1438 545 1465 est:
565 1446 682 1474 cumque
696 1436 739 1466 sex
753 1445 811 1465 tum
826 1443 977 1464 crearentur
991 1436 1018 1463 in
1034 1435 1107 1462 Urbe
1123 1443 1259 1471 praetores,
1280 1443 1382 1462 mutata
1395 1434 1432 1461 est
1447 1443 1503 1465 tota
1515 1437 1584 1464 ratio
1601 1437 1656 1465 sor-

52 1495 62 1502 .
73 1474 177 1503 titionis
188 1475 325 1510 praetoriae.
358 1476 429 1503 Ante
443 1476 516 1503 enim
531 1483 656 1511 praetores
670 1475 726 1503 bini
739 1475 844 1511 fingulis
858 1474 935 1501 dorni
953 1473 1166 1509 jurildic‘tionem
1181 1483 1213 1501 ex
1227 1472 1452 1501 senatusconsulto
1465 1473 1654 1507 sortiebantur,

72 1511 196 1539 urbanam
207 1513 232 1540 δ(
239 1510 412 1549 peregrinam:
432 1512 527 1551 reliqui
540 1520 653 1550 quatuor
665 1514 817 1549 provincias
830 1511 894 1539 foris
906 1511 1096 1548 gubernandas.
1120 1510 1219 1538 Abhoc
1226 1521 1290 1538 vero
1298 1518 1423 1546 tempore
1430 1512 1656 1548 duaejurisdiftio-

74 1559 137 1582 nes,
157 1552 304 1587 &quatuor
315 1551 468 1587 quaestiones
480 1553 507 1579 in
518 1551 617 1579 sortem
629 1560 660 1579 ex
668 1549 890 1579 senatusconsulto
903 1550 916 1576 ὁ
929 1549 1085 1586 praetoribus
1100 1547 1142 1576 sex
1158 1549 1255 1584 conjici
1269 1556 1373 1585 coePtae.
1394 1549 1507 1577 Praetura
1518 1559 1583 1578 vero
1597 1553 1654 1579 Ro-

76 1597 130 1615 mae
139 1588 197 1614 aeta
205 1588 355 1623 provincias
367 1587 453 1617 sortiti
466 1589 539 1621 sunt,
559 1590 586 1617 in
601 1588 694 1627 easque
706 1596 882 1626 propraetores
895 1587 1010 1624 prosedfi
1024 1586 1091 1614 sunt.
1112 1588 1232 1614 Domum
1248 1585 1415 1615 L.C0rnelius
1427 1588 1499 1614 Sulla
1513 1588 1652 1621 Diitaton

76 1633 107 1653 ut
120 1625 207 1661 inquit
222 1625 380 1660 Pomponim,
402 1628 556 1663 quaessiones
569 1627 630 1654 alias
644 1635 758 1665 quatuor
771 1626 887 1663 publicas
900 1624 975 1657 tulit,
995 1625 1028 1652 de
1043 1625 1153 1656 ficariis,
1174 1625 1307 1653 veneficiis
1321 1646 1328 1655 ‚
1351 1624 1414 1652 falso
1426 1647 1432 1656 ,
1454 1628 1479 1654 ἃ
1496 1627 1652 1662 parricidio:

75 1664 104 1691 δε
114 1670 256 1699 propterea
268 1671 392 1700 praetores
405 1673 512 1702 quoque
522 1672 649 1702 quatuor,
669 1673 699 1693 ut
712 1666 745 1692 de
762 1665 792 1692 iis
803 1672 963 1701 quaererent,
983 1664 1094 1691 addidit.
1117 1665 1159 1691 Sic
1173 1664 1246 1691 enim
1262 1664 1372 1700 exponit
1387 1666 1471 1690 Cicero
1480 1664 1507 1691 in
1520 1668 1651 1693 Verrem:

74 1704 131 1728 Lex
139 1700 255 1728 Cornelia
266 1702 475 1735 testamentaria,
496 1704 648 1731 nummaria
667 1703 740 1737 (haec
754 1703 789 1730 est
799 1722 808 1732 ,
829 1711 885 1739 quae
899 1702 1070 1738 quaestionem
1093 1702 1126 1730 de
1140 1701 1204 1730 falso
1216 1703 1355 1736 continet)
1374 1710 1473 1729 caeterae
1486 1703 1654 1738 complures,

75 1739 103 1766 in
112 1739 206 1776 quibus
219 1749 274 1767 non
290 1741 331 1776 jus
340 1740 447 1778 aliquod
461 1750 564 1769 novum
578 1742 605 1769 in
618 1741 749 1777 populum
765 1740 932 1768 constituitur
944 1760 950 1772 ‚
973 1739 1017 1767 sed
1029 1738 1142 1768 sancitur
1156 1761 1164 1773 ,
1186 1748 1215 1768 ut
1228 1741 1300 1778 quod
1316 1738 1421 1776 semper
1437 1740 1539 1768 malum
1552 1740 1654 1771 facinus

75 1776 170 1809 fuerit,
192 1779 246 1814 ejus
260 1779 367 1815 quaestio
382 1779 414 1806 ad
431 1787 575 1816 praetorem
586 1781 733 1816 pertineret
745 1789 777 1808 ex
789 1788 822 1806 eo
837 1785 971 1814 ternpore.

115 1816 253 1853 Qoniam
264 1823 355 1844 autem
367 1827 487 1844 numerus
492 1825 639 1852 pratorum,
661 1817 702 1850 ζῆ*
714 1817 780 1845 ratio
791 1815 960 1854 cognitionum
973 1824 1064 1844 earum
1081 1816 1136 1851 jam
1150 1817 1212 1844 inde
1225 1816 1256 1843 ab
1271 1815 1348 1844 initio
1358 1814 1484 1852 permissa
1497 1823 1572 1846 erant
1585 1817 1654 1846 arbi-

75 1853 129 1883 trio
137 1854 251 1882 senatus:
272 1854 307 1881 ob
322 1855 347 1881 id
362 1854 465 1882 factum
477 1856 528 1887 est,
549 1862 579 1883 ut
590 1865 665 1889 raro,
684 1864 728 1883 aut
743 1855 849 1882 fortaffe
861 1863 1013 1890 nunquam,
1036 1855 1083 1882 nifi
1096 1855 1160 1882 oe'to
1174 1863 1298 1891 praetores
1310 1874 1317 1884 ,
1339 1854 1480 1890 quotannis
1492 1855 1541 1883 fint
1555 1857 1653 1891 creati,

75 1893 112 1920 ita
121 1898 149 1919 ut
158 1901 220 1919 cum
228 1893 309 1920 essent
317 1893 380 1920 otto
387 1901 514 1930 praetores
521 1914 527 1925 ,
543 1895 569 1922 ὃς
577 1894 670 1921 decem
679 1894 847 1931 cognitiones
854 1913 862 1926 ‚
876 1894 940 1921 iniis
952 1892 1101 1921 deferendis
1110 1903 1159 1929 pro
1168 1893 1303 1920 voluntate
1311 1890 1413 1919 senatus
1427 1892 1554 1920 variatum
1564 1894 1603 1922 lit.

115 1931 154 1956 Ut
167 1931 238 1957 enim
252 1938 327 1957 antea
338 1930 478 1968 aliquando
490 1930 751 1967 binaejurifiiteimnes,
773 1934 799 1959 ἃ
812 1931 881 1958 binae
893 1931 1036 1966 provinciae
1047 1931 1153 1968 singulis
1165 1930 1223 1957 sunt
1236 1930 1352 1957 tributae:
1375 1929 1408 1957 fic
1422 1930 1528 1966 posthac
1541 1934 1566 1959 ἃ
1581 1932 1650 1960 binae

73 1967 285 2005 jurisdictiones,
306 1968 406 1996 &binae
415 1969 568 2006 quaestiones
580 1969 696 2005 finguliS.
723 1972 747 1997 ὃς
757 1968 904 2003 jurisdictio
917 1977 981 1995 cum
993 1969 1135 2004 quaestione
1148 1969 1208 1997 uni.
1230 1970 1255 1995 δε
1269 1976 1320 1994 una
1333 1969 1439 2003 quaestio
1452 1969 1553 1997 duobus
1566 1979 1598 1998 ex
1613 1970 1651 1999 se-

75 2005 272 2035 natusconlulto
284 2007 424 2034 commissa
433 2007 485 2040 est,
505 2008 530 2034 id
540 2007 612 2043 quod
625 2006 741 2044 pluribus
755 2006 884 2042 exemplis
896 2006 923 2032 in
935 2005 1056 2032 medium
1071 2007 1180 2043 prolatis
1188 2005 1353 2033 demonstrat
1366 2005 1490 2043 Sigonius.

115 2045 276 2081 Qanquam
290 2051 379 2071 autem
398 2045 456 2080 post
470 2055 571 2074 annum
588 2055 668 2073 ociv.
682 2053 795 2079 praetores
808 2045 927 2080 primum
940 2051 1051 2082 quatuor
1064 2065 1070 2076 ‚
1090 2045 1187 2072 deinde
1197 2044 1246 2077 sex
1260 2044 1379 2079 perpetui
1400 2044 1560 2081 lingularum
1578 2056 1648 2084 quae-

73 2083 190 2111 stionum
204 2078 343 2121 quaesttores
355 2081 414 2110 fiint
425 2084 575 2115 constituti,
595 2091 624 2111 ut
638 2092 680 2111 eas
692 2083 833 2120 quotannis
849 2082 1016 2110 sortirentur:
1038 2091 1194 2110 nontamen
1205 2083 1298 2109 omnia
1308 2081 1406 2116 judicia
1419 2082 1522 2118 publica
1532 2085 1563 2112 ab
1579 2087 1651 2114 ordi-

44 2113 46 2115 ·
74 2122 155 2149 nariis
170 2120 219 2148 illis
235 2119 400 2159 quasitoribus
414 2120 482 2149 faeta
492 2121 552 2150 sunt
566 2143 573 2154 ‚
594 2131 690 2149 verum
704 2129 777 2149 extra
790 2121 915 2148 ordinem
931 2119 1022 2147 multae
1037 2121 1191 2157 quaestiones
1205 2128 1250 2148 aut
1269 2119 1491 2149 senatusconsulto
1505 2142 1512 2153 ‚
1531 2130 1576 2151 aut
1594 2123 1652 2161 ple-

72 2159 184 2192 biscito,
204 2165 233 2186 ut
246 2167 322 2191 ante,
342 2165 386 2187 aut
395 2160 563 2193 Consulibus,
584 2168 628 2188 aut
642 2160 697 2188 aliis
713 2159 922 2196 magistratibus,
942 2165 986 2186 aut
997 2159 1077 2185 etiam
1087 2159 1193 2194 privatis
1207 2158 1359 2185 hominibus
1374 2159 1504 2188 mandatae
1514 2159 1585 2190 sunt:
1595 2163 1648 2191 five

73 2199 136 2236 quia
150 2196 220 2225 nulla
233 2197 298 2224 dum
310 2196 352 2224 lex
364 2198 397 2225 de
409 2198 439 2225 iis
447 2199 634 2227 constituendis
647 2206 701 2226 erat
714 2197 780 2230 lata,
802 2197 854 2225 five
866 2197 937 2235 quod
948 2196 997 2224 lata
1005 2205 1060 2224 erat
1073 2197 1115 2225 illa
1123 2197 1246 2234 quidem,
1267 2196 1309 2224 sed
1319 2205 1368 2232 pro
1379 2197 1415 2224 rei
1424 2199 1562 2227 atrocitate
1574 2209 1648 2229 extra

74 2237 197 2264 ordinem
212 2236 383 2272 quaerendum
397 2236 448 2263 esse
461 2237 604 2265 videbatur.
624 2236 754 2273 Exempla
766 2238 846 2264 etiam
860 2236 937 2272 hujus
949 2235 987 2261 rei
999 2233 1058 2262 sunt
1065 2236 1133 2272 apud
1146 2234 1282 2272 Srgonium.
1303 2238 1342 2262 Ac
1352 2235 1519 2271 quaesltol'um
1536 2239 1646 2275 quidem

74 2275 128 2303 five
139 2274 266 2302 ordinarii
279 2273 360 2301 elstnt
373 2294 380 2305 ‚
409 2274 460 2301 five
473 2276 673 2304 extraordinarii
688 2275 768 2303 essent
783 2295 789 2305 ,
816 2282 968 2311 quanquam
981 2274 1095 2308 potestas
1115 2274 1147 2301 ab
1161 2283 1190 2300 ea
1204 2273 1262 2310 lege
1273 2293 1280 2306 a
1303 2282 1353 2310 qua
1371 2275 1450 2301 creati
1471 2284 1545 2303 erant
1558 2297 1566 2307 ,
1587 2284 1645 2305 tota

75 2313 210 2341 manavit:
232 2320 323 2339 tamen
337 2312 463 2340 omnium
478 2314 504 2341 in
516 2313 556 2341 his
570 2313 647 2341 rebus
658 2314 784 2342 collocata
798 2313 848 2341 fuit
864 2333 871 2345 ‚
892 2321 919 2340 ut
933 2313 961 2339 in
975 2311 1036 2339 foro
1047 2332 1053 2343 ‚
1075 2320 1152 2349 atque
1167 2313 1193 2339 in
1208 2312 1344 2341 tribunali,
1367 2314 1392 2340 ὅ(
1404 2312 1430 2339 in
1445 2311 1504 2340 sella
1515 2314 1598 2342 curuli
1611 2314 1648 2343 se-

73 2353 176 2381 dentes,
197 2351 287 2387 judice
297 2351 443 2387 quaestionis
453 2350 541 2388 aliquo
555 2351 606 2385 (de
613 2352 732 2389 quojam
748 2352 864 2379 dicetur.
885 2359 996 2386 operam
1011 2349 1145 2387 fidemque
1155 2356 1280 2381 mirante,
1299 2351 1389 2387 gladio
1401 2351 1502 2386 posito,
1514 2352 1648 2387 judicium

74 2396 243 2422 exercerent,
257 2397 319 2417 curn
328 2389 364 2417 eis
378 2389 523 2426 judicibus,
536 2390 582 2427 qui
589 2390 625 2418 eis
637 2389 819 2422 obvenissent,
834 2388 983 2419 sedentibus
998 2389 1025 2416 in
1034 2387 1083 2417 suis
1098 2388 1219 2418 subselliis
1235 2387 1338 2422 ,scribis
1348 2398 1424 2421 vero,
1436 2389 1562 2422 accenlis,
1582 2400 1649 2426 prae-

921 2427 948 2455 R
957 2436 1009 2456 rrr
1027 2437 1043 2456 2
1576 2431 1650 2458 coni-
