2075 2734
603 112 939 149 DeJove.
999 112 1159 150 Caru5.
1383 131 1385 133 ·
1636 126 1690 154 ¹0,-

106 159 228 191 Habebat
240 159 292 190 hoc
307 157 442 196 templum
456 157 566 199 cellam,
587 168 667 196 quam
682 160 787 197 ingredi
799 161 938 198 prophano
960 171 1015 189 non
1036 160 1239 190 concedebatur.
1278 160 1311 189 In
1331 169 1382 199 qua
1402 160 1468 190 cella
1489 171 1594 192 coronae
1606 173 1689 193 aureae

105 206 179 228 erant
193 200 263 227 duae:
282 198 392 226 alteram
407 197 478 225 Galli
493 196 560 233 Jow
574 196 673 231 Optimo
686 198 803 225 Maximo
818 199 1016 228 consecmrunt:
1039 200 1150 228 alteram
1166 198 1402 236 Carthaginenses,
1422 200 1457 227 ob
1470 207 1551 236 pai-taz
1564 202 1684 230 vieton‘ae

105 238 134 266 in
150 238 281 265 Samnites
297 235 552 273 congratulationem
568 236 689 263 Romam
703 235 844 264 miserunt.
886 239 917 264 In
932 237 1025 264 sacello
1039 238 1081 265 vel
1094 237 1206 265 delubro
1219 238 1333 274 Junonis
1347 257 1354 269 ‚
1382 239 1455 274 quod
1469 240 1496 265 in
1512 238 1563 267 hoc
1578 240 1683 277 templo

103 283 175 307 crat,
195 276 362 309 ansbresfizcrt
376 273 524 303 alebantur,
545 274 570 300 &
586 273 613 300 in
627 283 686 301 arca
698 273 798 309 lapidea
813 274 982 303 servabantur
995 273 1052 301 libri
1063 275 1184 313 Sibyllini.
1224 276 1254 302 ln
1268 275 1320 303 hoc
1340 275 1421 302 etiam
1442 276 1547 312 templo
1567 286 1622 305 erat
1637 289 1683 305 aic-

103 322 147 340 rea
163 312 271 340 Vidioria
284 312 325 340 vel
339 312 418 339 statua
431 319 514 337 (ιω-εκ
527 310 664 339 vietor-iae.
690 315 721 338 Ρ.
737 311 828 340 Vmor.
869 315 940 340 Ante
952 312 1045 340 cellam
1066 315 1194 341 Minerrae
1216 320 1290 341 erant
1311 314 1360 341 tria
1379 313 1452 351 figna
1464 318 1576 341 Deorum
1591 316 1684 343 Nixio-

103 361 177 383 rum,
197 352 231 379 de
245 350 338 388 quibus
349 348 419 376 alibi.

146 392 227 418 Anno
241 397 336 416 cxcvx.
354 390 384 413 L.
397 384 543 416 Volumnio,
565 389 631 421 App.
650 385 756 414 claudio
776 387 847 415 Coss.
861 397 892 414 ex
907 388 984 416 bonis
998 388 1191 415 foeneratorum
1215 390 1242 416 in
1264 388 1399 425 publicum
1421 389 1533 417 redactis
1549 409 1556 420 ,
1583 393 1631 417 Cn.
1653 392 1681 418 ἃ

106 425 261 466 QOgulnii
270 447 280 458 ‚
306 424 405 452 AEdiles
421 423 544 451 Curules
567 434 638 452 aenea
652 425 680 453 in
694 426 829 461 Capitolio
844 425 938 454 limina
952 448 959 458 ,
988 428 1015 455 δε
1037 427 1120 453 trium
1136 425 1285 454 mensarum
1302 435 1426 464 argentea
1440 427 1499 454 vasa
1512 428 1539 454 in
1555 427 1620 454 cella
1632 429 1682 465 Jo-

106 467 160 497 νίς,
180 470 313 502 Jovemque
325 461 411 498 ipsum
426 461 454 488 in
472 461 589 490 culmine
605 473 667 491 cum
685 464 819 501 quadrigis
835 473 871 500 po
883 464 986 492 uerunt.
1020 462 1111 490 Limia
1132 473 1202 491 anno
1221 473 1332 492 mcxxi.
1357 469 1396 492 M.
1415 465 1518 492 Tuccius
1529 467 1557 493 δε
1573 469 1605 491 P.
1622 464 1682 502 Ju-

105 514 162 531 nius
177 506 283 529 Brutus,
301 499 397 527 AEdiles
412 499 524 527 Curules
540 501 573 528 dc
589 502 686 529 mulc'ta
700 503 889 530 damnatorum
912 502 1107 530 foeneratorum
1128 502 1267 539 quadrigas
1287 503 1416 530 inauratas
1433 504 1460 531 in
1482 502 1618 540 Capitolio
1631 513 1680 540 po-

102 542 209 570 suerunt
227 539 254 566 in
275 537 337 565 ce'la
357 538 449 576 Jovi5‚
478 537 552 574 supra
574 538 706 576 fastigium
721 539 848 571 miculae,
870 542 895 568 8<
915 550 977 568 x11.
997 539 1089 576 clypea
1103 540 1221 566 inaurata
1235 560 1241 570 ,
1263 541 1348 576 qualia
1369 542 1449 567 etiam
1469 542 1547 578 paulo
1567 548 1628 568 ante
1647 551 1680 570 ex

106 577 245 608 multatiria
258 584 444 611 pecuariorum
459 577 572 612 pecunia
591 578 618 605 in
640 577 743 615 fastigio
764 578 825 605 aedis
845 578 920 616 Jovis
938 578 1023 614 posita
1042 577 1157 604 fuerunt.
1198 576 1304 604 Livius:
1331 579 1405 614 Jovis
1427 578 1577 606 simulachri
1598 577 1679 607 facies

103 616 192 644 diebus
207 614 276 641 festis
290 615 376 641 minio
389 614 454 641 illini
468 614 574 642 solebat.
614 616 716 642 Servius
730 616 758 643 in
777 626 818 644 10.
833 616 972 653 Eclogam.
990 618 1017 644 &
1031 614 1142 642 Plinius:
1164 615 1210 651 qui
1225 615 1306 642 etiam
1322 615 1410 644 1cribit
1424 617 1573 644 Turianum
1589 615 1603 643 ὲ.
1618 618 1680 644 Fre-

122 654 175 681 ellis
189 653 310 680 Romam
326 651 400 679 fuiffe
412 653 544 684 accitum,
565 654 607 681 cui
621 652 716 681 locarit
731 654 891 691 Tarquinius
908 654 1006 682 Priscus
1022 653 1141 690 effigiem
1155 653 1231 690 Jovis
1245 653 1273 679 in
1282 652 1416 689 Capitolio
1429 655 1579 681 dicandam.
1599 655 1679 683 Ficti-

111 701 155 719 em
169 699 229 718 eam
244 690 333 721 fuisse,
354 692 380 718 ἃ
394 690 455 717 ideo
468 691 559 718 mirari
573 691 663 719 solere.
704 692 807 720 Fictiles
822 692 903 719 etiam
918 693 945 719 in
960 692 1062 730 fastigio
1077 691 1172 728 templi
1187 691 1243 725 ejus
1259 691 1406 728 quadrigas.
1434 693 1493 720 Fuit
1508 693 1534 719 in
1550 692 1601 720 hoc
1608 699 1678 721 tem-

99 729 146 767 plo
160 729 241 756 etiam
257 728 361 765 fignum
376 726 456 764 Jovis
468 729 635 763 Imperatoris.
676 730 717 757 Ad
731 729 783 757 hoc
797 730 932 767 ten-‚plum
946 730 1068 757 victimas
1081 728 1265 766 gratulationis
1287 727 1361 756 causa
1374 729 1532 757 maetal-ant.
1573 732 1606 757 In
1625 730 1678 759 hcc

98 766 203 803 templo
223 765 352 794 Consules
368 776 401 793 eo
415 766 471 797 die,
493 776 546 804 quo
562 767 748 804 Magistratum
764 768 879 800 inibant,
899 768 993 805 finguli
1009 768 1124 801 singulos
1138 767 1220 794 boves
1234 765 1427 799 immolabant,
1449 769 1475 795 &t
1489 777 1521 794 cx
1535 777 1567 794 eo
1582 775 1678 806 togam

99 804 247 833 sumebant.
287 805 318 831 In
332 804 384 832 hoc
397 802 500 841 templo
514 805 692 841 Imperatores
706 806 738 833 ad
754 805 853 834 bellum
869 807 931 834 ituri
947 813 1008 833 vota
1021 802 1224 842 nuncupabant,
1249 807 1275 832 ἃ
1287 805 1376 841 postea
1389 805 1501 836 reversi,
1522 806 1678 842 triumphali

95 852 212 880 pompa,
232 844 260 870 in
273 843 300 870 id
315 841 526 874 deducebantur,
547 843 604 875 Jovi
616 844 643 870 in
657 853 691 870 eo
705 843 807 872 fitcrum
823 844 968 876 faciebant,
990 847 1015 872 ὃς
1030 845 1187 871 convivium
1202 842 1378 870 celebrabant.
1404 844 1435 870 In
1448 842 1501 870 hoc
1510 843 1593 870 etiam
1607 852 1679 871 tem-

94 882 141 919 plo
155 884 263 909 Senatus
276 889 467 917 nonnunquam
480 880 633 909 habebatur.
660 882 691 909 In
704 881 757 909 hoc
769 882 893 910 homines
906 882 1043 920 religionis
1055 881 1129 910 causa
1142 880 1309 909 incubabant.
1341 881 1451 908 Plautus
1464 881 1490 908 in
1506 880 1678 909 Curculione.

95 920 146 948 Sed
160 920 216 956 quis
230 919 322 945 onmia
334 921 489 946 enumeret?

131 959 228 984 Praeter
240 956 292 983 hoc
305 957 437 992 templum
453 958 534 985 etiam
549 958 603 986 aliae
618 958 674 986 duae
688 960 755 987 :edes
763 957 843 995 Jovis
850 959 877 986 in
892 958 1028 994 Capitolio
1043 957 1165 988 fuerunt,
1187 963 1257 984 votae
1270 955 1284 983 a
1297 961 1328 984 L.
1344 955 1419 984 Furio
1435 961 1603 991 Purpuream,
1623 967 1674 985 una

93 996 125 1023 ab
139 994 196 1032 ipso
210 996 325 1022 Praetote
337 994 407 1023 bello
422 995 542 1028 Gallico,
562 996 643 1024 altera
658 997 689 1024 ab
711 997 767 1034 ipso
783 996 914 1029 Consule,
935 997 1061 1025 dedicata:
1074 996 1088 1024 ἐι
1106 995 1251 1035 QMarcio
1270 995 1345 1023 Ralla
1362 996 1529 1027 Duumvioe,
1551 1005 1622 1023 anno
1642 996 1674 1024 ab

93 1032 168 1062 Urbe
181 1033 289 1061 condita
305 1042 399 1061 mcx-1.
420 1033 517 1062 Livius.

131 1073 155 1099 L
165 1082 207 1099 Ατ
217 1082 225 1099 1
235 1081 249 1098 Α
259 1080 311 1098 L1s
337 1073 352 1109 J
365 1082 381 1099 υ
393 1083 406 1099 1’
417 1082 424 1099 ι
435 1082 451 1099 τ
463 1083 476 1101 ε
486 1084 500 1100 κ
529 1071 543 1099 a
568 1073 642 1100 Latio
662 1073 748 1100 dictus
769 1071 820 1101 fuit
834 1093 842 1105 ‚
870 1073 942 1111 quod
965 1082 1027 1100 eum
1050 1073 1137 1100 Latini
1152 1070 1243 1110 populi
1258 1072 1442 1100 communiter
1461 1081 1523 1100 cum
1545 1073 1676 1100 Romanis

93 1110 211 1139 colerent
224 1130 231 1140 ,
252 1108 416 1139 consecratus
430 1107 444 1136 a
458 1112 608 1148 Tarquinio
623 1111 742 1148 Superbo
763 1113 846 1149 Rege.
887 1114 958 1140 Cum
980 1112 1052 1139 enim
1073 1115 1176 1138 Turnus
1190 1111 1330 1136 Herdonius
1350 1110 1448 1138 inlidiis
1463 1112 1602 1147 Tarquinii
1617 1112 1677 1139 neci

91 1149 168 1177 datus
182 1147 245 1175 effet
260 1168 267 1179 ‚
294 1147 347 1185 ipse
360 1147 426 1176 vero
441 1149 565 1185 Princeps
580 1151 742 1186 populorum
758 1151 918 1178 Latinorum
932 1149 1077 1178 declaratus
1092 1169 1099 1180 ,
1121 1148 1212 1176 Volsci
1227 1149 1308 1175 etiam
1323 1155 1404 1184 atque
1424 1149 1535 1175 Hernici
1549 1150 1576 1176 in
1591 1148 1674 1176 socie-

92 1192 177 1214 tatem
190 1187 290 1223 recepti
305 1185 400 1218 ess‘ent,
421 1186 592 1226 Tarquiniae,
614 1188 847 1224 quemadmodum
862 1187 990 1225 Dionysius
1007 1187 1110 1219 scribit,
1131 1195 1161 1214 ut
1175 1188 1201 1214 id
1218 1186 1304 1213 foedus
1326 1185 1520 1222 sempiternum
1536 1195 1674 1218 maneret,

92 1223 230 1259 proposuit
251 1224 386 1259 defignare
405 1233 553 1251 commune
575 1223 667 1251 fanum
687 1229 875 1253 Romanorum,
903 1223 1055 1251 Latinorum
1072 1245 1080 1255 ,
1109 1224 1295 1254 Hernicorum,
1332 1224 1466 1256 Vogicorum
1491 1233 1586 1251 eorum
1608 1226 1675 1252 dun-

92 1267 179 1293 taxat,
199 1261 244 1298 qui
257 1261 284 1288 in
299 1261 453 1289 societatem
467 1262 567 1297 recepti
580 1270 654 1290 erant
669 1282 676 1293 ‚
703 1271 756 1298 quo
770 1262 802 1289 ad
819 1270 968 1290 mercatum
983 1262 1173 1289 convenientes
1187 1261 1327 1297 quotannis
1347 1269 1398 1287 una
1420 1261 1588 1296 epularentur
1603 1261 1675 1289 frue-

92 1307 237 1336 renturque
257 1298 332 1326 sacris
351 1299 548 1327 communibus.
589 1302 704 1327 Gratum
720 1301 747 1327 id
763 1300 814 1327 fuit
827 1299 951 1327 omnibus
967 1311 972 1327 :
1000 1300 1073 1327 locus
1086 1299 1231 1326 conventui
1245 1299 1402 1335 praestitutus
1422 1299 1457 1325 est
1473 1300 1500 1326 in
1523 1299 1674 1327 meditullio

94 1336 181 1365 ferme
202 1337 295 1365 harum
317 1338 439 1373 gentium
455 1356 462 1367 ‚
491 1346 570 1364 mons
591 1338 657 1364 altus
679 1338 786 1364 Albanis
801 1338 961 1369 imminens,
980 1337 1025 1364 ubi
1040 1336 1145 1374 lingulis
1165 1337 1239 1363 annis
1262 1335 1333 1363 t'criae
1354 1336 1563 1368 celebrarentur,
1592 1339 1619 1365 δε
1639 1347 1672 1365 eo

93 1376 222 1412 temporis
242 1374 325 1412 spatio
339 1396 346 1406 ,
366 1383 476 1412 propter
489 1374 542 1401 loci
564 1374 723 1412 religionem
738 1395 745 1406 ‚
772 1375 915 1412 legemque
936 1377 969 1403 dc
988 1375 1041 1402 hoc
1061 1375 1156 1405 latam,
1185 1374 1216 1401 ab
1231 1375 1309 1400 omni
1323 1374 1349 1400 vi
1364 1381 1544 1411 temperarent
1558 1384 1671 1407 omnes,

91 1411 214 1451 sacraque
230 1414 414 1442 communiter
428 1410 602 1448 JoriLatiali
622 1413 752 1444 facerent,
774 1415 800 1441 ὃ(
815 1421 937 1441 vacarent
951 1413 1049 1450 epulis,
1069 1412 1213 1439 constituto
1227 1412 1299 1447 prius
1313 1419 1443 1449 quantum
1458 1412 1567 1450 quisque
1586 1422 1671 1450 popu-

89 1451 128 1479 lus
143 1452 169 1480 in
183 1461 213 1479 ea
228 1453 297 1480 sacra
311 1451 427 1488 praebcre
440 1471 447 1482 ,
475 1458 637 1489 quantamve
657 1452 813 1489 portionem
832 1451 950 1489 recipere
970 1451 1080 1482 debeat,
1101 1452 1152 1479 &a
1191 1452 1256 1478 Haec
1270 1447 1408 1487 Dionyfius.
1448 1452 1491 1478 De
1505 1450 1576 1478 feriis
1597 1452 1671 1479 Lati-

89 1491 130 1518 nis
150 1490 207 1526 post
225 1491 354 1518 dicemus.
1047 1504 1049 1506 ¹

128 1531 170 1566 Ju
180 1538 194 1554 P
204 1538 211 1555 ι
222 1539 239 1556 ἰ-
248 1538 261 1555 r
270 1539 286 1557 R
315 1530 330 1556 S
341 1539 377 1556 ro
387 1539 405 1557 N
415 1539 427 1556 s
437 1540 453 1556 ο
466 1539 481 1556 n
500 1530 583 1556 etiam
602 1528 616 1557 ὲ
636 1527 775 1568 Tarquinio
789 1528 895 1564 Superbo
914 1528 1079 1557 consecratus
1093 1548 1100 1560 ,
1127 1527 1315 1564 templumque
1329 1527 1352 1554 ei
1369 1528 1510 1555 conditum
1525 1527 1576 1558 est,
1596 1527 1669 1564 quod

89 1568 179 1602 postea
192 1569 232 1600 Sp.
245 1565 400 1604 I’osthumius
414 1567 505 1601 Εση]ἱιί
510 1577 580 1595 anno
595 1577 711 1595 ccxxcvx
722 1579 729 1595 i
739 1578 760 1596 1.
779 1557 919 1596 dediczsvit.
959 1567 1001 1595 Sic
1013 1568 1086 1595 enim
1101 1563 1230 1605 Dioqyfius
1245 1566 1313 1593 libro
1322 1577 1347 1600 9.
1366 1566 1393 1593 in
1410 1564 1482 1592 Urbe
1495 1566 1581 1592 aedem
1589 1564 1670 1601 Joni:

89 1603 162 1631 Fidei
175 1605 294 1639 Sponso'rir
316 1604 371 1638 (fic
386 1608 467 1639 Lupus
480 1606 575 1637 vertit,
594 1605 737 1637 Gelenius,
758 1605 879 1643 Diifllii,
901 1614 967 1643 puto
981 1615 1037 1633 non
1059 1601 1155 1639 νεξΐὲ)
1181 1608 1222 1638 Sp.
1239 1602 1395 1641 Posthumius
1415 1604 1505 1637 Conficl
1524 1602 1590 1630 alter
1610 1604 1670 1631 No-

89 1642 130 1669 nis
143 1642 243 1679 Juniis,
264 1643 409 1674 dedicavit,
429 1643 456 1670 in
470 1642 532 1671 luco
546 1644 648 1670 Bellonae
660 1664 668 1675 ,
694 1644 810 1672 locatam
825 1644 857 1671 ab
870 1644 968 1672 ultimo
983 1645 1092 1681 Regum
1107 1641 1248 1680 Tarquinio
1260 1663 1267 1673 ,
1289 1651 1344 1669 non
1365 1649 1456 1669 tamen
1471 1641 1502 1668 ab
1516 1641 1562 1668 illo
1576 1641 1669 1669 conie-

87 1688 204 1711 cratam‚
224 1679 267 1708 sed
281 1690 339 1709 tum
355 1681 467 1708 demum
482 1691 513 1708 ex
530 1683 555 1708 S.
569 1682 600 1709 C.
620 1682 646 1709 id
661 1681 724 1709 fecit
744 1681 899 1718 Pofi'humius
918 1689 947 1709 ut
960 1682 1067 1709 testatur
1083 1680 1138 1716 ejus
1154 1680 1215 1707 cedis
1236 1679 1382 1716 inscriptio.
1420 1682 1484 1707 Haec
1502 1678 1553 1706 ille.
1586 1678 1670 1706 Lilius

88 1718 212 1754 Gjraldus
220 1726 294 1755 putat
308 1719 435 1747 eumdem
450 1718 522 1748 hunc
536 1719 586 1747 esse
603 1729 665 1747 cum
673 1724 722 1747 Dlo
736 1720 822 1752 fidia,
843 1720 876 1747 de
887 1729 941 1757 quo
956 1719 1025 1747 alibi.
1046 1719 1202 1746 Collocatur
1215 1718 1270 1746 haec
1284 1719 1350 1746 aedes
1365 1717 1379 1745 a
1395 1721 1426 1744 P.
1441 1718 1536 1745 Vic‘iore
1550 1717 1577 1744 in
1585 1725 1635 1744 vn
1645 1728 1666 1745 1.

88 1755 169 1783 Urbis
187 1758 305 1795 regione.

127 1796 169 1832 JU
178 1806 191 1822 ι»
202 1805 208 1822 1
219 1806 235 1822 T
246 1806 259 1823 e
268 1806 285 1823 R
311 1797 324 1823 Ι
333 1806 353 1823 Μ
362 1806 376 1823 P
386 1804 400 1823 Ε
410 1807 423 1823 R
435 1806 451 1823 A
461 1806 477 1823 τ
486 1807 503 1824 o
512 1808 528 1824 n
548 1796 580 1823 ab
599 1795 742 1830 imperando
752 1817 759 1829 ,
778 1797 850 1833 quod
866 1795 992 1824 omnibus
1006 1796 1136 1832 imperet,
1158 1794 1244 1823 dietus
1258 1806 1263 1823 z
1290 1794 1304 1822 a
1326 1793 1488 1822 Praenestinis
1509 1793 1592 1821 cultus
1612 1795 1664 1827 est,

88 1832 162 1868 cujus
176 1832 362 1861 simulachrum
383 1838 412 1861 T.
426 1833 549 1872 Quintius
568 1835 696 1861 Praeneste
710 1835 737 1861 in
752 1835 919 1863 deditionem
933 1842 1057 1871 accepto,
1079 1836 1199 1861 Romam
1215 1833 1357 1860 devectum
1372 1833 1400 1859 in
1415 1831 1579 1868 Capitolium
1594 1832 1666 1865 tulit,

89 1869 270 1909 dedicavitque
284 1873 354 1900 inter
368 1872 461 1900 cellam
471 1872 568 1909 Jovis,
584 1871 738 1900 &Minerva
751 1872 839 1900 tabula
851 1873 895 1900 sub
911 1882 944 1900 eo
959 1873 1024 1902 fixa,
1044 1881 1100 1909 quoe
1115 1871 1178 1898 effer
1191 1878 1401 1898 monumentum
1414 1879 1505 1897 rerum
1521 1869 1665 1906 gestarum.

91 1907 197 1937 Tabulae
210 1909 344 1947 inscriptio
356 1910 410 1938 haec
424 1910 479 1938 fere
493 1918 548 1938 erat
562 1922 568 1938 :
589 1908 697 1946 Jupiter
708 1918 786 1949 alque
796 1910 859 1938 Divi
874 1921 955 1938 omnes
968 1911 1009 1936 hoc
1023 1911 1159 1941 dederunt,
1179 1917 1207 1934 m
1217 1914 1290 1936 Titus
1303 1907 1439 1945 Qun-[isus
1448 1907 1568 1935 Differor
1578 1908 1665 1943 oppida

89 1955 177 1973 novem
190 1956 295 1981 caperet,
316 1949 376 1981 &a
395 1948 485 1977 Livius
500 1951 527 1976 in
542 1949 658 1977 Historia
670 1950 741 1976 Anni
761 1959 908 1978 cccixxvi.
947 1947 1088 1983 onuphrius
1110 1948 1194 1975 aedesn
1217 1957 1324 1984 quoque
1344 1947 1367 1973 ei
1382 1947 1409 1973 in
1424 1945 1558 1982 Capitolio
1572 1955 1660 1974 extru-

91 1983 164 2010 ‹stam
185 1984 257 2013 fuisse
275 1994 349 2022 putat
369 1997 432 2015 cum
454 1988 606 2025 fragmenta
619 1987 659 2014 illa
673 1987 700 2013 in
721 1987 811 2014 tabulis
834 1986 991 2023 Capitolinis
1012 1988 1034 2014 A
1044 1996 1082 2013 ετ
1095 1996 1109 2012 υ
1121 1995 1131 2011 s
1160 1996 1174 2012 r,
1183 1996 1193 2011 s
1203 1996 1219 2011 τ
1247 1996 1259 2012 L
1270 1995 1286 2012 r
1315 1986 1348 2011 T.
1376 1986 1401 2011 D
1411 1994 1424 2012 ε
1434 1995 1452 2011 D
1462 1995 1468 2011 1
1478 1994 1492 2011 c
1501 1993 1517 2010 Α
1526 1993 1559 2010 vi
1570 1994 1587 2011 r
1596 2004 1603 2015 ‚
1626 1984 1661 2013 fic

88 2020 200 2058 legenda
213 2023 350 2052 arbitratur
363 2037 368 2052 :
410 2027 508 2054 AEdem
522 2025 578 2057 Jovi
592 2025 750 2058 Imperatori,
771 2025 817 2062 qui
832 2025 959 2052 Praeneste
974 2026 1094 2051 Rom-,am
1109 2023 1181 2050 actus
1196 2023 1232 2049 est
1246 2024 1272 2050 in
1288 2022 1423 2058 Capitolio
1438 2033 1443 2048 ·.
1469 2023 1504 2048 T.
1519 2022 1661 2058 Qine‘tius

89 2061 124 2086 T.
146 2061 164 2086 F
175 2071 181 2088 1
191 2072 214 2089 L.
233 2065 265 2088 N.
279 2061 442 2091 Cincinnatus
461 2065 530 2100 Impv
544 2062 684 2090 dedicavit.
711 2063 771 2089 Fuit
785 2065 811 2091 ὅς
827 2063 888 2090 alibi
901 2063 1005 2100 Jupiter
1019 2062 1070 2089 hoc
1084 2062 1196 2088 nomine
1210 2061 1308 2092 cultus,
1331 2059 1424 2088 verum
1437 2059 1464 2088 id
1478 2059 1530 2087 huc
1538 2069 1593 2087 non
1600 2069 1660 2097 per-

88 2097 170 2130 tinet,
191 2099 223 2126 de
237 2108 289 2136 quo
302 2099 385 2127 Cicero
404 2103 432 2129 in
447 2105 472 2129 6.
487 2102 609 2130 Verrina.

128 2138 208 2173 JUP1
218 2148 234 2165 T
245 2147 283 2164 ER
309 2138 328 2163 P
338 2148 345 2165 1
355 2149 440 2168 sroxt
460 2139 474 2167 2¹1
487 2139 605 2174 pinsendo
620 2138 721 2170 ἀίέὶιιε,
743 2136 872 2175 cujus'ara
887 2139 913 2166 in
928 2137 1065 2175 Capholio
1080 2136 1143 2168 fuit,
1165 2136 1197 2163 dc
1211 2146 1264 2174 quo
1278 2137 1312 2165 iic
1325 2134 1488 2164 Laffamius:
1515 2136 1578 2173 Qo
1590 2142 1660 2164 tem-

86 2182 153 2211 pore
166 2176 235 2203 Galli
248 2175 411 2210 Capitolium
424 2177 591 2208 effindebant,
611 2173 668 2209 Jori
682 2175 772 2212 Pistori
783 2187 827 2204 ara
839 2177 923 2213 pofita
936 2177 985 2203 fuit
994 2196 1000 2206 ,
1021 2176 1094 2212 quod
1108 2176 1248 2202 Romanoz
1268 2177 1340 2203 Deus
1356 2176 1383 2201 in
1398 2175 1486 2211 quiete
1501 2174 1660 2207 monuiffct,

86 2220 116 2240 ut
131 2223 162 2241 cx
177 2215 253 2241 omni
266 2212 414 2242 frumento.
435 2216 507 2252 quod
521 2214 661 2245 haberent,
682 2223 779 2250 panem
793 2214 924 2246 facerent,
945 2217 969 2242 ὅ(
985 2215 1010 2241 in
1025 2213 1138 2240 hostium
1155 2213 1234 2240 castra
1246 2213 1389 2249 jactarent,
1410 2222 1495 2250 chue
1510 2211 1596 2244 fasffffl,
1618 2214 1658 2239 fl>-

85 2249 140 2279 luta
153 2252 189 2278 est
202 2251 318 2281 obsidio,
340 2252 532 2288 desperantibus
545 2253 643 2284 Gallis,
663 2253 752 2289 inopia
765 2252 848 2290 fiibigi
861 2254 934 2289 poffe
948 2254 1095 2279 Romanos.
1136 2251 1319 2279 Meminerunt
1332 2251 1409 2287 hujus
1430 2251 1541 2278 historiae
1554 2250 1658 2281 Livius,

87 2289 239 2322 frontinm,
260 2291 286 2317 ἃ
299 2289 349 2316 alii.
390 2291 459 2317 Vide
471 2293 552 2318 etiam
567 2291 739 2318 Plutarchum.

153 2337 285 2355 orirer.
312 2330 335 2353 V
347 2338 352 2355 ι
366 2338 458 2356 eron
483 2329 688 2366 cognominatus
713 2329 783 2366 quod
810 2329 902 2356 omnia
921 2327 1021 2355 vincere
1039 2335 1183 2364 putaretur.
1228 2328 1300 2355 Huic
1321 2327 1407 2355 aedem
1426 2328 1501 2354 vovit
1526 2330 1556 2353 L.
1578 2330 1658 2360 Pasy-

85 2364 140 2392 rius
163 2366 251 2401 Cuistr
276 2364 346 2392 bello
366 2367 512 2394 Samnitico
532 2386 540 2397 ,
573 2373 603 2394 ut
624 2364 713 2393 Livius
740 2367 837 2395 eodem
862 2367 930 2394 libro
948 2366 1036 2393 docet.
1074 2365 1187 2404 Qintus
1205 2365 1298 2392 Fabius
1316 2365 1385 2393 bello
1404 2375 1467 2392 cum
1495 2364 1658 2391 Samnitibus

85 2405 113 2441 δε
127 2403 223 2437 Gallis,
245 2406 272 2435 ὅς
285 2404 431 2444 construxit
443 2405 533 2443 postea
546 2405 573 2434 in
586 2412 680 2435 monte
694 2405 828 2439 Palatino,
848 2405 912 2433 teste
925 2403 1013 2438 Livio,
1034 2406 1061 2435 ὃς
1076 2407 1106 2435 1¹.
1121 2403 1224 2435 Vidiore.
1243 2405 1314 2434 Huic
1327 2405 1388 2433 Deo
1399 2404 1488 2442 gom,
1508 2403 1527 2429 fi
1541 2401 1659 2469 {egiloncs

354 2444 357 2445 ⁷
415 2443 417 2445 ⁷
612 2458 625 2473 ς
767 2444 770 2445 ⁷
902 2444 930 2472 O
1034 2444 1039 2445 ⁷
1055 2444 1061 2445 ⁷
1216 2443 1219 2444 ⁷
1552 2444 1588 2469 lOl
1601 2449 1660 2469 lum
