2075 2734
15 1714 154 1754 Ageana)
170 1722 253 1773 ζῐιιτόῑζ
258 1708 334 1752 Vll&
347 1726 388 1758 94(

426 105 481 138 684
720 99 1160 129 AnertJr-rA‘rUM
1203 93 1733 133 ROMANARU'‚N1L¹B·IX·

422 150 530 180 cortibus
544 169 550 181 ,
571 146 706 176 listoribus
722 168 729 178 ,
750 146 857 182 aliisque
872 145 1066 183 apparitoribus
1080 145 1252 173 affistentibus
1265 166 1273 179 ,
1294 146 1321 173 id
1339 146 1410 182 quod
1425 155 1456 173 ex
1472 143 1597 172 ciceronis
1610 146 1732 174 Ol'atiOUe
1747 155 1796 183 pro
1811 147 1952 182 Cluentio,
1973 153 2000 181 &

421 189 538 225 ejusdem
555 188 637 214 Bruto
658 186 693 212 est
710 185 890 212 manifestum.
932 185 1066 212 Caetcrum
1085 184 1191 222 quaestio
1204 205 1211 216 ‚
1233 183 1320 211 eversa
1341 183 1472 220 republica
1488 204 1494 215 ‚
1516 192 1623 211 merum
1645 183 1792 220 imperium
1813 187 1848 214 est
1862 189 1996 224 appellata.

423 230 488 254 Sunt
503 226 575 253 enim
591 225 639 251 tria
653 221 846 260 magistratuum
866 221 972 256 imperia
987 222 1116 250 celebrata
1129 243 1136 254 ‚
1156 232 1257 249 merum
1271 242 1278 253 ,
1299 232 1346 248 non
1359 232 1470 252 merum,
1493 220 1533 253 ζῇ
1549 220 1660 256 mtstum.
1700 227 1802 250 Merum
1816 224 1865 253 fuit
1879 229 2000 264 cognitio

421 271 510 293 rerum
531 262 680 298 capitalium
697 282 703 291 .
725 271 772 287 non
787 271 885 287 merum
899 261 1062 296 privatarum
1078 282 1084 292 ,
1106 261 1177 297 quod
1195 261 1302 296 proprie
1318 259 1461 294 jurrsdieiio
1477 260 1512 286 est
1529 259 1674 295 appellata:
1702 260 1802 296 mistum
1818 271 2000 302 utrarumque.

422 303 525 330 Iudicat
540 301 594 334 Ut'p.
604 298 640 338 ff.
656 300 687 325 de
694 297 874 332 jur-{Minima
894 299 1044 333 Imperium
1059 305 1103 326 aut
1119 307 1225 325 merum
1241 298 1292 329 est,
1312 304 1356 325 aut
1366 298 1484 327 mistum.
1503 302 1604 324 Merum
1618 296 1803 334 esttmpemum,
1822 300 1909 328 hahere
1915 303 2000 340 gladii

423 341 580 377 potestatem
595 339 626 364 ad
640 336 910 364 animadvertendum
925 338 952 364 in
963 336 1123 365 facinorosos
1135 335 1267 363 homines.
1288 334 1394 370 Mtstum
1408 336 1608 372 estimperium,
1630 336 1671 363 cui
1685 337 1764 363 etiam
1773 339 1913 372 jursstlrcno
1925 342 2000 372 inest,

423 379 495 415 quod
510 378 536 404 in
551 375 635 403 danda
650 374 786 401 bonorum
799 375 955 410 poffessione
969 375 1092 402 confistit.
1130 373 1285 411 Jurifiiictio
1301 374 1336 401 est
1349 374 1430 401 etiam
1443 374 1545 408 judices
1559 374 1638 401 dandi
1650 373 1771 406 licentia,
1791 376 1815 403 id
1831 376 1880 407 est,
1901 384 1999 406 merum

422 414 555 450 imperium
570 420 676 439 continet
689 413 819 446 caufizrum
832 412 977 448 capitalium
991 413 1152 450 cognitionem
1167 424 1175 438 :
1203 411 1304 448 mistum
1323 422 1371 438 non
1385 411 1468 446 sblum
1486 410 1647 447 cognitionem
1663 422 1748 440 rerum
1767 412 1913 448 capitalrum
1928 435 1935 444 ,
1953 417 2004 450 de

423 452 502 480 etiam
509 449 710 486 jurisdictionem
722 470 729 479 .
753 451 780 478 id
793 451 829 477 est
845 472 854 483 ,
878 453 1042 486 privatarum
1057 452 1241 488 cognitionem
1264 460 1321 487 quae
1334 459 1395 477 curn
1410 450 1500 477 multis
1514 449 1568 476 aliis
1587 451 1614 477 in
1630 450 1707 477 rebus
1722 451 1839 479 versetur
1852 472 1860 483 ,
1882 459 1941 480 tum
1957 454 2000 482 vei

424 491 545 519 maxime
560 489 586 516 in
600 489 685 516 danda
699 488 833 516 bonorum
848 489 1019 525 POffCfflone,
1040 492 1066 518 ἃ
1081 489 1278 524 dandojudicio
1293 487 1375 525 polita
1391 488 1427 514 est
1441 507 1448 518 ‚
1469 495 1498 515 ut
1511 487 1585 523 lupra
1599 488 1771 517 ostendimus.
1812 491 1845 517 Et
1859 491 1955 518 Paulus
1969 490 1998 522 ff,

425 529 459 556 de
473 528 564 555 officio
579 527 650 562 ejus,
671 527 712 557 cui
728 528 852 554 mandata
867 527 902 553 est
913 526 1073 563 jurisdiCtio·¹
1097 524 1401 560 Mandatajurijdtctione
1414 525 1496 552 etiam
1510 526 1667 561 imperium,
1683 528 1753 562 quod
1767 537 1821 555 non
1835 528 1871 555 est
1882 538 2002 562 merum,

423 567 529 594 videtur
545 565 675 592 mandari.
706 564 812 591 Gladius
827 573 916 592 autem
927 586 934 596 ‚
955 566 988 592 de
1002 575 1056 602 quo
1072 566 1173 592 dietum
1190 566 1225 592 est
1236 585 1243 596 ‚
1264 562 1356 603 irfigne
1371 564 1468 600 opinor
1482 562 1532 591 fuit
1544 562 1704 600 magistratus
1717 565 1853 602 publicum
1870 566 2002 602 judicium

425 604 586 635 exercentis,
606 603 671 630 ficut
684 602 715 628 lm
737 613 754 629 a
764 602 875 637 prataria
888 603 994 633 urbani.
1014 605 1149 640 privatum
1163 603 1296 639 judicium
1311 602 1466 629 exercentis.

466 643 594 669 Praeterea
606 650 672 668 vero
686 639 753 668 hanc
767 642 939 678 quaestionem
953 641 1005 669 five
1021 642 1071 669 hoc
1085 652 1184 668 merum
1195 639 1328 675 imperium
1337 660 1344 672 ‚
1372 639 1505 676 publicive
1517 638 1609 675 judicii
1620 640 1804 676 cognitionem
1817 662 1826 673 ,
1847 650 1890 671 aut
1904 644 2001 672 exerci,

426 679 531 709 tionem
549 679 670 706 mandari
687 678 762 706 alteri
775 689 830 706 non
845 680 972 715 potuisse,
993 679 1052 708 satis
1066 680 1167 707 constat
1184 699 1191 710 ‚
1209 679 1257 706 nisi
1271 677 1376 706 fortasse
1391 679 1484 706 eadem
1498 677 1540 705 lex
1555 698 1561 709 ‚
1584 685 1641 714 quae
1657 678 1690 704 de
1705 679 1845 714 quaestione
1859 688 1914 708 erat
1930 681 1980 710 lata
1993 702 2003 714 ,

426 719 598 755 quaestionem
613 716 686 744 illam
707 717 852 745 transmitti
866 717 965 745 licuisse
977 717 1126 746 sanciverit.
1165 715 1320 751 Papinianus
1331 715 1367 756 ff.
1385 717 1416 743 de
1429 716 1504 751 afficto
1518 717 1570 750 ejus
1584 736 1592 747 ‚
1612 713 1653 741 cui
1664 715 1787 743 mandata
1805 715 2002 752 estJurifilmioz

427 758 601 793 Qaecunque
613 753 761 791 specialiter,
768 755 839 793 lege,
860 756 901 783 vel
916 755 1139 784 senatusconsulto
1151 755 1303 784 tribuuntur
1317 756 1441 783 mandata
1451 753 1637 791 jurisdictione
1650 763 1707 780 non
1721 754 1929 787 transferuntur,
1948 758 2005 785 &c..
2037 765 2040 769 ·

427 795 499 823 Vide
514 794 613 822 locum.
634 795 723 829 Atque
735 793 789 820 haec
803 794 912 829 quidem
927 794 960 821 de
973 793 1146 833 quaesitoribus.

465 833 591 867 Exceptis
604 839 694 858 autem
707 831 848 864 pretonbas
860 852 868 865 ‚
890 840 956 867 quos
970 834 1090 859 iummos
1104 828 1241 871 quaefitores
1258 830 1332 858 fnisse
1351 830 1468 858 diximus
1481 851 1488 861 ‚
1509 836 1583 857 erant
1602 830 1685 856 etiam
1699 828 1797 864 judices
1810 831 2004 867 quaestionumss

427 871 473 906 qui
488 870 520 897 ab
534 868 632 903 Astonio
642 868 759 902 principes
771 867 930 907 quaestmnum
945 870 1083 901 dicuntur,
1104 874 1130 898 ἂ
1142 869 1256 897 distincti
1269 875 1341 895 erant
1356 867 1370 894 {t
1376 867 1534 901 putoribus,
1555 865 1718 905 quaefitortlms
1730 888 1737 899 ‚
1760 869 1785 895 &
1799 868 1831 895 ab
1844 869 1899 896 aliis
1908 870 2006 906 judici-

427 907 477 934 bus
490 928 497 939 ‚
519 909 544 935 ὃ(
561 906 716 935 creabantur
728 916 760 934 ex
774 907 969 943 magistratibus
984 929 992 939 ,
1015 909 1152 944 postquam
1168 907 1247 933 addes
1262 906 1374 933 fuili'ent.
1416 906 1516 933 Eorum
1531 906 1652 932 officium
1668 912 1723 932 erat
1737 926 1744 936 ,
1764 905 1852 933 datam
1866 908 2004 936 aetionem

429 954 566 977 exercere,
585 944 686 980 judices
700 943 804 975 sortiri,
828 945 906 971 testes
918 946 1008 972 audire
1020 966 1027 977 ‚
1049 946 1202 982 quaestiones
1217 944 1311 971 habere
1325 965 1332 973 .
1353 943 1452 972 tabulas
1471 942 1599 979 inspicere
1611 953 1616 969 ;
1630 951 1743 976 pratores
1757 950 1848 970 autem
1866 945 2003 974 adtionem

426 983 539 1014 dabant,
560 990 604 1010 aut
624 981 771 1018 negabant3
784 982 887 1018 judices
900 983 1032 1019 cogebant
1052 987 1078 1012 &c
1096 982 1274 1010 dimittebant.
1296 984 1360 1008 Sunt
1374 989 1466 1008 tamen
1481 982 1525 1018 qui
1540 982 1682 1018 opinentur
1693 1002 1699 1013 ‚
1721 981 1840 1016 judicem
1857 984 2011 1019 quaestionis

429 1022 545 1048 eundem
560 1030 622 1047 eum
635 1028 747 1056 praetore
761 1019 845 1047 fuiffe:
869 1019 911 1047 alii
929 1030 1007 1050 vero,
1026 1031 1090 1048 eum
1101 1030 1157 1048 non
1170 1019 1254 1047 solnm
1270 1029 1324 1046 non
1339 1026 1483 1054 praetorem
1497 1018 1591 1052 fuisse,
1610 1018 1654 1046 sed
1670 1017 1812 1046 hominem
1826 1021 1941 1052 omnino
1953 1022 2007 1058 pri.

427 1066 519 1086 vatum
530 1079 536 1088 .
558 1067 669 1094 quarum
685 1058 846 1093 opinionum
860 1057 1052 1086 refutationem
1064 1058 1143 1086 habet
1156 1057 1282 1095 Sigonius.
1332 1088 1334 1090 r
1604 1091 1607 1094 Ι

469 1095 579 1123 Restant
594 1095 773 1132 cognoscendi
778 1096 876 1130 judzces
891 1116 897 1126 ‚
920 1097 965 1132 qui
979 1096 992 1123 a
1002 1096 1145 1131 ,aratoribus
1157 1116 1166 1128 ,
1184 1093 1350 1134 quafitoribus
1363 1115 1370 1126 ‚
1393 1097 1419 1123 δε
1429 1092 1559 1130 judicibus
1574 1093 1748 1130 quaestionum
1762 1095 1877 1122 distincti
1890 1095 2008 1127 fuerunt.

428 1132 537 1170 Judices
549 1143 614 1160 vero
631 1134 695 1160 dieti
708 1133 784 1164 sunt,
807 1134 850 1169 qui
865 1143 897 1162 ex
911 1133 969 1171 lege
983 1135 1015 1162 ad
1027 1134 1201 1170 judicandum
1214 1132 1324 1160 adhibiti
1336 1132 1408 1165 sunt,
1429 1141 1599 1170 quorumque
1611 1131 1769 1159 sententiam
1783 1139 1880 1168 praetor
1892 1134 1946 1171 ipse
1956 1146 2009 1173 pro

427 1171 552 1200 tribunali
565 1171 756 1207 pronuntiavit.
783 1174 882 1198 Harum
895 1179 984 1200 autem
1000 1172 1158 1209 legendorum
1173 1171 1285 1208 diligens
1300 1172 1448 1199 admodum
1461 1179 1527 1197 rano
1541 1169 1599 1197 fuit.
1621 1171 1743 1197 Primum
1757 1170 1830 1198 enim
1847 1180 1955 1201 cautum
1969 1175 2006 1202 est

431 1219 463 1238 ex
479 1209 572 1246 quibus
586 1209 723 1237 ordinibus
737 1208 820 1236 essent
835 1209 954 1246 legendi,
976 1210 1072 1238 deinde
1086 1220 1140 1247 quo
1157 1219 1272 1237 numero
1287 1210 1314 1237 in
1326 1209 1440 1246 singulos
1454 1218 1537 1236 annos
1550 1229 1557 1240 ,
1579 1208 1641 1235 inde
1653 1217 1704 1244 qua
1718 1208 1872 1236 conditione
1883 1230 1891 1241 ,
1913 1213 1940 1239 &
1955 1221 2009 1248 qua

428 1254 514 1275 aetate.
535 1252 575 1274 De
591 1246 719 1274 ordinibus
734 1246 752 1273 fi
766 1248 922 1283 quaerimus,
943 1249 1062 1283 primum
1077 1248 1139 1276 lecti
1154 1248 1260 1276 fuerunt
1274 1258 1306 1273 ex
1319 1247 1407 1274 ordme
1414 1245 1557 1282 ftnatorio,
1578 1246 1702 1282 antiquo,
1722 1255 1752 1273 ac
1766 1247 1856 1282 Regio
1868 1244 2013 1282 instituto‚'

429 1285 527 1313 deinde
538 1295 570 1312 ex
585 1285 698 1321 equestri
708 1304 716 1317 ,
735 1284 787 1321 lege
798 1285 944 1319 Sempronia
959 1287 991 1313 C.
1003 1286 1135 1317 Gracchi,
1155 1294 1214 1314 tum
1228 1296 1260 1314 ex
1271 1294 1399 1322 utroque,
1419 1285 1472 1323 lege
1487 1282 1744 1318 Semliassapionis:
1765 1285 1861 1312 deinde
1877 1295 1910 1313 ex
1927 1296 2008 1323 eque.

430 1323 489 1355 stri,
506 1323 558 1360 lege
570 1322 680 1350 Serwlm
694 1321 812 1354 Glaucm,
833 1324 930 1351 deinde
944 1325 1042 1353 iterum
1060 1334 1091 1352 ex
1105 1323 1237 1352 senatorio
1249 1331 1369 1356 tantum,
1390 1323 1440 1361 lege
1452 1322 1526 1351 Livia
1541 1321 1632 1360 Drusi,
1653 1329 1712 1349 tum
1727 1331 1758 1349 ex
1774 1322 1857 1350 tribus
1869 1324 2006 1353 ordinibus

429 1360 535 1393 senatu,
558 1361 671 1397 equestri
691 1361 801 1391 ordine,
820 1361 912 1397 plebe,
931 1362 982 1399 lege
1001 1362 1105 1390 Plautia
1118 1360 1218 1389 Silvani
1233 1383 1241 1394 ‚
1261 1369 1320 1389 turn
1340 1362 1372 1389 ad
1387 1361 1519 1390 senatores
1538 1359 1605 1387 solos
1623 1369 1664 1387 res
1679 1360 1867 1398 traducitalege
1881 1363 2010 1392 Cornelia

429 1399 517 1435 Syllae:
539 1399 601 1426 inde
617 1399 648 1426 ad
664 1406 717 1426 tres
731 1399 853 1426 ordines.
865 1401 999 1434 senatum,
1019 1400 1129 1438 equites,
1148 1399 1259 1427 tribuno:
1271 1401 1388 1431 marim,
1409 1399 1437 1427 hi
1451 1400 1523 1427 enim
1535 1406 1609 1425 erant
1622 1397 1637 1425 ὲ
1651 1397 1744 1434 plebe,
1762 1398 1814 1435 lege
1826 1399 1936 1427 Aurelia
1949 1405 2010 1429 Cot-

431 1445 474 1466 um
493 1437 631 1473 postremo
645 1436 751 1463 redaeta
764 1437 796 1463 ad
809 1436 941 1464 senatores
957 1440 982 1465 ὃς
997 1440 1098 1474 equites
1111 1438 1163 1474 lege
1175 1437 1257 1473 Julia
1273 1438 1382 1472 Caefirrt's.

473 1476 611 1502 Numerus
625 1482 715 1502 autem
734 1483 828 1500 eorum
844 1474 856 1501 a
870 1474 970 1511 legibus
984 1476 1042 1510 ipsis
1060 1475 1274 1510 praescribebatur
1288 1496 1294 1506 ,
1316 1483 1360 1507 aut
1380 1473 1394 1502 ὲ
1413 1475 1464 1511 lege
1477 1473 1586 1502 Servilia
1600 1471 1705 1501 Glaucia
1716 1492 1724 1503 ,
1744 1474 2003 1511 quadringentorum
2025 1470 2034 1478 ⁴

428 1512 628 1549 quinquaginta.
647 1513 740 1547 ltaque
754 1521 808 1538 non
823 1512 894 1538 idem
910 1512 1016 1548 semper
1029 1512 1087 1540 fuit.
1114 1514 1206 1540 AEtatis
1219 1514 1284 1539 item
1300 1522 1355 1540 non
1372 1513 1463 1539 eadem
1478 1512 1509 1539 ab
1523 1511 1647 1538 omnibus
1662 1510 1749 1538 habita
1760 1511 1810 1539 fuit
1825 1514 1902 1540 ratio.
1929 1515 2010 1542 Nam.

428 1550 481 1587 Iege
493 1548 601 1575 Servtlia
613 1548 720 1575 Glaucrae
737 1556 844 1576 cautum
861 1549 895 1576 est
908 1570 915 1580 ,
937 1559 970 1577 ne
984 1551 1074 1577 minor
1095 1551 1169 1577 aunis
1189 1550 1298 1586 triginta
1311 1571 1318 1581 ,
1339 1550 1427 1586 major
1440 1549 1572 1587 sexaginta
1584 1550 1723 1586 legeretur.
1762 1550 1833 1577 Cum
1847 1558 1936 1578 autem
1949 1552 2009 1580 aliis

428 1586 531 1624 legibus
545 1586 774 1623 trigintaquinque
786 1585 930 1622 praescriPti
942 1586 1037 1618 efflent,
1060 1589 1189 1624 Augustus
1203 1589 1235 1615 ad
1251 1589 1359 1625 triginta
1374 1589 1492 1624 redegit,
1513 1587 1577 1614 teste
1590 1587 1716 1613 Suetonio.
1736 1587 1773 1613 Ea
1785 1596 1849 1614 vero
1863 1588 1944 1617 lestio
1956 1599 2005 1626 per

429 1632 574 1661 praetorem
589 1624 719 1651 urbanum
733 1645 742 1656 ‚
763 1632 807 1652 aut
821 1626 992 1662 peregrinum
1006 1626 1123 1661 juratum
1141 1625 1320 1653 celebrabatur
1331 1646 1338 1658 ,
1358 1634 1438 1662 prout
1453 1626 1511 1662 lege
1524 1624 1654 1652 sancitum
1666 1624 1751 1653 fuerat
1763 1645 1772 1658 ,
1791 1625 1863 1662 iique
1868 1626 1955 1661 selecti
1959 1630 2006 1662 ju-

431 1661 495 1690 dices
508 1661 639 1698 appellati.
659 1662 728 1689 Vide
738 1661 817 1699 legem
829 1663 972 1690 Corneliam
986 1665 1011 1691 ὃ(
1023 1663 1159 1691 &nuliam
1173 1663 1289 1690 Glaucia.

471 1700 622 1735 Qotannis
635 1707 724 1727 autem
739 1699 821 1726 lectos
835 1701 933 1728 indicat
945 1699 1027 1728 Cicero
1042 1702 1069 1728 in
1083 1705 1211 1729 Verrem:
1233 1703 1315 1728 Nunc
1327 1701 1447 1736 jndicem
1461 1711 1493 1729 ex
1507 1700 1754 1738 Kalend.Januariis
1768 1710 1823 1729 non
1836 1701 2000 1733 habebimus

431 1742 540 1764 Munera
554 1747 618 1764 vero
625 1738 743 1772 juduum
757 1737 864 1765 fuerunt
876 1759 882 1769 ‚
905 1747 933 1766 ut
952 1740 979 1766 in
993 1740 1081 1777 legem
1102 1740 1234 1778 jurarent,
1257 1739 1329 1767 citati
1351 1739 1363 1766 ὰ
1378 1748 1489 1776 praetore
1505 1739 1636 1774 judicium
1657 1746 1798 1766 exercente
1811 1740 1927 1769 adeffent
1939 1762 1948 1773 ‚
1977 1744 2009 1771 in

432 1775 570 1805 subselliis,
592 1784 649 1811 quae
662 1775 778 1811 lubjee‘ta
791 1775 912 1803 tribunali
927 1785 999 1805 erant
1014 1798 1020 1808 ,
1041 1774 1073 1804 Ex
1088 1777 1146 1815 lege
1160 1777 1301 1810 sederent,
1321 1787 1356 1805 ne
1369 1779 1438 1806 inter
1453 1777 1479 1804 se
1503 1776 1665 1813 disputarent
1679 1797 1686 1808 ‚
1706 1776 1842 1813 postremo
1853 1778 1935 1814 jurati
1948 1779 2004 1809 sen-

435 1814 527 1846 tentias
542 1813 650 1841 ferrent.
671 1816 735 1842 Haee
748 1814 829 1841 etiam
844 1814 1023 1849 dejudushus,
1044 1815 1159 1853 sequitur
1173 1819 1206 1843 de
1220 1815 1334 1843 actione.

1090 1903 1114 1930 C
1140 1911 1157 1930 Α
1184 1914 1207 1931 1‘.
1252 1903 1344 1931 XIX.

518 1970 572 2003 Dc
587 1970 767 2004 exercitione
783 1971 928 2011 amonis,
945 1973 1010 2018 five
1025 1971 1208 2015 restituenda
1222 1971 1355 2013 afflone,
1382 1971 1416 2004 in
1429 1976 1482 2018 jus
1499 1973 1673 2014 vocatione,
1693 1971 1911 2022 postulatione,

811 2023 944 2055 nominis
961 2021 1114 2055 delatione
1132 2045 1142 2065 ,
1170 2020 1291 2056 citando
1309 2020 1477 2065 accusatore
1501 2029 1548 2056 (ν’
1564 2034 1623 2057 reo.

434 2101 634 2161 Criminibus
648 2124 655 2134 ‚
675 2104 859 2139 quaestionibus
872 2108 898 2134 ὃς
914 2107 1045 2142 judicibus
1058 2108 1172 2145 cognitis
1184 2129 1192 2139 ,
1214 2107 1339 2143 deinceps
1353 2106 1384 2133 de
1395 2105 1546 2134 exercitione
1558 2105 1693 2145 quastione
1705 2128 1713 2140 ,
1735 2107 1787 2135 five
1801 2109 1834 2136 de
1848 2109 2004 2139 institu'tnda

513 2142 630 2182 cretione,
649 2149 728 2177 atque
740 2150 797 2169 tota
810 2144 877 2178 apud
892 2152 1034 2180 praetorem
1048 2147 1144 2183 agendi
1158 2147 1261 2173 ratione
1275 2145 1451 2173 ciissercndum
1467 2145 1510 2172 est.
1531 2146 1608 2172 Ordo
1616 2155 1680 2173 vero
1694 2147 1790 2183 agendi
1804 2148 1862 2176 talis
1874 2148 1936 2176 fuit:
1950 2150 2004 2177 Pri-

434 2182 508 2217 vatus
521 2180 667 2220 cwig—qui
675 2181 769 2214 privati
782 2190 883 2208 nomen
898 2182 1002 2210 desei-re
1017 2185 1043 2211 in
1057 2186 1149 2211 animo
1164 2182 1269 2214 habuit,
1289 2192 1351 2211 eum
1365 2182 1441 2217 injus
1454 2183 1566 2214 vocat-it,
1588 2185 1614 2211 ὅ(
1628 2191 1771 2220 Ρΐὲΐῒοϊθῐῐὶ
1787 2186 1816 2213 in·
1827 2185 1888 2214 foro
1901 2187 2002 2221 adiens,

432 2222 477 2249 qui
491 2214 524 2241 de
537 2224 649 2255 crimine
661 2217 706 2255 illo
721 2217 912 2254 cognoscebat,
934 2222 1005 2257 quod
1020 2222 1073 2258 ipre
1088 2222 1192 2250 deferre
1206 2220 1326 2252 volebat,
1347 2221 1452 2248 dicendi
1465 2221 1594 2257 potestate
1607 2229 1727 2258 accepta,
1748 2224 1902 2259 postulavit,
1917 2233 1945 2252 ut
1957 2224 2008 2252 fibi

431 2259 532 2279 nomen
547 2262 603 2288 ejus
617 2253 720 2280 deterre
736 2255 825 2283 liceret
840 2267 844 2282 z
865 2267 916 2293 qna
931 2268 959 2285 re
973 2261 1088 2297 impetra
1101 2270 1116 2288 a
1129 2281 1136 2292 ,
1157 2270 1245 2286 nomen
1257 2258 1357 2286 detulit.
1397 2260 1520 2286 Nomine
1532 2267 1642 2295 recepto
1658 2280 1665 2292 ,
1687 2269 1766 2297 atque
1781 2264 1792 2288 a
1809 2261 1897 2290 scribis
1909 2283 1917 2294 ‚
1934 2261 2002 2298 juffu

430 2291 569 2330 praetoris,⁴
590 2292 616 2330 in
632 2290 732 2318 tabulas
747 2294 828 2320 relato
843 2314 848 2324 ,
870 2296 910 2322 ille
924 2306 980 2323 reus
997 2299 1033 2324 est
1047 2298 1141 2326 dietus.
1178 2299 1218 2325 Ita
1232 2298 1352 2333 primum
1366 2297 1494 2335 praeceffit
1510 2296 1538 2326 in
1549 2299 1596 2334 jus
1614 2298 1728 2332 vocatio,
1750 2299 1848 2329 deinde
1857 2298 2001 2338 postulatio,

429 2333 487 2355 tum
501 2337 608 2357 nomtms
621 2328 729 2360 delam,
750 2331 783 2358 ad
796 2339 948 2361 extremum
966 2334 1029 2364 inde
1042 2335 1131 2365 stcuta
1142 2336 1178 2364 est
1190 2335 1317 2371 acccfimo.

1974 2397 2010 2422 In
