2075 2734
349 103 402 129 Dr
422 99 612 127 AEnxmnus
639 98 857 126 Coruinus
885 107 1037 133 nunnus,
1061 101 1113 129 &c-
1153 99 1302 138 CAr125.
1576 108 1634 147 513‘

55 157 239 198 publicorum,
259 159 286 182 at
305 161 338 179 ue
351 160 463 179 annonae
476 158 568 178 curam
582 147 725 174 habituros.
766 148 831 182 Quo
844 157 891 184 per
903 148 1022 177 senatum
1039 150 1162 178 concesso
1177 171 1184 183 ‚
1204 159 1360 182 creaverunt
1375 149 1383 185 ζ
1403 160 1469 190 quos
1483 159 1541 183 tum
1556 155 1637 183 mini·

55 199 121 226 stros
134 192 240 229 &socios
255 191 289 219 tri
305 200 425 220 unorum,
447 191 472 217 ὃ(
478 187 577 222 judtces
588 184 762 221 appellabant.
785 186 867 213 Nunc
882 196 947 214 vero
961 187 993 214 ab
1006 188 1162 216 officiorum
1178 199 1232 217 nno
1243 189 1320 217 addes
1335 199 1432 219 vocant
1445 212 1453 223 ,
1476 194 1635 227 potestatem

55 235 181 263 habentes
194 230 300 259 alterius
315 228 480 265 magistratus
497 224 658 265 ministram,
678 229 709 250 ut
722 231 807 251 antea.
847 226 950 264 Curant
971 234 1061 253 autem
1078 226 1173 254 multas
1192 236 1300 264 magnas
1314 239 1368 260 res,
1389 229 1502 266 suntque
1518 232 1636 259 maxima

52 282 87 301 ex
100 279 175 308 parte
189 271 346 297 Graecorum
359 272 513 303 agoranomu
525 260 636 295 similes,
646 263 697 290 δῖε.
718 261 852 302 Ηαᾷεῐιυς
868 264 968 299 Dmnyfi
986 264 1070 291 Primi
1083 263 1162 292 ediles
1171 264 1247 299 plebia
1262 268 1343 295 creati
1357 267 1464 295 fuerunt
1476 268 1585 296 comitiis
1593 279 1634 296 cu-

48 309 144 342 simis,
164 309 243 344 idque
257 304 424 334 observatum
440 300 520 338 usque
534 299 566 327 ad
579 299 657 337 legem
672 299 794 327 Voleronu
809 300 898 329 latam.
919 302 978 329 Post
991 301 1063 330 illam
1079 312 1143 330 vero
1156 302 1245 341 legem
1258 304 1362 333 tribum
1373 305 1477 333 comitiis
1492 308 1574 334 creari
1589 316 1635 335 eos

56 348 164 379 solitos,
185 344 354 374 consentiunt
370 340 506 377 scriptores
520 338 575 366 fere
589 347 695 365 omnes.

93 384 182 422 Officia
195 383 302 411 eddium
308 378 387 415 plebis
399 377 506 405 fuerunt
519 397 527 408 ,
548 375 588 403 uti
602 385 634 404 ex
648 372 762 412 Dionysio
774 376 925 405 audivimus
938 397 945 408 ,
966 380 992 406 &
1009 378 1052 405 alii
1065 380 1147 407 etiam
1162 380 1303 416 scriptores
1321 383 1485 412 confirmant
1499 404 1506 416 ‚
1525 382 1633 411 tribunis

48 423 126 460 plebis
139 423 300 451 ministrare,
320 420 347 446 &
359 416 393 444 de
407 415 508 443 levibus
522 413 679 457 quibusdam
693 414 785 457 causis,
805 417 832 443 &
846 414 935 443 litibus
949 415 1067 451 ipsorum
1082 418 1343 453 permissujudicare:
1367 421 1413 453 iis,
1429 422 1475 458 qui
1485 422 1542 459 plus
1550 431 1631 459 quam

52 463 114 500 lege
127 461 266 490 definitum
281 462 335 485 erat
350 475 357 487 ‚
377 455 434 491 agri
446 453 610 489 possiderent
624 474 632 486 ,
651 453 723 480 d1em
739 453 829 480 dicere
842 464 848 480 ε
868 461 1005 481 matronas
1018 455 1109 490 probri
1128 455 1248 483 accusare
1263 477 1269 487 ‚
1298 457 1472 487 foeneratores
1492 463 1634 493 coercere,

53 502 179 539 popinas,
200 501 226 527 ὃ(
240 501 349 534 ganeata
362 491 472 521 obsonia
485 491 604 519 inhibere
618 512 624 523 ,
645 492 673 519 in
688 490 757 518 facta
771 491 893 528 dictaque
907 491 1023 519 incivilia
1038 512 1045 523 ,
1066 500 1145 529 atque
1165 494 1288 529 improba
1301 497 1513 525 animadvertere
1527 519 1534 530 ‚
1554 506 1635 536 atque

54 539 185 566 muletam
195 536 322 563 indicere:
342 540 372 560 ut
379 530 597 567 aedificiapublica
604 531 758 566 privataque
767 530 873 561 fierent,
893 538 922 558 ut
930 529 1024 558 cloacae
1032 530 1156 567 publicae,
1176 532 1355 567 aquaeduQus‚
1377 538 1402 563 &
1412 543 1502 564 caetera
1509 537 1632 568 aedificia,

53 576 136 608 lauta,
147 574 258 604 munda,
271 574 389 610 integra,
401 572 427 599 δε
436 569 559 605 expedita
570 569 758 596 aliervarentur
766 589 774 599 ‚
788 577 892 596 curare:
908 569 998 606 iniqua
1005 569 1124 605 pondera
1130 570 1279 605 corrigere,
1289 571 1421 600 mensuras
1437 575 1554 602 minores
1562 574 1635 602 fran-

52 624 131 652 gere,
140 615 166 641 &
175 611 318 641 mulctare,
327 613 360 638 de
367 609 427 636 aleae
436 607 530 635 lusibus
547 607 724 644 cognoscere,
738 606 889 634 convehere
902 606 1071 635 frumentum
1081 628 1087 639 ,
1103 611 1128 637 &
1140 607 1244 635 oleum:
1262 617 1294 634 ne
1308 609 1377 636 Urbs
1390 613 1498 646 penuria
1507 622 1631 645 annonae,

52 661 97 680 aut
105 648 365 679 caritatelaboraret:
380 654 463 683 utque
470 654 651 676 commeatus,
667 652 777 681 quaeque
785 645 854 671 bello
862 644 917 672 usui
927 645 1029 677 forent,
1046 647 1074 673 in
1088 647 1168 674 castra
1182 645 1364 678 deferrentur,
1380 648 1496 684 ipsorum
1513 651 1632 678 muneris

51 697 107 718 erat
115 700 119 716 ς
125 687 249 723 plebiscita
257 695 285 714 ut
294 688 321 714 in
329 687 383 713 aede
391 685 495 712 Cereris
508 683 708 713 asservarentur,
715 683 747 709 ad
755 682 872 719 ipsorum
882 692 974 711 curam
983 683 1123 719 spectabat.
1144 685 1234 722 Qare
1242 684 1388 718 Pomponius
1397 687 1593 722 jurisconsultus
1605 688 1632 715 ff.

47 727 131 757 titulo
144 727 177 754 de
190 725 283 763 origine
289 724 359 759 juris
373 744 380 755 ‚
401 722 491 750 scribit
505 742 513 752 ,
533 731 578 749 eos
593 721 628 749 ob
642 719 710 748 hanc
723 720 826 748 causam
843 722 1011 757 potissimum
1025 729 1128 750 creatos
1143 721 1227 749 fuiss'e.
1248 723 1338 750 Postea
1351 724 1432 752 etiam
1440 725 1633 760 setmtufionsul-

52 774 137 794 torum
153 773 215 792 cura
231 785 237 796 ,
258 772 292 790 ne
303 771 352 799 pro
365 760 513 789 Consulum
527 759 637 787 arbitrio
651 759 880 794 supprimerentur
895 780 901 791 ‚
924 759 983 795 ipsis
998 760 1033 787 est
1046 760 1207 788 demandata
1222 781 1229 791 ,
1251 769 1308 796 quae
1321 769 1413 790 tamen
1430 763 1460 790 ad
1477 771 1631 791 extremum

51 802 206 843 quaestotibus
218 801 336 832 urbanis,
357 807 386 827 ut
401 800 427 826 in
441 799 559 826 aerarium
573 804 780 833 reponerentur,
801 797 859 825 sunt
874 797 1023 825 commissa.
1048 799 1080 825 ln
1094 805 1198 826 tantum
1215 799 1297 825 etiam
1309 800 1418 828 honoris
1435 800 1542 829 culmen
1557 800 1633 828 adili-

50 851 92 870 ιω
108 842 144 868 est
156 839 283 878 proveeta
297 860 303 871 ,
324 837 506 874 utaliquando
520 835 594 863 Urbe
610 835 680 870 peste
692 834 829 864 laborante
841 856 848 867 ‚
870 836 991 871 majestas
1005 836 1147 871 Conficlarr's
1161 857 1169 869 ,
1191 838 1423 874 quemadmodum
1444 838 1532 865 Livius
1549 839 1592 866 lib.
1610 849 1635 875 3.

54 879 146 911 habet,
166 879 197 906 ad
206 877 288 905 aea'iles
297 875 374 911 plebis
387 875 525 903 deciderit.
565 876 643 913 Hane
657 882 720 900 vero
736 882 831 901 eorum
846 874 1004 910 potestatem
1022 873 1036 901 ὲ
1051 873 1161 902 Claudio
1174 874 1215 908 ἐς
1228 878 1326 904 Nerone
1338 876 1529 914 Imperatoribas
1543 879 1633 914 Augu.

53 919 111 951 stis,
133 917 282 955 plurimum
295 914 408 944 accisam
421 912 511 945 fuisse,
533 910 665 939 cornetum
676 910 792 945 Tacitus,
812 911 853 945 ἐς·
869 916 1001 942 Suetonius
1012 913 1138 950 produnt.
1629 909 1636 914 ”

708 990 733 1017 C
760 1001 776 1018 A
805 1001 830 1019 P.
869 993 895 1020 X
904 993 931 1021 X
940 996 975 1021 V.

299 1060 350 1096 De
365 1058 499 1096 aeolilibus
514 1056 667 1094 curulibus
681 1056 795 1094 duobus
812 1085 822 1103 ‚
850 1067 897 1095 (φ’
910 1057 1044 1094 aedilibus
1057 1059 1221 1094 cerealibus
1238 1059 1361 1095 duabu

111 1144 138 1172 lii
151 1148 225 1171 erant
237 1140 331 1173 ediles,
353 1141 397 1178 qui
409 1140 504 1168 curules
519 1140 730 1177 appellabantur,
752 1140 766 1169 ὲ
780 1139 838 1169 sella
852 1138 937 1170 curuli
952 1163 959 1174 ‚
980 1150 1031 1178 qua
1045 1141 1084 1169 uti
1098 1140 1226 1169 solebant.
1254 1140 1404 1168 Plutarchus
1418 1140 1446 1168 in
1464 1140 1565 1171 Mario,
1586 1148 1632 1167 eos

127 1184 238 1216 majores
252 1180 331 1207 addes
343 1179 466 1215 appellat.
505 1179 670 1212 Creabantur
683 1188 772 1208 autem
788 1189 820 1208 ex
828 1179 944 1213 patriciis
958 1202 964 1211 ,
984 1189 1040 1207 non
1053 1189 1086 1207 cx
1098 1179 1217 1217 plebejis.
1257 1179 1436 1217 Qrentibus
1450 1186 1540 1206 autem
1555 1178 1588 1205 de
1603 1185 1634 1204 ea

50 1219 148 1254 injuria
161 1217 269 1246 tribunis
283 1217 363 1251 plebis
376 1237 383 1246 .
403 1217 528 1245 convenit
547 1219 617 1245 inter
638 1217 745 1245 eosdem
763 1219 915 1251 &senatum
927 1239 935 1250 ‚
955 1226 984 1246 ut
998 1217 1103 1246 alternis
1117 1219 1190 1245 annis
1202 1227 1234 1245 ex
1248 1218 1324 1254 plebe
1341 1217 1448 1245 fierent:
1469 1217 1556 1253 postea
1570 1224 1633 1251 pro-

50 1257 182 1285 miscuum
200 1256 259 1283 fuit.
281 1256 382 1287 Eorum
397 1256 489 1291 origo,
510 1261 540 1282 ut
553 1253 641 1282 Livius
655 1255 733 1283 lib.6.
747 1263 872 1283 extremo
884 1255 978 1289 habet,
998 1255 1054 1284 haec
1069 1256 1133 1285 fuit:
1154 1256 1225 1283 Cum
1242 1256 1386 1283 concordia
1399 1256 1470 1283 inter
1481 1254 1576 1288 plebem
1587 1252 1631 1284 ἐς·

44 1303 132 1329 patres
143 1295 220 1324 inita,
241 1293 344 1321 senatus
358 1293 433 1320 ludos
447 1294 474 1320 in
488 1293 545 1326 ejus
559 1291 692 1320 honorem
706 1294 874 1324 decrevisset,
896 1296 922 1323 ὃς
936 1293 1099 1328 adilesplebis
1110 1293 1136 1321 se
1148 1303 1194 1321 eos
1207 1293 1324 1321 faeturos
1336 1292 1506 1324 recusassent,
1527 1290 1632 1319 concla-

52 1340 161 1361 marunt
171 1329 399 1366 parriciijuvenes,
419 1330 444 1358 se
460 1331 485 1358 id
501 1330 611 1358 honoris
625 1331 714 1358 Deum
728 1331 925 1360 immortalium
943 1331 1017 1360 causa
1031 1332 1146 1360 libenter
1158 1332 1277 1362 aomos,
1300 1339 1328 1359 ut
1343 1331 1421 1358 aediles
1433 1331 1535 1358 fierent.
1563 1330 1631 1365 Qi-

50 1370 97 1398 bus
111 1380 173 1398 cum
189 1371 221 1398 ab
235 1369 360 1397 universis
374 1370 465 1405 gratiae
476 1369 539 1396 2&ae
552 1369 647 1401 essent,
669 1370 770 1397 fafitum
776 1370 1030 1405 ftnatuftonfhltum,
1046 1377 1075 1398 ut
1089 1371 1156 1398 duos
1170 1371 1241 1397 viros
1255 1370 1333 1396 addes
1344 1379 1377 1397 ex
1390 1369 1507 1406 patribus
1515 1367 1632 1395 Diffator

47 1408 179 1446 populum
194 1415 308 1445 rogaret.
330 1408 413 1435 Primi
427 1407 509 1444 igitur
522 1406 601 1433 adoles
614 1407 709 1434 curules
721 1409 803 1435 creati
818 1406 876 1435 sunt
890 1417 961 1435 anno
975 1408 1056 1435 Urbis
1074 1408 1188 1436 conditae
1200 1417 1331 1436 cccxxcv1
1341 1417 1363 1436 i.
1383 1411 1430 1433 Cn.
1443 1405 1567 1444 ,Qintius
1580 1409 1632 1432 Ca-

43 1446 165 1481 pitolinus
175 1468 182 1479 ,
203 1445 244 1478 Cy‘
261 1447 290 1472 P.
303 1449 379 1475 Corn,
392 1445 481 1479 Saluo,
503 1444 643 1474 L.Sextio‚
663 1449 694 1472 L.
706 1445 803 1472 AEmtlto
815 1449 942 1472 Mamerco
957 1445 1123 1473 Consulibus.
1142 1444 1232 1472 Livius
1247 1445 1323 1481 lib.7.
1338 1445 1426 1474 initio.
1446 1448 1553 1472 Horum
1570 1453 1631 1471 mu-

47 1494 97 1513 nus
112 1485 163 1513 fuit
177 1485 252 1512 ludos
265 1481 349 1510 sacros
364 1485 391 1511 ὃς
401 1482 522 1510 solennes
535 1483 685 1515 instituere,
706 1492 736 1510 ac
750 1492 901 1519 procurare.
923 1486 1061 1511 Sacrarum
1076 1484 1172 1511 aedium
1182 1503 1189 1514 ‚
1211 1486 1238 1511 ὃ(
1251 1484 1414 1519 privatarum
1429 1491 1519 1509 curam
1528 1490 1631 1517 gerere.

79 1523 133 1551 uod
145 1530 203 1550 tum
220 1532 251 1549 ex
267 1522 314 1553 iis,
333 1530 390 1558 qua:
405 1521 475 1548 dieta
489 1519 562 1552 sunt,
585 1529 644 1549 tum
657 1531 689 1549 ex
703 1521 741 1548 his
758 1519 884 1548 Ciceronis
898 1522 985 1549 verbis
1000 1523 1113 1549 Aetione
1127 1531 1151 1557 7.
1164 1522 1191 1548 in
1202 1524 1302 1547 Verrem
1316 1519 1480 1556 intelligitur.
1503 1520 1545 1546 Sic
1554 1519 1628 1546 enim

48 1561 152 1589 scribit:
174 1562 254 1588 Nunc
270 1559 327 1586 sum
349 1559 495 1596 designatus
510 1557 586 1585 addis
598 1578 605 1588 ‚
626 1558 711 1587 habeo
727 1560 858 1588 rationem
874 1580 882 1591 ,
905 1560 968 1596 quid
989 1558 1002 1587 ὲ
1016 1559 1118 1596 populo
1134 1561 1262 1586 Romano
1275 1559 1423 1595 acceperim
1441 1577 1448 1587 ,
1469 1556 1537 1584 mihi
1554 1556 1631 1584 ludos

50 1597 224 1626 findfiffimos
235 1598 353 1628 maxima
367 1607 429 1624 cum
446 1605 508 1624 cura
523 1598 550 1624 &
569 1599 723 1625 ceremonia
739 1602 838 1628 Geren,
861 1594 951 1625 Libero
964 1617 971 1627 ,
994 1597 1135 1636 Liberaeque
1147 1597 1300 1625 faciendos:
1323 1595 1390 1623 mihi
1406 1595 1505 1622 Floram
1519 1602 1630 1622 matrem

48 1634 166 1672 populo,
185 1635 307 1671 plebique
317 1636 446 1661 Romanae
462 1634 586 1661 ludorum
600 1634 751 1663 celebritate
764 1636 920 1671 placandam
932 1646 936 1662 :
959 1635 1025 1663 mihi
1036 1636 1113 1663 ludos
1125 1635 1335 1671 antiquissimos,
1356 1636 1401 1671 qui
1413 1634 1494 1669 primi
1510 1633 1630 1660 Romani

49 1673 109 1702 sunt
124 1674 270 1704 nominati,
292 1673 410 1700 maxima
423 1681 486 1700 cum
501 1671 642 1708 dignitate,
663 1682 693 1700 ac
706 1673 835 1710 religione
852 1672 935 1709 Jori,
955 1672 1075 1709 meni‚
1094 1678 1265 1712 Mineruaque
1277 1672 1328 1700 esse
1341 1672 1489 1699 faciundos:
1510 1670 1576 1697 mihi
1590 1669 1627 1697 sa-

49 1721 155 1740 crarum
170 1712 267 1739 aedium
282 1711 498 1747 procurationem
511 1727 518 1739 ,
539 1709 606 1736 mihi
621 1718 707 1738 totam
723 1712 826 1738 Urbem
842 1712 970 1739 tuendam
986 1711 1037 1739 effe
1052 1711 1233 1740 commissam.
1253 1711 1296 1737 Ob
1305 1720 1395 1738 earum
1406 1718 1495 1736 rerum
1505 1707 1628 1737 laborem.

49 1749 288 1778 &sollicitudinem
306 1748 406 1775 fructus
420 1747 476 1774 illos
488 1748 576 1777 datos,
599 1749 777 1786 antiquiorem
792 1749 820 1776 in
825 1750 919 1783 ftnntu
932 1749 1067 1777 sententiae
1078 1750 1195 1778 dicendae
1210 1746 1225 1781 ,⁷
1237 1749 1326 1776 locum
1341 1769 1347 1779 ‚
1368 1756 1451 1785 togam
1458 1755 1626 1780 praetextam,

41 1787 132 1823 sellam
145 1787 270 1817 curulem,
291 1787 329 1815 ius
339 1784 459 1822 imagims
471 1785 675 1813 admemoriam
690 1788 926 1825 posteritatemque
933 1788 1110 1824 prodendam.
1130 1791 1195 1816 Haec
1202 1788 1294 1815 Cicero.
1316 1787 1354 1814 Ex
1363 1786 1455 1822 quibus
1463 1786 1542 1812 etiam
1553 1806 1559 1816 ‚
1569 1794 1627 1821 quae

49 1825 158 1863 insignia
168 1825 303 1852 honorum
316 1823 426 1849 adtlxbus
438 1823 558 1850 conceffi
570 1823 685 1856 fuerint,
706 1825 885 1862 cognoscitur.
905 1828 1038 1854 Caeterum
1053 1826 1110 1854 illos
1123 1826 1200 1854 ludos
1212 1824 1320 1863 quisque
1333 1825 1410 1851 adam
1423 1823 1464 1850 sua
1473 1823 1590 1859 impensa
1599 1825 1626 1851 a:

49 1863 196 1899 sumptibus
209 1872 258 1899 pro
273 1862 357 1888 modo
371 1860 537 1897 patrimonii,
558 1870 588 1888 ac
597 1862 733 1899 dignitatis
749 1863 799 1891 suae
813 1863 984 1892 celebrandos
997 1864 1173 1901 procurabat,
1194 1871 1224 1891 ut
1239 1873 1270 1891 ex
1284 1862 1334 1890 alio
1342 1862 1466 1889 Ciceronis
1478 1861 1539 1888 loco
1552 1861 1625 1890 lib.2.

49 1902 213 1930 Officiorum
227 1906 313 1936 patet,
333 1899 378 1927 ubi
392 1900 473 1927 etiam
489 1899 583 1930 docet,
605 1901 740 1928 vitandam
754 1902 804 1929 effe
817 1901 993 1938 suspicionem
1008 1904 1133 1929 avaritiae.
1167 1901 1248 1929 Multi
1260 1901 1349 1932 enim,
1371 1908 1400 1927 ut
1412 1900 1537 1927 ludorum
1553 1899 1625 1927 sum-

49 1948 128 1977 ptum
145 1940 271 1968 vitarent,
291 1938 437 1964 adtlsrmem
450 1947 505 1964 non
520 1937 654 1973 petebant.
676 1943 819 1971 Mamerco,
840 1941 942 1977 inquit,
958 1939 1064 1967 homini
1081 1939 1213 1967 ditissimo
1225 1939 1408 1974 praetermissio
1422 1936 1548 1965 aeditimis
1560 1942 1625 1965 Con-

41 1978 142 2013 fiez'atus
156 1975 285 2012 repulsam
299 1974 398 2003 attulit:
421 1975 541 2006 &addit‚
562 1979 716 2008 Muraenum,
737 1978 782 2014 qui
795 1977 869 2004 odilis
882 1987 936 2005 non
945 1977 1044 2009 fuerat,
1064 1985 1204 2012 propterca
1217 1976 1292 2003 ludos
1306 1976 1333 2002 in
1344 1983 1455 2010 praetura
1471 1975 1572 2009 fecisse,
1592 1983 1624 2005 ut

48 2016 62 2044 ἐι
78 2016 104 2042 se
118 2013 292 2050 suspicionem
308 2013 421 2040 avaritiae
439 2021 608 2044 removeret,
631 2015 657 2041 &
671 2013 819 2050 sibipopuli
833 2016 952 2042 Romani
966 2014 1196 2045 benevolentiam,
1217 2023 1247 2041 ac
1260 2014 1375 2041 studium
1391 2013 1552 2042 conciliaret.
1580 2015 1625 2042 Est.

49 2054 136 2083 &hoc
149 2051 333 2079 observatione
342 2051 466 2087 dignum,
486 2052 559 2088 quod
573 2050 666 2078 Lucius
673 2051 790 2087 Joannes
802 2055 890 2086 Scoppa
902 2054 929 2080 in
938 2051 1113 2079 Colleetaneis
1125 2060 1249 2083 annotat,
1269 2051 1356 2088 legem
1368 2054 1463 2079 Romae
1475 2052 1555 2081 latam
1566 2052 1626 2081 fuis-

49 2092 89 2123 se,
109 2101 142 2119 ne
150 2091 207 2127 quis
218 2091 406 2117 Romanorum
418 2089 480 2125 quid
494 2089 632 2119 scriberet,
652 2089 700 2116 nisi
712 2091 781 2126 prius
796 2090 829 2117 ad
842 2090 922 2117 addes
936 2090 1031 2116 curules
1047 2090 1189 2118 accefflffet
1202 2111 1208 2120 .
1230 2092 1257 2118 δε
1271 2089 1400 2118 firihendi
1417 2091 1522 2118 veniam
1536 2092 1625 2127 impe-

49 2130 151 2160 nasset,
173 2137 236 2156 cum
252 2127 289 2154 illi
303 2128 372 2163 prius
386 2126 521 2162 scriptoris
542 2128 608 2155 vires
627 2128 823 2164 perpendissent
837 2149 844 2160 ,
866 2131 891 2156 8<
906 2127 1051 2156 secundum
1073 2129 1173 2165 ingenii
1191 2128 1364 2163 capacitatem
1379 2149 1386 2160 ‚
1407 2138 1438 2156 ac
1454 2129 1622 2163 doetrinam,

50 2167 232 2204 componendi
247 2165 404 2202 potestatem
420 2165 557 2193 dedissent.
589 2166 671 2201 Qod
685 2167 719 2194 de
725 2166 821 2202 fabulis
826 2165 929 2200 scenicis
941 2165 1143 2203 intelligendum
1159 2167 1223 2195 effe,
1245 2175 1277 2193 ex
1293 2167 1418 2194 omnibus
1431 2166 1488 2194 fere
1505 2168 1622 2197 Tere-moi

50 2207 225 2234 comaedwum
237 2201 452 2238 inscriptionibus
469 2203 557 2240 colligi
570 2204 664 2240 potest.
686 2205 735 2232 Eas
747 2205 820 2232 enim
836 2204 913 2231 addes
927 2204 1066 2236 emebant,
1089 2206 1115 2233 ὃς
1126 2212 1155 2232 ut
1170 2203 1274 2240 publice
1287 2212 1440 2241 agerentur,
1460 2205 1598 2235 curabant.

90 2246 152 2272 Erat
167 2242 247 2270 etiam
262 2241 371 2280 adtltuno
382 2241 505 2267 ειινιιίιιινη
518 2241 640 2269 officium
654 2263 660 2274 ,
682 2253 772 2271 curare
785 2264 792 2275 ‚
812 2251 842 2271 ut
861 2243 954 2278 templa
968 2262 974 2271 ‚
994 2242 1094 2269 theatra
1108 2263 1116 2275 ,
1128 2241 1217 2278 stadia
1229 2264 1236 2273 ‚
1250 2242 1311 2278 sora
1323 2263 1330 2274 ,
1344 2243 1455 2277 porticus
1469 2265 1475 2274 ,
1495 2244 1568 2272 curia
1581 2244 1622 2277 ἐᾷ’

49 2280 148 2318 bafilicae
166 2302 172 2313 ,
198 2290 276 2320 atque
289 2288 382 2306 moema
395 2298 401 2309 ,
424 2279 571 2320 magnificis
590 2279 713 2315 operibus
732 2281 918 2313 reficerentur,
940 2282 966 2308 ὅ(
980 2288 1146 2308 ornarentur.
1186 2281 1236 2308 Sed
1251 2290 1306 2308 non
1320 2282 1439 2309 contenti
1451 2282 1491 2310 his
1507 2284 1623 2310 muneri-

51 2318 100 2348 bus
113 2341 121 2353 ,
146 2320 227 2348 etiam
248 2326 359 2346 annonae
373 2337 380 2348 ‚
400 2316 563 2352 aliarumque
582 2326 672 2347 rerum
693 2320 857 2347 curationem
879 2321 905 2347 ὃς
927 2319 1113 2355 cognitionem
1133 2317 1180 2346 fibi
1199 2319 1365 2347 vindicarunt
1379 2339 1386 2351 ,
1407 2322 1434 2349 ὃς
1455 2320 1537 2348 multa
1556 2330 1620 2348 cum

52 2358 159 2387 adtltbus
172 2355 275 2393 plebejis
294 2355 451 2385 communia
470 2353 626 2387 habueruut.
664 2359 800 2387 Omnium
825 2364 916 2386 autem
943 2357 1062 2384 maxime
1087 2357 1120 2386 ad
1138 2367 1184 2386 eos
1207 2355 1359 2395 pertinebat
1373 2378 1382 2393 ,
1416 2359 1500 2389 cautas
1519 2361 1546 2388 ὅ(
1565 2358 1624 2386 lites

994 2396 1056 2424 Ttt
1425 2396 1428 2397 ’
1464 2398 1467 2399 ’
1541 2396 1630 2428 rediri<
