2075 2734
249 134 261 147 τ
337 124 388 153 DE
407 126 528 158 Τοσᾼ,
549 134 591 154 ετ
609 132 694 162 sJus
714 124 1236 154 MULTIPLICI01?FER1!NT1A2
1276 126 1360 156 Car.
1382 137 1426 165 32.
1617 129 1673 168 '40¹

133 176 230 212 Neque
249 184 316 203 vero
329 175 405 210 pueri
417 183 538 208 tantum5
557 177 630 213 iique
647 173 764 212 itgemci,
785 183 880 201 verum
896 174 977 201 etiam
992 174 1085 211 puellae
1097 175 1232 212 ingenuae,
1252 175 1440 205 libertinorum
1455 177 1515 211 filii,
1536 181 1674 218 magistra-

94 221 136 243 tus
155 222 252 242 omnes
265 224 321 242 non
335 215 421 242 modo
436 216 534 243 Romae
543 234 551 246 ‚
570 214 614 242 sed
628 214 656 240 in
669 213 781 241 coloniis
795 212 876 240 etiam
893 213 919 239 St
933 214 1099 248 municipiis:
1118 215 1236 251 magistri
1249 216 1372 243 vicorum
1388 218 1414 244 &
1428 217 1618 255 collegiorum:
1631 221 1675 254 ffi‘

91 251 198 279 cerdotes
210 271 220 283 ,
237 253 366 287 senatores
381 253 506 283 ludorum
522 254 712 288 Romanorum
727 250 838 278 diebus:
859 252 886 278 δι’.
901 249 1024 278 mulieres
1040 252 1118 278 nonis
1133 253 1286 288 Caprotinis
1298 262 1356 290 toga
1371 253 1520 282 utebantur.
1561 258 1603 285 De
1617 259 1678 295 qui-

94 290 142 318 bus
160 291 286 319 omnibus
300 291 452 321 testimonia
463 300 496 319 ex
508 289 680 326 scriptoribus
693 290 807 326 antiquis
819 288 935 325 plurima
949 288 1059 325 collegit
1071 289 1152 316 Aldus
1163 291 1296 318 Manutius
1310 313 1318 324 ‚
1346 292 1416 320 Pauli
1431 294 1460 320 F.
1474 293 1542 322 libro
1556 294 1682 324 secundo-

91 328 125 356 de
141 329 261 365 Qaefitis
277 339 324 366 per
337 329 486 366 epistolam,
507 327 613 366 epistola
625 328 728 364 prima,
748 337 781 356 ex
793 327 886 364 quibus
902 335 951 354 nos
963 335 1018 356 uno
1033 334 1112 363 atque
1125 327 1208 355 altero
1221 330 1343 358 contenti
1356 332 1464 359 erimus.
1480 333 1620 370 Depueris
1626 344 1672 362 an-

93 373 121 394 te
136 367 286 396 testimonia
299 368 458 395 audivimus.
497 368 538 394 De
551 365 646 402 puessis
657 367 778 404 ingenuis
791 365 952 403 praetextatis
965 364 1051 392 cicero
1066 366 1093 393 in
1108 368 1239 394 Verrem:
1260 367 1353 403 En'pies
1361 369 1459 405 pupilla
1471 378 1556 408 togam
1564 380 1671 406 pratex·

92 411 156 432 tam.
176 405 210 433 Et
224 404 464 442 Propertius-libii..

397 446 461 469 Mox
474 441 516 469 ubi
521 443 580 477 jam
585 442 684 479 sinibus
695 441 760 479 ceffit
767 450 890 477 pretextu
904 440 1006 468 maritis
1015 460 1023 470 ι

456 480 546 508 meit
558 481 592 514 &a
606 489 714 515 acceptas
727 481 809 508 altera
820 479 888 508 vitta
901 489 989 507 tomas.

133 520 173 548 Ex
185 529 239 557 quo
251 519 331 547 etiam
345 518 515 555 intelligitur,
535 519 600 547 ficut
614 520 700 555 pueri,
723 521 810 548 donee
825 519 929 546 virilem
943 518 1094 548 sumerent,
1109 524 1232 550 pretextu
1239 518 1394 548 utebantur:
1405 521 1449 549 ,ita
1456 523 1568 558 puellas,
1583 525 1670 554 donec
1697 518 1701 520 l

94 556 234 589 nuberent,
255 558 348 585 eadem
371 557 425 584 usas
441 557 529 588 fuist,
549 559 620 594 quod
637 559 718 586 etiam
731 559 812 586 docet
826 555 909 590 Festus
924 556 964 584 his
977 556 1083 584 verbis:
1101 554 1258 582 Nubenn‘bus
1269 557 1379 595 depofim
1388 569 1528 594 prarexm,
1549 561 1571 589 >z
1581 564 1672 591 multt-

93 594 181 622 tudine
187 605 322 630 puerorum
335 594 438 630 obsta-na
451 595 635 623 clamabantur.

131 634 187 660 Cur
201 633 388 662 libertinorum
410 633 470 661 tiliis
483 634 603 661 concessa
617 642 738 668 praesta
753 633 784 661 fit
796 654 803 665 ,
824 634 935 669 exponit
948 631 1055 659 Mam-ob.
1069 631 1114 659 lib.
1132 642 1153 660 r.
1168 631 1297 659 Saturnal.
1310 642 1366 669 cap.
1382 637 1408 661 6.
1421 636 1559 669 videlicet,
1580 638 1653 676 quod
1664 660 1671 672 ‚

91 668 154 697 cum
174 671 246 700 bello
265 672 381 700 secundo
395 673 498 699 Punico
509 673 542 699 ad
557 672 747 700 lectisternium
761 682 793 700 ex
808 672 872 707 stipe
886 671 979 699 collata
994 670 1147 698 faciendum
1162 690 1169 701 ‚
1189 669 1320 710 libertinae
1336 680 1443 709 quoque
1458 677 1596 709 pecuniam
1610 677 1673 704 sub-

89 708 290 742 ministrafl'ent‚
311 713 337 739 δε
358 711 433 737 aucta
447 709 595 738 obsecratio
608 711 685 742 esset,
699 710 785 746 pluvis
796 711 932 747 ingenuis,
952 710 1072 745 itemque
1084 707 1207 735 libertims
1219 718 1329 736 carmen
1341 713 1586 746 pronuntiantibus,
1608 725 1673 743 con-

91 746 190 775 cesium
211 749 291 777 suerit
300 769 307 781 ,
327 758 356 777 ut
376 749 562 777 libertinorum
584 758 691 786 quoque
705 749 751 777 filii
767 749 812 785 qui
825 758 858 775 ex
871 749 938 784 justa
953 747 1080 775 duntaxat
1094 746 1299 775 matrefamilias
1310 749 1366 775 nati
1380 748 1500 782 fuiss‘ent,
1519 759 1603 788 togam
1611 763 1673 787 pra-

89 791 191 812 textam
207 788 331 815 &lorum
347 788 374 814 in
386 787 457 815 collo
469 796 518 823 pro
532 786 608 814 bulla:
624 787 720 815 decore
733 788 873 825 gestarent.
1234 804 1237 805 ν

136 825 178 851 De
191 834 315 859 pretextu
335 825 527 862 magst›·ntuum
543 827 568 854 &
583 824 750 853 sacerdotum
764 824 851 852 multa
863 831 954 853 extant
966 824 1120 852 testimonia
1133 823 1202 860 apud
1216 821 1358 851 Ciceronem
1370 844 1378 856 ‚
1398 824 1563 853 Plutarchum
1577 848 1584 858 ‚
1604 828 1675 863 Poly-

89 859 173 894 bium,
195 863 364 897 macrobium,
385 867 411 892 ἐκ
424 864 498 891 alios.
520 863 773 895 milet-iusrTribum-zs
786 863 868 900 plebis
881 863 948 899 apud
964 863 1072 890 Livium
1088 861 1132 889 lib.
1141 872 1184 899 34.
1207 863 1324 898 Purpura
1333 863 1381 889 viri
1390 871 1512 896 utemur,
1525 867 1674 900 praetextati

89 899 118 926 in
134 902 326 938 magistratibus
341 923 348 933 ,
369 903 396 929 in
414 902 565 930 sacerdotiis
581 913 586 928 :
608 902 683 930 liberi
698 903 779 930 nostri
793 903 925 938 praetextis
938 909 1054 937 purpura
1067 901 1137 937 togis
1152 907 1270 928 utentur.
1297 899 1491 938 Magistratihus
1503 903 1531 929 in
1546 903 1674 935 coloniis,

91 939 308 976 municipiiiqroe,
329 939 372 968 hic
387 941 483 968 Romae
496 940 592 968 infimo
605 949 705 978 genere
719 941 849 978 magistris
863 940 986 968 vicorum
1001 945 1071 976 tugae
1078 945 1211 974 praetextae
1217 937 1342 965 habendae
1348 940 1391 974 jus
1398 941 1602 975 permittemus:
1624 950 1675 969 nec

90 976 117 1003 id
132 986 161 1005 ut
176 979 230 1005 vivi
242 978 328 1005 solum
342 978 454 1007 habeant
468 987 572 1006 tanturn
585 979 701 1017 infigne‚
721 978 764 1007 sed
776 979 856 1006 etiam
873 986 903 1006 ut
916 987 980 1005 cum
994 987 1026 1005 eo
1041 983 1207 1005 crementur:
1228 975 1350 1004 foeminis
1363 977 1490 1007 duntaxat
1497 978 1542 1006 usu
1550 987 1673 1016 purpurae

90 1014 294 1048 interdicemus,
316 1018 366 1045 &o
409 1019 499 1055 Qare
513 1019 594 1045 etiam
609 1018 678 1054 apud
693 1016 820 1045 Wzlerium
833 1021 909 1044 Μηκ.
922 1015 939 1042 l.
949 1026 974 1052 9.
988 1026 1010 1043 c.
1023 1025 1062 1042 12.
1074 1015 1190 1052 legimus
1202 1035 1209 1046 ,
1230 1015 1303 1051 quod
1317 1023 1431 1049 putores
1445 1016 1564 1054 aliquem
1578 1019 1674 1055 capitis

90 1053 254 1086 damnaturi,
268 1063 418 1089 pratea-ram
429 1056 502 1092 prius
514 1055 700 1092 deposuerint,
721 1066 779 1084 eam
792 1055 898 1083 fortasse
906 1053 941 1081 ob
949 1053 1053 1081 causam
1062 1074 1070 1085 ,
1091 1054 1152 1090 quia
1159 1053 1261 1081 tristem
1271 1052 1430 1081 sententiam
1438 1055 1466 1082 in
1474 1056 1545 1083 veste
1551 1056 1673 1084 laetitiam

87 1090 234 1124 indicante,
254 1093 319 1120 ferri
331 1103 387 1120 non
400 1094 515 1122 deceret.
545 1096 587 1121 De
606 1095 733 1132 magistris
749 1093 926 1131 collegiorum
941 1091 1061 1126 Asconius
1076 1091 1206 1119 Padianus
1219 1091 1247 1118 in
1262 1092 1415 1119 orationem
1430 1093 1459 1120 in
1473 1093 1610 1121 Pisonem:
1632 1095 1674 1121 De

90 1128 253 1158 senatoribus
271 1130 396 1159 ludorum
412 1132 505 1160 diebus
511 1141 664 1167 pretextam
671 1131 816 1170 gerentibus
829 1153 838 1163 ,
859 1131 958 1158 Cicero
974 1140 998 1158 2.
1014 1130 1170 1167 Philippica:
1192 1129 1235 1156 De
1247 1129 1402 1157 mulieribus
1414 1133 1578 1166 praetextatis
1594 1134 1671 1160 nonis

90 1168 244 1205 Caprotinis
258 1172 335 1195 Varro
350 1169 394 1196 lib.
406 1180 431 1206 5.
445 1172 479 1198 de
493 1170 582 1208 lingua
596 1171 690 1198 Latina
702 1172 780 1198 testes
792 1169 861 1197 sunt.
1248 1168 1250 1170 ’
1263 1169 1265 1171 ’

132 1208 156 1233 A
169 1216 312 1242 praetexta,
327 1208 473 1241 pretextati
486 1209 551 1236 dieti
562 1208 637 1240 sunt,
659 1211 684 1236 ὃς
694 1209 772 1245 quiin
780 1216 856 1236 aetate
863 1208 945 1236 essent
953 1212 1120 1244 praetextata,
1140 1205 1168 1233 id
1175 1205 1227 1237 est,
1248 1205 1360 1241 puerili,
1381 1207 1408 1234 ὃ(
1418 1207 1501 1242 quiin
1510 1208 1673 1244 magistratu.

92 1243 243 1280 Qomodo
258 1246 364 1281 Papyrii
379 1246 392 1273 :i
406 1254 532 1283 praetexta
545 1255 699 1283 cognomen
712 1245 846 1273 consecuti
860 1245 925 1277 fint,
945 1246 1078 1281 eleganter
1089 1244 1169 1271 docet
1178 1243 1304 1280 Agellius,
1328 1246 1395 1272 &cx
1403 1245 1501 1271 eodem
1511 1246 1675 1274 Macrobius.

130 1283 250 1309 Candrda
269 1291 329 1319 toga
348 1284 498 1315 dicebatur,
519 1293 570 1321 qua
587 1284 762 1311 induebantur
776 1284 808 1313 ii,
829 1284 876 1320 qui
888 1283 1003 1311 honores
1016 1289 1107 1318 petere
1120 1280 1258 1310 volebant:
1279 1290 1363 1318 eaque
1376 1281 1482 1319 signum
1497 1291 1552 1311 erat
1565 1285 1673 1320 petitio-

90 1319 140 1346 nis.
166 1320 307 1348 Mam-abiu:
328 1321 396 1349 libro
413 1333 434 1349 1.
451 1323 619 1350 Saturnalior.
633 1330 689 1357 cap.
707 1324 744 1348 16⁴
771 1325 828 1348 Mos
841 1321 892 1349 suit
898 1320 1061 1356 petitoribus,
1082 1327 1112 1346 ut
1127 1319 1233 1355 sumpta
1246 1319 1359 1347 candida
1368 1327 1432 1356 toga
1446 1321 1573 1348 nundinis
1586 1323 1614 1349 in
1628 1331 1673 1350 co-

92 1358 200 1386 mitium
217 1360 351 1391 venirent,
374 1362 400 1388 ἃ
415 1361 442 1387 in
456 1359 524 1387 colle
538 1360 719 1390 confiderent,
740 1359 811 1387 unde
826 1369 917 1386 coram
933 1359 1037 1396 possent
1049 1357 1081 1384 ab
1094 1357 1220 1385 universis
1234 1358 1329 1385 videri.
1347 1358 1419 1385 Hinc
1431 1358 1562 1386 candidati
1576 1361 1673 1388 vocati.

91 1395 155 1425 Erat
166 1405 257 1425 autem
271 1397 392 1428 candida,
413 1405 443 1426 ut
456 1399 543 1435 inquit
555 1398 682 1428 Isidorus,
703 1398 745 1424 cui
758 1397 924 1424 intendendae
937 1396 1064 1424 albedinis
1075 1395 1149 1422 causa
1163 1402 1266 1423 cretam
1278 1395 1443 1423 addiderant.
1469 1397 1513 1424 Est
1527 1397 1600 1425 enim
1614 1398 1672 1434 plus

89 1435 248 1463 candidum,
269 1434 349 1472 quam
364 1435 464 1463 album.
485 1436 566 1464 Albus
580 1435 656 1463 color
669 1436 773 1462 nativus
787 1434 851 1462 lanae
865 1435 914 1465 est,
936 1435 1062 1462 candidus
1074 1434 1184 1470 proprie
1197 1431 1336 1468 splendens
1349 1433 1407 1465 ille,
1428 1435 1454 1461 ὃ(
1468 1435 1514 1471 qui
1521 1436 1557 1462 est
1567 1435 1598 1462 ab
1605 1443 1672 1464 arte.

91 1474 157 1500 Ideo
177 1473 289 1507 Polybius
308 1472 410 1509 aliquot
430 1474 495 1502 locis
515 1479 628 1509 ημπροὶγ
647 1473 735 1500 dicere
756 1473 850 1500 maluit
866 1472 1002 1506 petitorum
1022 1481 1106 1508 togam
1118 1490 1127 1500 ‚
1153 1471 1235 1508 quam
1251 1475 1353 1505 zeina»,
1369 1474 1396 1499 &
1411 1471 1506 1499 Latine
1523 1475 1672 1501 commode

91 1520 149 1538 eam
167 1508 287 1539 dicemus
297 1511 479 1546 spsendemem.
510 1513 583 1540 Hinc
595 1511 684 1538 Liwus
699 1510 768 1539 libro
776 1520 802 1546 4.
837 1510 924 1538 Placet
938 1510 1062 1538 tollendae
1075 1508 1231 1537 ambitionis
1245 1508 1334 1540 causti,
1355 1508 1490 1537 Tribunos
1504 1509 1592 1548 legem
1609 1520 1671 1547 pro-

91 1549 225 1586 mulgare,
246 1559 280 1577 ne
294 1552 335 1579 cui
347 1549 434 1577 albuin
451 1551 478 1577 in
491 1551 682 1578 vestimentum
698 1549 795 1577 addere
808 1549 946 1584 petitionis
961 1548 1036 1576 causa
1047 1548 1148 1576 liceret.
1168 1547 1240 1575 Vide
1253 1545 1364 1584 Justum
1377 1544 1490 1584 Lipfium
1503 1548 1549 1576 lib.
1568 1559 1590 1576 1.
1611 1549 1672 1577 Ele-

93 1587 216 1619 ctoium,
237 1596 293 1623 cap.
312 1600 352 1625 ¹3-
367 1590 392 1615 {x
406 1588 475 1615 alibi.
528 1616 535 1621 ‚

130 1629 198 1661 Toga
213 1635 279 1659 pura
300 1626 349 1653 fuit
361 1635 421 1653 corr.
427 1627 515 1653 munis
527 1634 591 1662 toga
603 1626 745 1653 hominum
759 1625 936 1661 privatorum.
976 1624 1079 1652 Eadem
1091 1622 1176 1651 virilir
1189 1623 1225 1650 est
1239 1622 1368 1659 appellata
1381 1644 1388 1655 ,
1414 1625 1440 1652 &
1453 1623 1531 1651 libera
1544 1626 1571 1653 δε
1586 1624 1671 1652 rec‘Ja:

91 1671 284 1700 nonnunquam
293 1661 446 1699 fimpluirer
459 1672 516 1700 roga
530 1665 615 1694 dicia,
635 1664 709 1691 nullo
724 1663 843 1700 epitheto
855 1665 956 1692 addito.
976 1665 1015 1691 Ac
1023 1672 1089 1697 pura
1102 1662 1212 1699 quidem
1225 1661 1309 1694 dicta,
1329 1662 1403 1698 quod
1410 1661 1461 1689 albi
1469 1662 1578 1694 coloris,
1601 1663 1672 1691 nulla

90 1701 202 1728 admista
217 1711 332 1738 purpura
344 1702 417 1729 effet-
450 1701 547 1728 Albam
560 1701 635 1729 fuiss‘e
645 1722 655 1733 ,
681 1702 796 1729 ostendit
810 1702 899 1728 Pollux
914 1706 1010 1730 τιῐζεηιν
1022 1706 1098 1729 λάχεν
1111 1702 1138 1728 ὃί
1152 1703 1277 1730 Midam,
1304 1699 1450 1736 appellans:
1478 1701 1544 1728 item
1558 1701 1671 1728 Martia-

87 1738 133 1770 ln,
154 1739 287 1773 Papinius,
309 1739 350 1772 ἐς
363 1739 492 1777 Agellius,
513 1749 629 1777 quorum
645 1741 671 1768 &
681 1741 749 1768 item
763 1739 873 1767 alioruu-
891 1739 1059 1770 testimonia,
1077 1738 1140 1766 vide
1152 1738 1221 1775 apud
1235 1736 1331 1764 Aldum
1345 1737 1498 1765 Munatium
1508 1759 1514 1771 ,
1536 1740 1603 1770 &Iu
1624 1748 1670 1767 um

90 1775 200 1815 Lrpfircm
214 1798 221 1809 ,
241 1779 286 1814 qui
299 1776 420 1805 accurate
432 1779 466 1806 de
478 1778 569 1805 colore
580 1786 650 1815 togae
662 1777 827 1815 scripserunt.
863 1778 945 1816 Qod
962 1776 1061 1804 nullam
1076 1785 1222 1812 purpuram
1235 1775 1374 1803 admistam
1385 1775 1507 1808 haberet,
1527 1781 1667 1814 xm'govffl,

89 1814 118 1841 id
131 1815 183 1846 est,
203 1824 295 1852 expers
309 1825 430 1853 purpurae
439 1837 445 1847 ‚
462 1815 476 1843 a
490 1816 622 1842 Plutarcho
636 1816 663 1843 in
678 1817 761 1845 Bruto
773 1817 878 1843 dicitur.
905 1814 992 1842 Vtrilis
1003 1814 1140 1850 appellum,
1160 1814 1222 1851 quia
1236 1814 1325 1849 pueris
1339 1813 1445 1840 virilem
1460 1821 1570 1841 aetatem
1582 1816 1671 1852 ingre.

91 1853 225 1880 dientibus
240 1854 364 1886 dabatur,
387 1855 414 1881 in
427 1855 498 1882 exitu
511 1853 611 1882 scilicet
624 1855 685 1881 anni
699 1853 911 1882 xvr.ficutidata
918 1854 954 1881 est
963 1854 1148 1882 M.Ciceronis
1155 1852 1222 1879 filio:
1245 1852 1388 1888 quitamen
1398 1861 1458 1879 mos
1466 1853 1668 1889 Imperatorum

90 1898 168 1918 aetate
180 1892 299 1920 manslffe
312 1902 366 1920 non
380 1893 492 1920 videtur.
527 1893 601 1919 Nam
616 1891 732 1929 Caligula
746 1900 837 1929 togam
851 1901 947 1928 puram
960 1901 1031 1919 anno
1043 1901 1104 1919 xix.
1124 1895 1163 1917 M.
1177 1892 1294 1916 Aurelius
1308 1899 1352 1916 xv.
1366 1890 1469 1925 accepit
1482 1910 1489 1921 ‚
1510 1890 1665 1919 authoribus

89 1930 218 1956 Suetonio
233 1932 258 1957 &
272 1931 432 1966 Capitolino.
465 1930 521 1967 Qi
537 1940 596 1960 earn
611 1929 750 1958 sumebant
762 1952 769 1962 ,
788 1938 884 1967 tyrones
895 1930 1099 1967 appellabantur.
1128 1926 1226 1954 Plinius
1240 1926 1284 1954 lib.
1295 1929 1319 1955 8.
1334 1930 1443 1963 cap.48.
1467 1929 1599 1966 Tanaquil
1612 1931 1668 1966 pri.

88 1976 135 1994 ma
154 1968 238 1994 temit
250 1968 352 1995 restam
367 1970 483 1997 tunicam
500 1990 507 2000 ‚
533 1978 583 2005 qua
597 1968 674 1995 simul
688 1977 750 1995 cum
765 1977 828 2005 toga
840 1977 905 2005 pura
919 1977 1028 2004 tyrones
1042 1967 1201 1997 induuntur,
1222 1973 1350 2000 noweque
1363 1973 1460 2001 nuptae.
1487 1965 1604 1994 Lrberam
1618 1977 1668 1996 νο-

88 2014 164 2035 caut,
186 2005 246 2042 quia
260 2007 346 2042 pueris
359 2015 420 2044 toga
433 2017 497 2045 pura
509 2007 616 2035 initium
632 2006 768 2043 quoddam
781 2005 909 2034 libertatis
921 2014 989 2036 erat,
1011 2014 1073 2032 cum
1088 2011 1165 2031 antea
1178 2002 1371 2030 custodirentur
1385 2002 1397 2030 a
1410 2004 1568 2041 paedagogis.
1586 2005 1667 2034 Redh

92 2052 194 2070 nomen
207 2052 239 2070 ex
253 2043 320 2081 festo
335 2046 520 2081 cognoscimus
529 2067 536 2077 ,
556 2046 631 2081 cujus
644 2044 699 2072 haec
713 2043 772 2072 sunt
786 2043 879 2071 verba:
901 2043 992 2070 Reetae
1007 2041 1170 2078 appellantur
1179 2040 1335 2068 vestimenta
1350 2040 1432 2068 virilia
1441 2062 1448 2072 ‚
1470 2050 1528 2078 quae
1541 2050 1628 2078 patres
1638 2044 1669 2072 li-

89 2081 160 2109 beris
172 2081 223 2109 suis
237 2082 401 2110 conficienda
415 2092 505 2111 curant
519 2084 618 2111 ominis
631 2082 720 2114 causa,
739 2083 776 2110 ita
789 2081 916 2119 appellata
925 2102 931 2112 ‚
952 2079 1026 2118 quod
1043 2078 1206 2110 astantibus,
1228 2078 1290 2105 &in
1297 2078 1465 2107 altitudinem
1474 2087 1609 2108 texuntur.
1631 2083 1666 2111 Et

86 2119 139 2147 alio
153 2119 227 2150 loco3
250 2120 374 2157 Regillis,
397 2123 492 2149 tunicis
503 2122 580 2155 albis,
603 2123 629 2150 δε
644 2121 758 2149 reticulis
772 2120 860 2148 luteis,
871 2119 988 2156 utrisque
1002 2118 1081 2146 reetis
1094 2118 1174 2146 textis
1188 2115 1289 2158 surium
1304 2116 1409 2144 versum
1425 2116 1439 2144 a
1454 2118 1579 2146 stantibus
1591 2140 1598 2151 ,
1611 2120 1665 2156 pri-

88 2159 132 2186 die
153 2159 307 2195 nuptiarum
329 2159 401 2186 diem
417 2180 424 2191 ,
450 2161 566 2196 virgines
581 2160 679 2187 indutae
693 2159 813 2187 cubitum
829 2158 902 2185 ibant
916 2179 923 2188 ‚
944 2157 1043 2184 ominis
1056 2155 1146 2184 causa:
1175 2162 1203 2182 ut
1217 2163 1298 2181 etiam
1313 2156 1340 2182 in
1355 2156 1426 2192 togis
1442 2156 1560 2184 virilibus
1573 2157 1666 2186 dandis

87 2196 223 2224 observari
240 2197 314 2224 tolet.
355 2198 458 2229 Locus,
479 2199 506 2225 in
520 2201 576 2235 quo
588 2197 741 2225 sumebatur
753 2219 760 2228 ‚
781 2195 919 2230 Capitolini
933 2195 1016 2228 sot-is,
1037 2203 1066 2222 ut
1080 2195 1191 2230 opinor,
1211 2193 1343 2232 templum
1358 2193 1418 2233 fuit:
1442 2203 1486 2221 aut
1499 2203 1585 2226 certe,
1606 2197 1664 2232 post

89 2244 149 2263 eam
163 2236 241 2263 domi
255 2235 308 2262 sun·
315 2244 405 2271 ptam,
428 2236 514 2263 statim
529 2237 556 2263 in
571 2235 735 2273 Capitolium
750 2235 782 2262 ad
797 2236 872 2271 Jovis
887 2234 971 2261 aedcm
987 2233 1090 2264 ibatur,
1109 2232 1181 2269 quod
1196 2230 1310 2257 Valeruss
1322 2236 1455 2258 Maxtmus
1468 2231 1514 2259 lib.
1531 2243 1556 2268 5.
1571 2243 1627 2270 cap.
1637 2244 1664 2268 4.

86 2274 201 2302 declarat
220 2273 260 2301 his
274 2272 361 2300 verbis
373 2284 377 2299 :
400 2276 476 2301 Hanc
489 2275 616 2310 pietatem
629 2273 767 2300 aemulatus
782 2277 821 2299 M.
836 2277 912 2299 Cotta
924 2293 932 2303 ,
951 2281 985 2299 eo
999 2270 1055 2307 ipso
1068 2271 1125 2301 die,
1145 2279 1200 2307 quo
1214 2276 1309 2306 togam
1323 2269 1433 2307 sumpfit
1447 2270 1561 2303 virilem,
1582 2273 1665 2307 proti-

86 2321 136 2340 nus
154 2321 184 2340 ut
197 2310 212 2339 ὲ
227 2311 361 2348 Capitolio
377 2311 525 2343 descendit,
546 2312 596 2339 Cn.
609 2310 779 2343 Carbonem,
806 2309 819 2338 a
832 2319 886 2348 quo
898 2319 975 2347 pater
989 2309 1044 2346 ejus
1057 2309 1199 2337 damnatus
1212 2306 1313 2339 fuerat,
1332 2307 1482 2345 postulavit.
1514 2309 1589 2336 Plura
1603 2309 1664 2337 vide

86 2350 155 2388 apud
170 2350 270 2377 Alsium
284 2348 450 2382 Mammam,
471 2349 484 2377 a
502 2358 556 2386 quo
567 2349 623 2377 haec
635 2348 740 2386 sumpfi.

126 2393 194 2426 Toga
208 2388 281 2423 pulla
300 2389 349 2416 atri
368 2387 465 2417 coloris
485 2387 535 2417 fuit
547 2408 556 2420 ,
584 2396 666 2425 quam
680 2385 824 2417 'induebant
838 2386 924 2416 luctus
937 2385 1017 2416 causa.
1041 2385 1093 2452 EEt
1106 2383 1138 2413 ab
1154 2384 1201 2414 illo
1215 2385 1292 2414 vestis
1305 2384 1396 2414 colore
1409 2383 1489 2415 atrati
1504 2383 1667 2451 dicebamssr‘

1071 2433 1085 2452 e
1093 2432 1107 2451 e
1655 2433 1669 2450 e
