2075 2734
360 114 416 145 3¹4
644 100 1635 141 AurtQurraruMRoMANAttUMLimv·

356 153 447 188 obelisci
461 153 488 180 in
503 151 576 179 circo
591 150 712 178 maximo
726 159 758 179 ex
773 148 954 184 Hermapionis
968 148 1037 177 libro
1050 170 1059 182 ‚
1078 158 1135 187 quae
1145 149 1207 177 inde
1216 149 1271 185 peti
1282 148 1375 184 potest.
1418 151 1499 177 Hunc
1507 148 1633 184 obeliscum
1645 155 1658 182 ,“
1670 152 1715 188 qui
1728 152 1756 181 in
1768 153 1840 183 circo
1854 158 1940 186 maxi.

358 202 408 220 mo
422 191 576 218 constitutus
589 187 621 215 ab
635 188 751 216 Odiavio
765 188 884 226 Augusto
898 188 935 215 est
947 201 954 219 ς
982 187 1099 216 excisum
1113 187 1128 215 a
1143 189 1219 224 Rege
1232 188 1397 221 Semmserteo
1412 207 1419 218 ,
1439 196 1494 224 quo
1507 194 1635 225 regnante
1649 189 1796 228 l’ytbagoras
1810 193 1837 222 in
1854 196 1938 232 AEgy.

357 237 407 265 pto
419 228 484 260 fuit,
505 234 614 255 centum
629 226 841 263 vigintiquinque
854 226 955 263 pedum
969 226 1057 258 fuiffe,
1078 229 1104 255 ὃ(
1119 225 1269 257 dodrantis,
1289 233 1383 262 ptaeter
1395 224 1494 253 balim:
1516 225 1615 253 Plinius
1630 225 1673 254 lib.
1683 230 1725 262 36.
1739 239 1795 266 cap.
1803 242 1829 266 9,
1842 234 1938 261 autho,-

359 267 410 297 est,
430 266 475 294 ubi
488 268 514 294 ὃ(
529 266 562 293 de
575 262 679 298 obeliscis
693 263 748 292 aliis
762 266 807 302 qui
828 266 948 292 Romam
963 264 1078 293 transsati
1093 264 1191 292 fuerint
1205 285 1212 295 ‚
1233 263 1402 291 mentionem
1417 262 1488 291 facit.
1508 264 1642 292 Caeterum
1654 274 1769 293 carceres
1776 271 1896 303 primum
1905 281 1938 299 ex

357 304 445 341 topho
458 324 466 336 ,
492 303 620 340 lignoque
640 302 747 331 fuerunt
763 324 769 334 ‚
796 313 863 341 quos
876 303 1036 330 marmoreis
1048 303 1211 340 permutavit
1225 300 1347 327 Claudius
1360 302 1519 338 Imperator.
1561 304 1648 330 Metas
1660 302 1813 340 insigniores
1826 308 1939 336 inaurari

359 344 445 371 voluit
459 341 582 368 Claudius
595 352 603 366 .-
628 339 712 368 solum
729 342 816 369 minio
829 344 856 370 ὃς
876 340 1038 378 chrysocolla
1053 341 1130 368 sterni
1143 338 1262 377 Caligula
1273 359 1281 370 ‚
1307 340 1363 366 auri
1376 347 1456 377 atque
1469 342 1571 377 argenti
1586 339 1665 368 scobe
1679 340 1818 380 conspergi
1829 347 1938 374 manda-

359 381 400 408 vit
413 378 587 416 Heliogabalus
596 398 602 409 ,
623 378 713 406 dolens
727 380 799 416 quod
815 390 870 407 non
887 379 972 416 posset
985 380 1066 406 etiam
1079 379 1171 407 eleitri
1187 389 1192 404 z
1213 378 1239 404 id
1255 386 1286 404 ex
1299 377 1416 405 Suetonio
1430 381 1457 406 ἃ
1469 376 1613 412 Lampridio
1626 385 1723 407 notum
1740 381 1784 409 est.
1818 382 1849 410 In
1862 384 1938 416 circo,

357 428 392 445 ne
405 418 463 454 quis
475 427 530 444 non
543 416 646 444 sederet
660 416 781 445 molliter
792 439 801 450 ‚
828 428 883 446 non
897 417 980 445 tolum
996 416 1192 454 Magistratibus
1207 418 1233 444 δε
1246 414 1460 443 honoratioribus
1473 424 1628 445 tomentum
1643 438 1650 448 ‚
1677 418 1750 454 quod
1763 418 1898 448 leuconium
1912 424 1939 450 δε

354 455 540 492 gnaphalium:
567 454 610 481 icd
630 456 657 482 ἃ
677 456 843 484 multitudini
861 454 1068 484 substernebatur
1082 476 1089 487 ‚
1115 454 1187 492 quod
1206 453 1221 481 ὲ
1241 453 1537 482 concifis-amndinibus
1557 454 1678 486 faetum,
1699 458 1812 484 nomine
1829 454 1939 495 proprio

357 493 459 526 circe-oft
477 493 581 520 dictum
596 492 632 519 est
645 513 653 524 ,
680 501 709 521 ut
725 493 854 521 Suetonius
869 496 895 523 ὃς
910 492 1041 521 Martialis
1053 494 1179 521 indicant.
1219 493 1264 518 Ne
1278 491 1336 528 quis
1347 500 1445 527 porro,
1465 493 1620 529 importune
1634 493 1750 522 sedendo
1763 494 1838 523 alteri
1855 495 1939 524 mole-

359 532 410 558 stus
423 530 507 562 foret,
519 530 612 565 sedilia
627 531 746 559 cancellis
760 539 834 559 erant
847 531 970 568 separata.
1002 531 1033 558 In
1046 530 1106 558 circo
1119 529 1272 558 ornamenti
1293 530 1365 557 caula
1380 539 1443 557 cum
1458 531 1579 558 Deorum
1594 532 1724 569 imagines
1738 533 1855 569 gypseas,
1876 541 1937 562 tum

358 569 477 596 detracta
497 568 611 597 hostibus
624 569 705 606 spolia
719 569 949 605 suspendebantur.
982 571 1030 596 Per
1046 569 1137 596 circum
1153 577 1232 596 nuces
1247 570 1272 595 8<
1289 566 1404 594 fractum
1421 568 1490 595 cicer
1512 568 1652 606 clamando
1673 569 1792 598 solebant
1806 570 1873 600 servi
1888 573 1938 600 cir-

359 607 493 635 cumferre
507 618 512 634 τ
538 608 606 635 item
620 607 646 634 in
660 607 770 635 cortinis
783 617 879 644 aquam
894 616 1001 645 portare
1014 627 1020 638 ‚
1046 616 1127 643 quam
1142 606 1265 634 esurienti
1278 605 1429 642 fitientique
1442 606 1512 642 plebi
1524 608 1680 635 venderent.
1719 609 1786 645 Qae
1800 611 1891 637 onmia
1906 619 1939 638 ex

359 644 465 676 Ouidio,
486 645 606 677 Horatio,
627 647 654 673 δε
669 645 762 672 Plauto
775 645 918 674 discuntur.
952 646 1005 673 Sub
1017 645 1075 671 circo
1089 646 1116 672 in
1132 645 1202 673 cellis
1219 665 1226 676 ,
1247 643 1360 672 antrisve
1373 643 1547 672 subterraneis
1559 644 1712 672 habitabant
1726 667 1734 677 ,
1753 656 1809 683 qux
1823 657 1939 684 corpore

357 683 476 711 facerent
488 684 614 720 quaesturn
630 682 770 716 mulieres,
790 691 820 712 ut
833 694 864 712 ex
878 683 1000 717 juvenale
1013 683 1156 720 colligitur.
1176 683 1218 711 Ad
1232 682 1349 710 eundem
1363 692 1405 710 res
1420 683 1492 711 furto
1505 682 1596 710 ablatae
1607 683 1804 717 vendebantur,
1825 687 1897 723 quod
1911 687 1938 714 in

358 722 504 749 Horatium
519 742 526 753 ‚
553 730 615 748 cum
630 720 721 749 circum
729 721 847 758 fallacem
860 730 939 750 vocat
948 743 954 753 ‚
975 721 1112 749 annotavit
1125 720 1246 748 Helenius
1259 724 1330 748 Acro.

401 761 497 787 Praeter
510 758 580 786 hunc
591 759 695 791 circum,
716 761 764 797 qui
775 759 902 788 maximus
919 759 1063 797 appellatus
1088 759 1140 791 est,
1161 760 1242 787 etiam
1257 758 1299 786 alii
1314 759 1451 796 progressu
1465 760 1596 796 temporis
1609 758 1669 788 sunt
1684 760 1805 788 extruffi.
1820 761 1848 788 P.
1861 762 1937 789 enim

360 796 443 825 Wffor
455 798 482 824 in
496 797 585 825 libello
598 798 632 825 de
646 798 799 835 regionibus
812 798 905 831 Urbis,
925 799 1004 829 οᾶο,
1023 797 1066 825 vel
1079 807 1180 825 novem
1195 796 1269 824 tuiffe
1283 797 1356 825 dicit.
1377 798 1505 825 Meminit
1521 798 1594 825 enim
1607 796 1662 824 circi
1676 797 1813 829 flaminii,
1834 799 1867 826 de
1881 809 1936 837 quo

360 836 442 863 etiarn
458 834 606 862 Plutarchus
620 837 647 863 in
662 836 856 872 Qiaestionibus
871 836 1016 867 Romanis,
1036 836 1123 872 quaest.
1140 838 1183 863 66.
1198 837 1224 863 8<
1235 834 1364 861 Martialis
1377 835 1570 871 Apophoreti5‚
1593 838 1619 864 &
1632 837 1763 873 epigram.
1778 835 1823 864 lib.
1834 847 1874 864 12.
1906 838 1939 865 In

360 881 416 908 quo
430 872 489 899 circo
503 874 566 901 vitri
581 874 689 901 officina
705 874 770 906 fuit,
792 875 819 902 in
831 884 882 911 qua
897 874 991 911 pocula
999 873 1106 904 fierent,
1126 873 1230 909 punCtis
1237 872 1375 904 coloratis,
1395 874 1464 910 quafi
1472 874 1590 910 gemmis
1597 874 1732 910 iniignita‚
1753 873 1942 910 &crystallinis

360 910 468 939 similia:
492 920 549 948 quae
562 920 591 940 ut
598 913 687 948 pretio
700 914 847 949 gemmatis
857 913 981 950 aequanda
988 921 1044 939 non
1052 919 1126 939 erant
1135 932 1142 943 ,
1161 910 1250 940 itausu
1259 910 1456 950 reperiebantur
1465 912 1600 944 tirmiora,
1619 913 1690 948 quod
1698 913 1771 949 aquis
1785 912 1888 945 calidis,
1908 921 1939 941 ut

358 957 427 976 verae
441 958 572 986 gemmae,
591 960 647 977 non
661 951 817 979 vitiarentur
830 958 875 978 aut
887 951 1011 978 fluerent.
1037 949 1191 978 Collocatur
1207 949 1250 976 hic
1263 958 1337 975 circus
1349 950 1458 986 regione
1472 949 1553 977 Urbis
1573 959 1613 977 1x.
1646 951 1677 977 In
1696 960 1716 977 1.
1731 951 1840 987 regione
1854 951 1939 979 circus

357 987 488 1014 Antonini
507 988 644 1016 Caracalla
664 998 727 1017 curn
747 988 863 1016 obelisco
876 988 936 1016 fuit.
968 989 1002 1016 In
1015 998 1041 1015 v.
1054 989 1141 1015 circus
1155 985 1289 1014 Aureliani
1309 997 1372 1014 cum
1388 986 1511 1015 obelisco.
1539 988 1571 1015 In
1585 997 1629 1015 vx.
1642 988 1752 1025 regione
1765 989 1819 1015 duo
1832 998 1941 1016 memo-

357 1032 450 1052 rantur
464 1046 471 1058 ,
498 1025 565 1053 alter
586 1035 669 1063 prope
681 1035 787 1063 portam
805 1025 940 1054 Collinam
955 1047 962 1059 ‚
991 1025 1055 1053 alter
1074 1024 1150 1052 circus
1164 1025 1237 1052 Flora
1250 1046 1259 1058 ,
1291 1024 1343 1052 five
1364 1024 1512 1053 Floralium.
1551 1026 1675 1062 Regione
1687 1036 1713 1053 x.
1734 1025 1809 1052 circus
1825 1026 1939 1053 Alexan-

356 1061 399 1089 dri
424 1064 606 1100 Imperatoris.
647 1065 769 1102 Regione
789 1074 832 1091 xi.
856 1072 950 1099 praeter
974 1063 1064 1090 circum
1091 1063 1235 1090 maximum
1247 1085 1256 1096 ‚
1288 1061 1364 1089 circus
1387 1062 1493 1090 intimus
1506 1084 1514 1095 ,
1548 1064 1696 1100 antiquiore
1714 1064 1826 1091 nomine
1853 1065 1938 1092 circus

357 1101 390 1128 ad
406 1110 515 1128 murum
531 1102 625 1129 distus.
659 1103 721 1130 Erat
741 1104 766 1129 ὃς
780 1101 855 1128 circus
869 1101 986 1129 Domitia
1000 1122 1006 1132 ‚
1028 1104 1054 1129 &
1067 1100 1142 1128 circui
1157 1100 1291 1128 Vaticanus
1303 1120 1311 1131 ‚
1341 1109 1458 1137 quorum
1472 1102 1607 1128 memoria
1620 1101 1705 1129 adhuc
1718 1102 1786 1139 apud
1802 1102 1830 1130 P.
1844 1102 1938 1130 Vistu-

357 1147 417 1165 rem
434 1141 459 1168 ἃ
475 1139 538 1166 alios
553 1148 626 1167 extat
636 1161 642 1171 ‚
663 1140 831 1176 quorundam
847 1140 928 1166 etiarn
944 1140 1051 1176 vestigia
1066 1141 1092 1167 δε
1106 1140 1201 1167 rudera
1214 1138 1295 1166 hodie
1311 1147 1462 1166 cernuntur.
1493 1141 1536 1166 De
1550 1139 1657 1167 theatris
1667 1140 1723 1175 jam
1738 1140 1867 1168 dicemus.

401 1177 440 1204 Ut
454 1177 581 1204 circenses
597 1177 650 1204 ludi
664 1179 690 1204 in
703 1177 763 1203 circo
779 1197 786 1208 ,
807 1178 843 1204 ita
863 1176 958 1204 scenici
975 1177 1003 1203 in
1015 1177 1112 1203 theatro
1125 1176 1326 1213 peragebantur.
1365 1177 1477 1203 Nomen
1498 1176 1576 1203 habet
1589 1177 1717 1204 theatrum
1732 1175 1746 1204 a
1760 1183 1848 1215 θεαίειθς
1866 1179 1939 1215 quod

359 1214 394 1240 est
400 1213 521 1247 speei‘are.
555 1215 599 1241 Est
611 1223 701 1242 autem
718 1214 805 1246 locus,
826 1215 854 1242 in
862 1224 916 1251 quo
928 1216 1050 1242 Deorum
1065 1214 1263 1242 immortalium
1278 1212 1370 1241 diebus
1385 1212 1454 1241 festis
1465 1213 1540 1241 ludos
1554 1213 1705 1250 speeiabant
1716 1235 1723 1246 ‚
1743 1214 1862 1244 sedentes
1876 1226 1938 1244 curn

360 1251 519 1289 conjugibus
538 1254 563 1280 ὃ(
577 1252 673 1280 liberis.

400 1290 477 1325 Apud
492 1290 633 1317 Romanos
646 1291 775 1317 theatrum
791 1290 836 1318 diu
850 1289 953 1318 nullum
968 1289 1019 1318 fuit
1033 1301 1039 1317 z
1066 1289 1134 1317 olim
1151 1288 1223 1316 enim
1238 1308 1246 1322 ,
1266 1289 1306 1316 uti
1318 1286 1382 1325 Jul.
1397 1289 1477 1323 Casa»-
1489 1287 1597 1326 Scaliger
1610 1288 1706 1321 docet,
1726 1289 1754 1316 in
1767 1289 1840 1317 diem
1854 1291 1885 1317 ad
1901 1291 1943 1318 lo-

361 1337 424 1355 cum
441 1327 572 1355 indidtum
587 1329 777 1356 convenientes
790 1349 798 1359 ‚
818 1329 863 1364 qui
878 1328 1011 1364 specimen
1028 1328 1175 1358 firmitatis,
1196 1334 1241 1354 aut
1253 1327 1432 1359 dexteritatis,
1451 1334 1496 1354 aut
1510 1327 1672 1362 pernicitatis
1685 1327 1781 1355 edituri
1795 1327 1891 1359 essent,
1912 1329 1942 1356 in.

360 1366 452 1393 medio
468 1366 534 1393 datis
548 1367 702 1393 nominibus
718 1387 724 1397 ‚
744 1365 944 1402 profitebantur.
984 1364 1152 1394 Circumfusa
1167 1364 1244 1392 turba
1255 1374 1318 1392 cum
1331 1364 1462 1400 judicibus
1475 1365 1508 1392 ad
1519 1364 1691 1401 speetandum
1705 1386 1713 1396 ,
1734 1375 1800 1393 mox
1812 1366 1858 1393 alia
1872 1366 1941 1394 item

361 1404 487 1431 affluente
501 1405 650 1431 commode
662 1403 779 1440 speeiarc
794 1413 849 1430 non
862 1412 997 1439 poterant:
1019 1404 1091 1441 quod
1105 1402 1148 1430 alii
1160 1402 1217 1429 aliis
1230 1401 1337 1438 objetstu
1345 1411 1488 1438 corporum
1499 1402 1668 1439 conspeetum
1678 1403 1842 1431 adimebant:
1862 1403 1940 1432 idcir·

361 1451 394 1468 co
408 1442 518 1478 aggestis
531 1441 669 1477 cespitibus
683 1442 825 1469 editiorem
841 1441 931 1469 locum
950 1442 995 1468 fibi
1003 1440 1118 1475 pulvillis
1131 1440 1195 1466 aeris
1211 1439 1350 1467 faciebant.
1381 1440 1449 1467 Eam
1465 1440 1500 1467 ob
1515 1440 1618 1471 cautam
1633 1441 1738 1469 medius
1750 1441 1823 1469 locus
1836 1441 1941 1478 depres-

360 1479 412 1506 fior
426 1480 476 1506 tuit
490 1500 497 1510 ,
518 1488 548 1506 ac
562 1488 704 1515 proprerea
717 1488 791 1506 cavea
804 1480 897 1507 dietus.
932 1480 1018 1516 Igitur
1030 1489 1077 1515 per
1091 1479 1165 1505 initia
1178 1479 1272 1504 stantes
1285 1477 1452 1514 speihxbaur,
1472 1477 1680 1514 posteafhbsellia
1694 1478 1740 1506 fibi
1754 1479 1863 1516 quisque
1876 1478 1938 1507 affe-

361 1517 442 1544 rebat.
485 1517 570 1543 Primi
590 1517 719 1544 theatrum
740 1517 892 1544 faciendum
907 1517 1027 1544 locarunt
1042 1522 1081 1546 M.
1096 1515 1207 1543 Valerius
1221 1514 1327 1551 Messala
1338 1536 1346 1547 ‚
1373 1524 1452 1552 atque
1465 1520 1497 1544 C.
1511 1515 1607 1551 Caffius
1620 1515 1744 1553 Longinus
1758 1537 1766 1548 ,
1793 1516 1938 1548 Censores,

361 1563 433 1581 anno
454 1561 564 1581 fixeris.
586 1564 680 1581 verum
701 1554 811 1583 authore
826 1559 856 1582 Ι).
866 1554 974 1589 Scipione
987 1554 1078 1593 Nasica
1090 1562 1204 1581 omnem
1218 1561 1372 1589 apparatum
1386 1555 1474 1589 operis
1487 1563 1582 1581 eorum
1594 1552 1744 1590 subjectum
1756 1553 1833 1581 hastae
1848 1556 1939 1582 venire

358 1591 465 1628 placuit.
486 1593 574 1628 Atque
588 1592 670 1619 etiam
685 1591 914 1620 Senatusconsulto
930 1600 1039 1620 cautum
1055 1592 1106 1623 eff,
1126 1601 1160 1619 ne
1174 1592 1232 1628 quis
1245 1592 1273 1618 in
1289 1591 1362 1618 Urbe
1374 1590 1516 1627 propiusve
1528 1591 1612 1628 passus
1627 1591 1701 1619 mille
1713 1591 1828 1619 subsellia
1840 1591 1939 1628 positis-

358 1629 383 1656 1e
392 1650 399 1661 ‚
420 1628 543 1656 sedensve
557 1629 634 1657 ludos
647 1630 764 1666 spestare
778 1629 871 1662 vellet,
891 1639 921 1659 ut
934 1630 1033 1659 scilicet
1047 1630 1194 1657 remiffioni
1207 1630 1361 1657 animorum
1373 1629 1466 1665 juneht
1480 1629 1562 1657 standi
1575 1628 1698 1661 virilitas,
1717 1631 1825 1666 propria
1837 1631 1940 1658 Roma-

359 1677 400 1694 nae
413 1668 501 1704 gentis
515 1675 579 1695 nota
594 1667 664 1696 esset.
695 1667 805 1695 Valerius
819 1672 951 1695 Maximus
964 1668 1033 1696 libro
1045 1668 1174 1698 secundo,
1195 1668 1279 1703 capite
1293 1676 1396 1704 quarto.
1425 1668 1551 1695 Meminit
1566 1668 1592 1694 δί
1609 1667 1713 1701 Velleyus
1725 1667 1794 1694 libro
1807 1666 1939 1701 secundo,

360 1708 386 1733 ἃ
406 1710 494 1732 Livius
508 1704 606 1741 lib.48.
641 1706 735 1733 Deleta
749 1705 883 1733 Corintho
900 1710 932 1733 L.
947 1707 1087 1733 Mummius
1100 1706 1167 1733 ludis
1181 1726 1188 1736 ,
1215 1715 1283 1742 quos
1305 1707 1333 1732 in
1348 1705 1486 1742 triumpho
1508 1704 1572 1733 fecit
1585 1726 1593 1737 ,
1619 1705 1748 1732 theatrum
1762 1707 1845 1733 erexit
1857 1727 1865 1738 ,
1892 1705 1937 1734 sed

359 1742 544 1777 temporarium.
566 1744 597 1770 In
614 1745 707 1778 primis
720 1752 811 1771 autem
826 1743 970 1771 celebratur
984 1749 1022 1770 M.
1035 1743 1127 1771 Scauri
1144 1744 1272 1770 theatrum
1283 1764 1289 1774 ‚
1316 1744 1350 1771 dc
1363 1752 1417 1780 quo
1431 1744 1486 1771 haec
1499 1742 1590 1771 scribit
1603 1742 1701 1770 Plinius
1713 1743 1758 1771 lib.
1768 1747 1811 1781 36.
1828 1753 1882 1780 cap.
1896 1754 1936 1779 ¹5·

360 1783 399 1808 M.
415 1783 524 1808 Scaurus
538 1780 602 1808 fecit
614 1781 641 1808 in
656 1782 791 1809 AEdilitate
802 1782 844 1808 sua
857 1791 923 1818 opus
937 1783 1089 1809 maximum
1104 1782 1227 1809 omnium
1238 1802 1244 1813 ‚
1266 1791 1322 1818 qua:
1338 1790 1455 1818 unquam
1469 1781 1543 1808 fuere
1553 1781 1669 1808 hutnana
1681 1790 1762 1808 manu
1776 1781 1859 1812 fasta,
1881 1791 1937 1808 non

358 1820 521 1854 temporaria
542 1828 619 1846 mora
633 1839 641 1850 ‚
668 1829 762 1847 verum
783 1820 865 1847 etiam
886 1821 1040 1848 aeternitatis
1052 1820 1233 1847 destinatione.
1259 1820 1398 1846 Theatrum
1410 1819 1462 1846 hoc
1477 1818 1534 1846 fuit.
1561 1822 1638 1844 Stena
1651 1819 1676 1845 ei
1690 1818 1785 1854 triplex
1797 1819 1938 1846 altitudine

358 1864 541 1884 trecentarum
560 1856 694 1893 sexaginta
717 1857 904 1885 columnarum
919 1878 927 1890 ,
953 1860 981 1885 in
1002 1867 1033 1885 ea
1055 1859 1163 1885 civitate
1173 1878 1181 1888 ,
1208 1866 1264 1893 qua:
1277 1856 1319 1883 sex
1331 1857 1464 1893 hymettias
1477 1865 1532 1883 non
1545 1855 1642 1883 tulerat
1656 1876 1663 1887 ‚
1691 1856 1745 1884 fine
1757 1857 1857 1892 probro
1871 1857 1936 1885 civis

360 1895 522 1930 ampliffimi.
551 1895 610 1921 Ima
624 1904 683 1930 pars
689 1897 764 1930 sce-na
776 1894 791 1923 ὲ
807 1905 945 1923 marmore
958 1895 1024 1927 fuit,
1045 1896 1133 1923 media
1146 1894 1160 1921 e
1177 1896 1246 1922 vitro
1259 1905 1263 1921 :
1281 1895 1401 1922 inaudito
1414 1895 1496 1922 etiam
1509 1894 1597 1930 postea
1610 1902 1708 1930 genere
1721 1894 1836 1922 luxuriae.
1857 1895 1936 1922 Sum—

359 1942 410 1960 ma:
424 1932 517 1960 tabulis
532 1933 656 1961 inauratis
670 1933 801 1962 columnae
813 1954 821 1966 ,
841 1941 871 1962 ut
884 1935 1016 1964 diximus,
1035 1934 1097 1961 ima:
1111 1933 1400 1969 duodequadragenum
1416 1933 1526 1969 pedum.
1550 1930 1628 1968 Signa
1642 1941 1702 1958 area
1714 1933 1785 1960 inter
1798 1932 1936 1960 columnas

357 1972 464 1997 fuerunt
485 1972 534 1999 tria
555 1971 637 1998 millia
657 1981 780 1999 numero.
815 1976 901 2000 Cavea
914 1971 967 2008 ipsa
981 1972 1052 2008 cepit
1064 1972 1208 1999 hominum
1221 1980 1282 1998 xxc.
1298 1970 1382 1998 millia
1394 1991 1402 2002 ,
1429 1979 1491 1999 curn
1506 1968 1617 2004 Pompeii
1630 1970 1824 2003 Amphitheatro
1837 1971 1937 1998 totiens

359 2008 533 2043 multiplicata
548 2009 636 2041 Urbe,
656 2017 785 2046 tantoque
798 2010 902 2046 majore
916 2009 1017 2046 populo
1031 2010 1142 2038 iufficiat
1156 2009 1227 2046 large
1243 2018 1286 2036 xi..
1301 2009 1426 2036 millibus.
1468 2008 1517 2036 Sed
1539 2009 1566 2035 δε
1587 2006 1703 2044 reliquus
1722 2015 1860 2046 apparatus
1878 2016 1937 2037 tan-

359 2054 400 2074 tus
423 2046 535 2074 Attalica
557 2048 640 2079 veste,
661 2047 754 2075 tabulis
768 2048 861 2085 pictis,
881 2055 1029 2085 caeteroque
1043 2047 1169 2084 choragio
1183 2047 1248 2079 fuit,
1271 2054 1299 2074 ut
1312 2047 1339 2074 in
1354 2046 1530 2074 Tusculanam
1545 2045 1634 2073 villam
1650 2047 1804 2082 reportatis,
1825 2056 1882 2083 quae
1895 2046 1936 2074 su-

357 2083 532 2118 perfluebant,
541 2086 687 2121 quotidiani
696 2085 755 2114 ustis
769 2085 879 2117 deliciis,
887 2086 991 2113 incensa
1000 2085 1060 2113 villa
1066 2086 1098 2113 ab
1106 2087 1178 2113 iratis
1192 2083 1282 2116 servis,
1290 2092 1505 2112 concremaretur
1519 2083 1551 2111 ad
1560 2084 1674 2112 sestertia
1682 2084 1788 2112 millies.
1808 2086 1873 2112 Haec
1883 2082 1936 2110 Pli-

360 2131 426 2147 mus.
456 2121 530 2147 Idem
547 2122 625 2157 paulo
638 2124 696 2159 post
706 2124 739 2151 de
753 2123 859 2152 theatris
873 2124 1003 2151 Curionis:
1023 2123 1139 2151 Theatra
1154 2124 1208 2151 duo
1220 2123 1295 2159 juxta
1307 2123 1370 2150 fecit
1382 2122 1542 2160 ampliffima
1557 2121 1571 2149 e
1585 2122 1658 2159 ligno
1667 2142 1674 2154 ‚
1695 2123 1835 2150 cardinum
1849 2122 1934 2158 fingu-

358 2157 447 2184 lorum
464 2158 576 2186 versatili
588 2160 706 2196 suspensa
718 2162 894 2193 libramento,
914 2162 942 2190 in
957 2162 1050 2199 quibus
1065 2161 1182 2199 utrisque
1194 2162 1405 2189 antemeridiano
1417 2161 1542 2188 ludorum
1558 2159 1705 2197 spee'taculo
1719 2161 1793 2188 edito
1806 2157 1933 2187 interiese

358 2196 451 2222 averiis
465 2215 473 2225 ,
498 2205 531 2222 ne
546 2198 661 2224 invicem
677 2199 857 2236 obstreperent
870 2199 953 2228 scenae
964 2220 972 2231 ‚
1001 2202 1027 2228 ὃς
1041 2208 1150 2236 repente
1164 2199 1328 2228 circumactis
1342 2219 1349 2230 ‚
1375 2206 1405 2226 ut
1417 2206 1509 2227 contra
1523 2199 1619 2226 starent
1634 2208 1640 2224 :
1666 2198 1803 2234 postremo
1815 2198 1870 2233 jam
1888 2196 1932 2223 die

357 2233 575 2261 desscendcntibus
590 2234 682 2263 tabulis
695 2257 702 2267 ‚
729 2240 755 2265 δε
769 2238 894 2266 cornibus
908 2240 978 2266 inter
994 2238 1019 2265 se
1034 2236 1193 2266 coeuntibus
1209 2258 1216 2269 ,
1244 2235 1359 2265 faciebat
1375 2237 1596 2271 Amphitheatrum
1611 2239 1636 2264 δε
1645 2233 1934 2273 gladiatoriumspeHa-

357 2271 439 2297 culum
461 2268 555 2299 edebat
568 2291 575 2301 ‚
603 2272 689 2306 ipsum
711 2276 795 2312 magis
817 2277 988 2304 authoratum
1002 2276 1131 2313 populum
1149 2277 1304 2302 Romanum
1320 2275 1511 2303 circumferens
1526 2296 1533 2306 ,
1556 2278 1607 2304 &a
1637 2275 1756 2302 trimum
1770 2272 1928 2300 mansurum

357 2309 486 2335 theatrum
502 2309 552 2335 Cn.
562 2309 704 2344 Pompejus
719 2314 832 2349 Magnus
846 2316 942 2342 Romae
955 2314 1072 2343 extruxit
1088 2314 1172 2351 lapide
1185 2314 1314 2350 quadrato
1327 2312 1437 2340 authore
1451 2313 1563 2340 Cornelio
1578 2311 1664 2340 Tacito
1671 2311 1741 2339 libro
1752 2310 1831 2345 14.a.³.
1839 2319 1931 2336 exem-

355 2347 430 2382 plum
449 2347 516 2375 illius
530 2350 545 2378 ,’
566 2348 638 2382 quod
659 2348 794 2383 Mitylenis
815 2352 915 2381 viderat
934 2351 1005 2380 bello
1025 2352 1219 2381 Mithridatico,
1257 2353 1299 2379 De
1319 2351 1369 2379 hoc
1385 2350 1494 2386 Pompeji
1508 2352 1603 2379 theatro
1618 2349 1728 2378 Tei-tull.
1745 2348 1791 2376 lib.
1811 2347 1934 2414 fingmiii

1920 2394 1934 2414 e

2061 1970 2067 1992 i
