2075 2734
480 129 750 159 DtLunis
795 126 1339 165 Ceneazinus.Cm.14.
1660 142 1714 170 337

131 175 269 216 'conspicui
282 183 357 206 erant
370 199 377 208 .
397 177 429 205 ad
443 187 509 215 quos
520 178 610 206 servos
622 178 695 205 adire
710 186 765 204 non
778 175 874 203 licebat
888 186 894 202 2
915 174 1026 212 illosque
1040 180 1157 203 Praetores
1178 178 1204 205 δε
1219 175 1387 214 Magistratus
1405 179 1542 214 purpurati
1563 177 1590 206 in
1605 185 1667 216 toga
1682 182 1708 208 ὃς

131 223 258 254 praetexta
272 237 279 248 ‚
299 224 378 253 atque
391 216 418 243 in
433 224 527 244 ornatu
542 217 662 244 maximo
683 214 868 242 celebrarunt:
896 222 977 248 quare
993 223 1104 248 purpura
1124 214 1273 253 liffegalenfis
1291 215 1317 242 in
1337 214 1408 252 vulgi
1429 216 1604 251 proverbium
1624 219 1706 246 venit.

133 253 236 290 Qubus
250 254 341 282 diebus
356 255 450 290 stipem
466 263 562 291 cogere
571 274 578 284 ,
598 253 660 279 Idae
674 252 770 278 Matris
784 250 897 278 familias
908 252 1048 287 proprium
1062 251 1127 283 fuit,
1136 253 1208 289 quod
1221 253 1312 280 edicto
1327 252 1468 281 cavebatur
1481 254 1519 282 his
1530 254 1628 283 verbis:
1643 264 1708 291 prae-

132 298 174 319 ter
183 291 257 319 Idaeae
264 293 357 320 matris
372 290 597 327 familias‚easque
602 290 676 326 justis
690 289 782 317 diebus
796 310 803 321 ‚
823 298 858 316 ne
871 289 929 325 quis
944 289 1038 325 stipem
1053 290 1158 326 cogito,
1169 291 1219 317 ἃς.
1240 291 1375 318 Ηαᾶεῃυε
1389 290 1541 319 Alexander.
1582 294 1708 329 Qorum

131 330 253 367 quaedam
268 331 350 358 etiam
365 329 378 357 ἐι
391 329 455 366 Jul.
468 329 562 363 Gustare
573 327 694 364 Scaligero
710 327 755 355 lib.
767 338 788 354 1.
810 327 943 358 Poetices,
953 335 1009 363 cap.
1020 337 1063 363 29.
1077 326 1231 354 afferuntur.
1253 329 1334 364 Qod
1348 329 1381 356 ad
1394 331 1516 357 convivia
1530 331 1641 363 attinet,
1668 342 1706 359 ure

130 367 171 394 his
185 367 252 395 ludis
266 375 362 396 mutuo
374 368 499 405 agebant,
519 366 644 394 recitatur
655 365 687 394 ab
703 365 802 403 Agellio
820 364 864 392 lib.
875 374 899 391 2.
913 373 970 400 cap.
980 374 1022 400 24.
1042 363 1292 392 senatusconsultum
1307 370 1336 392 C.
1354 366 1462 399 Fannio,
1483 372 1522 396 M.
1531 340 1707 406 VaLMeffltla'ae

132 406 205 432 Coff.
218 405 320 434 iactum
335 427 342 438 ‚
362 414 416 443 quo
428 404 555 441 jubentur
571 404 704 440 Principes
719 403 832 431 civitatis
845 423 853 434 ,
873 403 919 439 qui
931 403 997 430 ludis
1014 400 1192 439 Megalenfibus
1212 404 1322 440 antiquo
1336 405 1387 432 ritu
1402 406 1561 434 mutitarent
1574 427 1581 438 ,
1603 407 1629 435 id
1646 407 1682 434 est
1698 428 1704 437 ‚

131 451 225 471 mutua
239 444 309 471 inter
321 443 347 471 se
361 442 484 470 convivia
496 442 641 479 agitarent,
661 442 749 478 jurare
762 441 830 478 apud
846 439 972 468 Consules
986 440 1072 468 verbis
1086 440 1237 475 conceptis,
1256 451 1310 468 non
1324 442 1435 478 amplius
1448 444 1475 470 in
1489 444 1600 482 singulas
1615 454 1704 472 coenas

130 480 252 517 fixmprus
265 481 316 508 effe
328 480 458 511 fadfflros,
480 489 561 517 quam
576 489 718 513 centen05‚
739 478 897 515 vicenosque
910 479 983 512 aeris,
1000 486 1095 515 praeter
1108 478 1182 508 olus,
1203 479 1229 505 δε
1245 477 1283 504 far
1298 481 1323 506 ὃς
1339 480 1447 511 viuum,
1468 491 1554 519 neque
1565 484 1628 511 vino
1643 483 1705 510 alie-

128 520 226 556 nigena
238 518 280 546 sed
294 518 381 554 patrio
392 517 483 545 usuros
497 539 505 550 ‚
526 527 612 555 neque
625 519 728 555 argenti
742 519 769 545 in
785 517 911 545 convivio
924 516 980 553 plus
994 516 1101 553 pondo,
1122 524 1204 552 quam
1218 514 1294 543 libras
1308 525 1417 544 centum
1432 518 1556 548 illaturos.
1584 521 1703 558 Qdam

130 556 179 584 hos
194 557 268 583 ludos
283 555 392 583 eosdem
408 566 471 584 cum
487 557 618 584 Romanis
631 557 682 584 esse
695 563 802 592 putant,
817 562 981 591 quostamen
991 555 1104 590 turpiter
1115 553 1167 580 labi
1175 553 1269 579 Paulus
1277 558 1411 581 Manutius
1422 556 1514 588 docet,
1525 568 1588 586 cum
1596 558 1705 586 Romani

128 594 142 622 ᾗ
157 594 303 630 Tarquinio
319 593 406 622 Prisco
421 595 510 631 Rege,
531 593 682 631 Megalenses
700 596 728 622 in
741 592 885 630 Republica
896 593 952 629 post
967 593 1067 619 multos
1081 601 1165 619 annos
1177 591 1287 619 instituti
1302 591 1351 619 fint
1365 602 1370 617 :
1392 596 1418 620 ὃς
1433 594 1540 622 Romani
1554 596 1644 624 mense
1659 599 1702 624 Se-

127 631 258 668 ptembri,
279 632 430 669 Megalenses
443 631 527 668 Aprili
542 633 680 661 darentur:
700 637 807 659 Romam
828 632 855 658 in
874 630 1007 658 honorem
1021 630 1109 668 Jovis,
1130 629 1243 666 junonis
1256 631 1282 657 ἔχ’
1298 629 1441 661 Minervae,
1461 633 1611 670 Megalen-ks
1621 635 1702 663 Matri

128 671 233 707 Magna:
245 668 346 698 Deum.
365 669 474 697 Romani
485 671 606 706 primum
619 669 761 702 circenses,
782 669 877 698 deinde
893 669 975 696 etiam
989 667 1086 696 scenici
1100 667 1213 695 fuerint:
1237 666 1391 704 Megalenses
1404 667 1500 698 scenici
1515 678 1628 700 tantum.

796 747 820 774 C
842 756 857 774 Α
879 756 903 774 1².
942 746 1032 773 XIV.

729 810 780 843 De
806 807 889 842 ludis
916 805 1097 843 Cerealibus.

131 892 133 895 ⁴
189 888 280 917 ereales
292 887 346 915 ludi
366 887 519 916 dicebantur
531 907 538 919 ‚
566 888 612 924 qui
633 889 660 916 in
675 887 808 916 honorem
823 887 920 916 Cerei-1⁴5
935 887 1134 916 celebrabantur
1146 907 1153 918 ‚
1180 887 1262 916 dusto
1276 896 1355 914 more
1375 884 1501 914 &Graccis
1521 896 1554 914 ex
1574 886 1699 925 Ekcfine,

207 927 239 954 de
254 926 348 965 quibus
361 926 440 954 sacris
452 925 536 954 multa
548 925 627 955 habet
644 925 780 954 Amabim.
815 928 846 954 In
863 927 902 954 his
917 926 984 954 ludis
1004 925 1237 962 repraesentabatur
1250 924 1263 953 ὲ
1279 925 1409 954 matronis
1429 924 1511 951 lueJus
1524 925 1622 952 Cereris
1637 946 1643 957 ‚
1665 927 1699 954 ob

126 969 231 998 raptam
241 964 437 1000 Proserpinam,
459 967 485 992 ὃς
501 964 556 999 ejus
570 965 751 1003 peregrinatio
765 975 826 992 cum
843 964 899 993 face
919 965 1080 1002 quaeritantis
1094 963 1185 992 filiam.
1224 965 1328 1000 Pompa
1340 962 1536 1000 producebatur
1551 973 1613 991 cum
1628 965 1698 991 Deo-

124 1009 186 1029 rum
200 1002 279 1038 fignis
293 1023 300 1034 ‚
322 1005 348 1030 ὃς
362 1012 424 1030 ονο.
463 1003 500 1030 Hi
515 1001 570 1029 ludi
580 1023 587 1034 ,
608 1004 695 1041 inquit
709 1002 859 1030 Alexander
878 1002 911 1030 ab
926 1003 1072 1030 Alexandro
1086 1002 1240 1030 Genialium
1254 1002 1359 1029 dierum
1375 1001 1420 1029 lib.
1436 1005 1460 1029 6.
1474 1011 1530 1037 cap.
1550 1012 1592 1036 ¹9-
1612 1000 1625 1028 a
1640 1002 1700 1030 solis

124 1042 254 1068 matronis
268 1040 366 1068 fiebant
379 1041 454 1068 annis
467 1040 581 1077 lingulis
600 1042 772 1078 Romanique
787 1043 818 1069 in
828 1050 886 1079 toga
899 1040 1007 1069 candida
1020 1040 1136 1077 spectare
1149 1041 1239 1072 ludos,
1260 1039 1438 1077 mulieresque
1454 1040 1481 1067 in
1496 1040 1566 1067 veste
1581 1039 1637 1067 alba
1654 1049 1700 1076 pa·

124 1078 190 1104 riter
205 1077 308 1106 sacrum
323 1078 411 1107 facere
424 1078 558 1106 solebant:
579 1080 607 1107 in
621 1089 676 1117 quo
689 1080 716 1107 id
727 1079 778 1107 fuit
791 1079 977 1111 observatum,
1000 1086 1029 1107 ut
1044 1086 1107 1106 tunc
1124 1079 1182 1106 Diis
1197 1085 1306 1116 gratum
1323 1079 1374 1105 esle
1389 1078 1542 1108 censerent,
1563 1077 1581 1104 si
1596 1077 1696 1109 alatis,

123 1124 175 1143 nec
184 1114 276 1144 funere
283 1117 389 1154 pollutis
403 1117 588 1145 celebraretur:
608 1126 690 1155 utque
699 1119 726 1145 in
731 1117 811 1151 fiacr&
819 1117 915 1145 Cereri:
927 1126 988 1145 ante
995 1118 1104 1145 noctem
1113 1116 1233 1153 epuletur
1241 1126 1339 1148 nemo,
1360 1123 1440 1150 atque
1453 1116 1466 1143 '1
1479 1126 1535 1142 veno
1551 1115 1576 1142 in
1586 1117 1680 1152 primis
1689 1137 1695 1146 ,

123 1156 151 1183 &
161 1158 251 1182 Venere
258 1155 410 1184 abstineant.
429 1157 519 1192 thue
527 1156 735 1193 quintoquoque
749 1165 820 1184 anno
833 1166 865 1183 ex
880 1155 1011 1191 Sibyllinis
1025 1155 1187 1182 carminibus
1199 1155 1385 1191 prodigiorum
1401 1153 1475 1180 causa
1486 1154 1621 1189 jejunium
1638 1154 1680 1182 fiat
1690 1175 1697 1184 ,

123 1193 193 1220 inter
206 1202 264 1229 quae
278 1194 440 1230 praecipuum
456 1192 521 1224 fuit,
542 1200 574 1220 ut
587 1193 665 1221 sacris
677 1195 795 1222 initiatos
810 1194 882 1222 calda
896 1193 1031 1220 abluerent
1051 1194 1171 1228 primum
1187 1212 1193 1222 ‚
1216 1193 1287 1228 quod
1303 1192 1413 1219 castitati
1428 1191 1549 1228 prodess'e
1562 1191 1697 1219 ducerem.

124 1231 190 1257 Haec
198 1230 256 1262 ille,
277 1240 392 1268 quorum
405 1231 526 1267 quaedam
540 1231 622 1257 etiam
635 1229 729 1266 Julius
742 1232 822 1260 Caelsrr
835 1230 944 1267 Scaliger
957 1230 1036 1259 habet
1049 1230 1094 1256 lib.
1114 1240 1134 1257 1.
1156 1231 1289 1260 Po'e'tices‚
1309 1238 1365 1265 cap.
1381 1239 1423 1265 32.
1444 1229 1477 1256 Et
1494 1230 1563 1255 inter
1575 1228 1623 1255 alia
1639 1239 1698 1256 cau-

122 1267 179 1295 sam
194 1269 277 1296 refert
290 1289 297 1300 ‚
324 1277 370 1295 cur
383 1267 527 1294 Cerealibm
541 1275 604 1295 ante
616 1269 726 1296 noetem
740 1269 839 1304 epulari
852 1269 925 1296 nefas
947 1269 1010 1296 esset
1025 1279 1029 1295 :
1053 1268 1113 1304 quia
1127 1267 1251 1294 videlicet
1265 1287 1272 1298 ,
1292 1267 1424 1302 prodente
1438 1266 1511 1293 idem
1526 1266 1680 1293 Callimacho
1689 1289 1695 1297 ,

124 1306 255 1334 Cererem
271 1314 391 1334 extrema
404 1305 528 1333 affectam
545 1305 630 1337 fame,
651 1316 682 1334 ac
694 1307 779 1333 nihilo
793 1307 874 1334 iccius
886 1307 1044 1341 pertinacius
1064 1306 1195 1341 jejunium
1210 1312 1412 1340 perpetuantem
1429 1325 1436 1335 ‚
1457 1303 1525 1331 solus
1542 1303 1634 1340 vesper
1648 1306 1695 1332 tic-

123 1345 207 1376 xerit,
230 1343 435 1380 pei-luaseritque
448 1352 478 1371 ut
491 1344 583 1371 cibum
597 1352 712 1379 caperet.
732 1345 815 1372 Addit
830 1344 928 1375 &hoc,
949 1355 1010 1372 cum
1021 1344 1109 1377 thensiz
1123 1343 1294 1379 procederet,
1316 1343 1333 1369 fi
1348 1344 1437 1379 auriga
1451 1343 1512 1379 equi
1527 1341 1615 1369 lorum
1631 1342 1694 1369 laeva

126 1392 207 1409 manu
224 1382 443 1419 apprehendill'et,
455 1391 505 1417 pro
516 1381 624 1417 pollutis
637 1383 804 1409 ceremonias
818 1383 873 1410 istas
888 1381 987 1409 habitas
1000 1381 1081 1409 fuisse.
1102 1382 1173 1407 Cum
1189 1388 1279 1408 autem
1294 1379 1452 1413 hoc-(mmm
1468 1401 1476 1412 ,
1497 1382 1523 1408 δε
1538 1380 1564 1406 hi
1584 1380 1639 1406 lud!
1653 1401 1659 1411 ‚
1683 1382 1695 1408 ξι

122 1420 274 1457 lugentibus
285 1420 375 1456 peragi
388 1429 442 1446 non
457 1420 574 1455 possent,
595 1420 656 1447 ideo
669 1419 741 1447 bello
755 1421 855 1448 Punico
868 1419 997 1451 secundo,
1019 1419 1075 1455 post
1092 1418 1195 1446 cladem
1206 1419 1375 1452 Cannensem,
1396 1419 1457 1454 quia
1469 1426 1529 1445 tum
1543 1418 1692 1454 lugentibus

121 1459 248 1485 omnibus
264 1458 391 1485 matronis
405 1457 583 1484 intermistum
596 1465 667 1489 erat,
687 1457 789 1486 senatus
804 1458 874 1486 finiri
888 1457 989 1485 luctum
1006 1458 1115 1493 triginta
1130 1455 1221 1483 diebus
1235 1456 1314 1491 jussit.
1344 1455 1434 1482 Lirim
1447 1456 1490 1482 lib.
1509 1465 1550 1492 34.
1564 1457 1635 1483 unde
1645 1460 1690 1482 Fc-

114 1495 174 1531 stus
186 1495 287 1527 scribit,
309 1496 394 1522 minui
407 1495 508 1523 lucium
518 1516 524 1526 ,
546 1505 609 1524 cum
623 1497 649 1523 in
662 1497 731 1524 casto
745 1496 775 1524 fit
788 1500 887 1523 Cerea-is
899 1516 906 1526 ‚
926 1495 960 1522 de
974 1505 1028 1532 quo
1040 1496 1067 1522 in
1084 1494 1253 1522 Kalendario.
1296 1492 1407 1520 Fiebant
1421 1493 1447 1521 hi
1463 1492 1519 1519 iudi
1535 1514 1542 1524 ‚
1562 1494 1693 1529 quemad-

121 1534 238 1561 modum
254 1533 445 1561 Kalendarium
458 1533 552 1564 habet,
574 1535 586 1561 εὶ
592 1533 676 1568 pridie
688 1535 748 1562 Idm
761 1533 854 1569 Aprili&
869 1543 915 1571 per
930 1534 985 1561 dies
998 1533 1062 1562 oCto
1076 1533 1103 1560 in
1117 1533 1203 1564 circo,
1224 1532 1351 1568 proximo
1360 1532 1418 1568 post
1431 1530 1544 1565 circes-ges
1552 1532 1609 1563 die,
1620 1532 1693 1568 quod

121 1574 150 1601 &
166 1570 275 1600 ovidius
289 1572 396 1600 testatur
407 1571 486 1607 lib.4.
499 1573 562 1600 Fast.
577 1572 615 1600 his
627 1572 756 1600 verfibus:

428 1614 516 1636 Cirrm
529 1609 579 1637 erit
588 1620 676 1646 pompa
690 1610 794 1642 celeber,
814 1620 964 1649 nzemeroque
978 1615 1103 1639 Deorum,

472 1647 610 1687 Primaque
623 1647 726 1685 ventosis
734 1649 822 1683 palma
831 1657 926 1684 ρενειιιι
944 1650 1024 1689 equis.

435 1685 502 1712 Hinc
509 1687 606 1714 Cereris
617 1687 671 1713 ludi
681 1699 688 1713 :
699 1698 747 1713 non
760 1686 793 1724 est
802 1697 861 1722 fisus
873 1685 953 1714 indice
964 1689 1036 1722 caus&
1044 1707 1051 1718 ,

467 1727 559 1757 Sponte
570 1729 626 1752 Dea
638 1735 743 1757 mzmur,
757 1724 972 1764 promeritumque
982 1732 1085 1760 patent,
1106 1723 1168 1757 &c-

161 1764 193 1792 Id
206 1763 278 1800 quod
290 1762 394 1791 causam
409 1762 504 1790 erroris
518 1763 629 1799 praebuit
637 1763 728 1800 Angelo
737 1763 877 1791 politiano,
886 1771 915 1791 ut
928 1765 1048 1800 opinatus
1062 1762 1141 1790 fuerit
1150 1761 1278 1794 ,Cereales
1291 1760 1400 1789 eosdem
1415 1759 1466 1787 esse
1472 1768 1535 1788 cum
1550 1758 1693 1798 circensibus

122 1802 208 1838 capite
222 1801 453 1829 Miscellaneorum
468 1803 513 1837 85.
526 1810 608 1838 quem
623 1811 742 1828 errorem
756 1802 859 1829 notavit
872 1805 944 1833 suan.
959 1800 1098 1828 Ludovicus
1112 1800 1184 1828 Vives
1200 1821 1207 1832 ‚
1228 1803 1254 1828 ἃ
1268 1800 1325 1836 post
1338 1808 1401 1826 eum
1419 1798 1471 1826 alii.
1497 1797 1695 1825 Exhibebantur

123 1838 265 1866 cerealibus
279 1840 424 1867 certamina
439 1839 566 1875 equestria
579 1861 586 1871 ,
605 1847 635 1867 ut
649 1839 697 1866 Dio
712 1839 756 1867 lib.
770 1849 815 1875 47.
831 1849 893 1867 cum
909 1839 1045 1876 scripsisset
1059 1860 1065 1871 ‚
1088 1839 1186 1867 AEdiles
1200 1838 1282 1875 plebis
1296 1836 1385 1863 Cereri
1397 1836 1459 1863 loco
1474 1835 1599 1862 ludorum
1614 1845 1695 1873 eque-

122 1877 213 1904 strium
223 1897 229 1908 ,
249 1877 405 1914 gladiatores
421 1876 577 1908 exhibuisse,
598 1877 689 1913 adjicit
703 1878 803 1905 malum
819 1878 845 1905 id
860 1888 942 1906 omen
958 1878 1031 1905 fuiss‘e
1047 1898 1053 1908 ,
1073 1878 1144 1915 quod
1160 1878 1255 1904 statum
1272 1875 1434 1911 Reipublicae
1447 1873 1603 1909 popularem
1619 1883 1694 1900 ever-

123 1915 181 1942 sum
197 1915 229 1941 iti
242 1915 434 1952 significaverit.
454 1914 551 1943 Iisdem
566 1914 711 1942 Cerealibus
725 1917 806 1943 etiam
821 1915 936 1952 miffilia,
956 1916 1008 1943 hoe
1021 1916 1072 1946 est,
1093 1925 1189 1946 nuces,
1210 1915 1293 1945 cicer,
1316 1916 1342 1940 ὃς
1358 1912 1405 1939 alia
1419 1913 1566 1951 dabantur,⁴
1585 1914 1611 1939 ὃ(
1624 1912 1693 1948 spar-

123 1953 254 1991 gebantur
268 1955 295 1981 in
310 1953 401 1989 vulgus
415 1953 446 1980 ab
461 1953 491 1980 iis
506 1955 551 1990 qui
568 1953 643 1980 ludos
656 1953 829 1985 exhibebant,
849 1955 880 1982 ad
894 1953 1012 1990 plausum
1027 1953 1153 1989 &populi
1167 1952 1288 1979 favorem
1303 1950 1473 1986 capt-andum.
1494 1953 1596 1989 siniam
1604 1949 1691 1983 Cupito

122 1991 190 2029 apud
206 1991 310 2018 Festum
327 2011 333 2022 ,
354 1992 584 2027 quemadmodum
605 2001 668 2019 eum
682 1991 773 2019 locum
789 1993 900 2020 restituit
916 1991 1026 2026 Jofi’phus
1039 1990 1155 2027 Scaliger.
1188 1991 1318 2016 P1·;ee1·ant
1338 1988 1376 2015 his
1397 1987 1465 2015 ludis
1485 1987 1578 2027 AEdtles
1591 2008 1598 2018 ‚
1618 1987 1691 2028 quod

124 2029 168 2057 vel
183 2038 214 2057 ex
227 2029 345 2055 nummis
358 2028 458 2065 aliquot
471 2030 584 2066 antiquis
598 2030 699 2056 constat
713 2050 720 2061 ‚
748 2031 775 2057 in
795 2030 889 2066 quibus
908 2030 942 2057 fic
958 2029 1055 2065 legitur
1069 2039 1074 2055 :
1105 2032 1137 2054 C·
1151 2025 1291 2054 Memmius
1312 2030 1341 2052 C.
1362 2029 1390 2053 F.
1410 2025 1536 2063 Qirmus
1555 2029 1694 2052 Memmius

121 2068 178 2094 AEa'.
198 2064 311 2093 Cerealia
325 2065 423 2100 primus
435 2066 505 2102 jecit.
528 2068 597 2095 Vide
616 2066 701 2094 Caroli
721 2067 814 2105 Sigonii
833 2067 930 2095 scholia
950 2067 976 2093 in
999 2077 1042 2103 30.
1060 2066 1159 2093 librum
1179 2063 1258 2092 Livii.
1283 2062 1367 2091 Cicero
1386 2064 1431 2091 lib.
1444 2074 1468 2099 5.
1488 2064 1599 2090 aetionis
1621 2073 1644 2091 2.
1665 2064 1693 2090 in

122 2107 154 2133 G.
169 2108 297 2133 Verrem.
320 2105 400 2131 Nunc
419 2104 476 2131 sum
496 2105 642 2143 defignatus
661 2104 766 2132 sedilis.-
787 2105 872 2132 habeo
890 2106 1038 2136 rationem,
1058 2104 1122 2141 quid
1141 2103 1154 2130 a
1174 2102 1273 2139 populo
1295 2103 1422 2129 Romano
1441 2102 1605 2137 acceperim,
1625 2101 1694 2129 mihi

121 2143 198 2171 ludos
218 2142 391 2170 sanffiffimos
410 2143 528 2170 maxima
546 2153 608 2171 cum
629 2144 784 2171 ceremonia
803 2142 911 2175 Cereri,
940 2142 1029 2169 Libero
1043 2162 1051 2172 ,
1077 2140 1215 2178 Liberaeque
1237 2140 1387 2171 faciendos,
1409 2142 1460 2168 &c.
1488 2140 1693 2176 Nonnunquam

122 2187 215 2209 tamen
227 2181 270 2207 alii
284 2180 364 2208 etiam
379 2181 546 2216 Magistratus
560 2191 604 2209 eos
621 2181 755 2210 curabant.
796 2183 869 2209 Nam
882 2179 971 2208 Livius
984 2180 1028 2207 lib.
1038 2191 1081 2215 χο.
1100 2179 1203 2210 scribit,
1222 2177 1382 2206 metatorem
1399 2180 1426 2206 &
1442 2178 1600 2214 Magistrum
1617 2178 1690 2214 equi-

122 2227 181 2247 tum
203 2219 277 2247 ludos
296 2217 411 2245 Cereales
431 2227 462 2245 ex
481 2218 703 2248 senatusconsulto
722 2219 819 2248 feciffe.
839 2220 889 2247 Sed
909 2220 943 2247 de
962 2219 1002 2247 his
1015 2215 1081 2247 ludis
1100 2218 1161 2246 vide
1180 2216 1255 2253 plura
1274 2216 1341 2254 apud
1360 2214 1481 2244 Ovidium
1495 2235 1502 2248 ‚
1523 2216 1584 2245 &in
1595 2216 1693 2244 Kalen-

121 2257 207 2286 dario.

1076 2392 1129 2420 Vv‘
1610 2389 1696 2418 Car.
