2075 2734
395 116 1392 160 Dasea-rnnrrffiLarxonn‚&c.CA1’.16.
1632 130 1695 166 ⁶79*

104 171 277 205 conficiendae
288 192 297 205 ,
316 179 348 199 ac
364 171 443 199 status
456 169 626 208 excogitandi
638 189 645 200 ‚
665 175 744 205 atque
758 178 792 196 eo
805 168 974 206 probationes
995 180 1091 199 ornnes
1108 171 1265 201 conferendi
1280 173 1423 202 artificium
1444 175 1471 202 in
1485 174 1553 203 hbria
1566 179 1695 206 Oratam&

106 212 198 242 multis
211 210 298 240 verbis
313 210 349 238 est
363 210 587 238 demonstratum.
610 209 706 244 Neque
722 208 794 234 enim
810 208 837 235 in
852 207 907 235 aliis
920 211 1058 246 praeceptis
1069 211 1170 248 antiqui
1186 211 1306 240 rhetores
1319 220 1374 240 tam
1389 214 1492 243 Graeci.
1513 223 1593 251 quam
1605 217 1694 246 Latini

104 251 163 289 plus
176 251 268 281 studii,
288 256 332 277 aut
344 258 431 285 operae
444 245 673 282 consumpserunt.
701 245 744 273 De
757 244 854 283 astreas
869 248 895 275 ὃ(
909 245 1016 280 tabulis,
1038 248 1056 275 fi
1069 257 1126 284 quae
1139 249 1171 276 ad
1187 249 1258 277 hunc
1271 250 1360 278 locum
1374 251 1509 286 pertinent
1523 261 1582 281 tum
1597 255 1689 283 affere.

103 298 179 321 mu5‚
201 298 263 317 cum
278 289 311 316 de
321 284 534 322 publicisjudiciis
544 285 712 323 differemus.
755 284 788 312 Et
803 283 857 312 haec
871 285 979 321 quidem
997 287 1031 313 de
1044 296 1222 321 recuperatam
1240 288 1342 323 judicio
1359 288 1529 326 intelligenda
1543 292 1602 320 sunt
1616 314 1623 324 ‚
1644 303 1690 321 cu-

101 327 145 364 jus
164 326 321 364 exemplum
340 326 377 353 est
394 329 482 352 Omma
495 331 543 357 pro
561 326 682 349 Caecmna.
723 323 764 351 De
784 322 994 355 centumvirali,
1015 324 1090 360 cujus
1109 324 1188 363 longe
1207 326 1255 353 alia
1275 327 1343 354 ratio
1362 327 1427 358 fuit,
1445 337 1528 365 pauca
1546 329 1606 358 sunt
1624 332 1691 368 adji-

103 367 207 394 cienda.

143 405 185 433 Ad
199 401 364 431 centumuim
375 399 462 428 causas
481 399 600 428 detulere
613 407 740 436 praetores
753 398 873 436 perplexi
887 399 954 435 juris
967 401 1175 429 controversiam
1196 403 1364 431 continentes
1378 425 1386 435 ,
1405 414 1459 432 non
1481 413 1573 434 tamen
1588 407 1633 444 ipsi
1650 408 1689 435 eis

101 442 209 480 judiciis
226 441 369 480 praefuere‚
389 438 445 467 aliis
458 438 565 467 fortasse
581 438 735 467 muneribus
750 438 887 475 occupati:
909 447 1003 465 verum
1019 448 1061 466 eas
1075 439 1238 468 decemviris
1245 440 1360 477 stlmbus
1365 442 1512 476 judicandis
1528 445 1687 477 attribuere,

104 482 150 519 qui
163 502 173 514 ‚
193 487 222 508 ut
234 480 310 516 supra
323 478 377 505 dixi
390 497 398 509 ,
419 486 451 504 ex
465 476 574 505 confilio
587 480 715 513 praetorio
735 477 904 505 exstiterunt.
939 476 976 503 Hi
991 486 1056 504 vero
1068 477 1237 506 centumviros
1256 489 1311 507 non
1331 479 1418 508 solum
1440 481 1527 510 sortiti
1542 481 1600 511 su‘nt
1613 505 1620 515 ,
1641 483 1688 512 sed

106 521 190 548 etiam
203 519 350 554 coe'gerunt
362 536 370 547 ‚
393 523 473 552 atque
487 515 522 543 eis
536 514 698 551 praefuerunt
711 536 717 546 ‚
739 517 766 544 &
780 514 926 551 litigatores
940 513 1055 543 citaruut
1068 536 1079 547 ‚
1098 517 1125 544 δί
1139 518 1255 544 omnino
1267 517 1335 545 hasta
1349 518 1433 554 posita
1449 527 1538 548 totum
1552 521 1686 557 judicium

105 567 156 595 pro
168 556 216 584 suo
229 555 341 583 arbitrio
354 554 487 582 moderati
502 553 574 585 sunt,
594 563 650 581 non
664 553 690 581 in
705 553 779 585 foro,
801 552 846 580 sed
861 553 887 580 in
899 551 1024 584 basilicis,
1046 553 1072 581 id
1087 554 1137 584 est,
1158 554 1184 581 in
1200 554 1279 587 aulis,
1300 564 1357 592 quae
1369 557 1425 591 ejus
1440 558 1523 586 officii
1534 559 1609 586 causa
1621 569 1687 588 con.

106 595 208 624 struet-e
220 601 296 622 erant
308 615 316 626 ,
343 601 457 630 quarum
473 592 582 620 illustres
595 591 670 620 fuere
682 590 769 619 Porcia
783 590 825 624 C?
838 589 930 627 Julia.
969 591 1026 627 Ipsa
1041 601 1105 619 vero
1123 592 1317 620 centumvirum
1329 594 1430 626 juditta
1445 595 1470 622 in
1485 596 1559 632 plura
1579 598 1691 627 confilia-

102 633 238 662 distributa
252 639 342 661 erant,
364 633 390 659 S<
399 630 520 667 cognitio
533 630 669 658 causarum
683 629 916 659 centumviralium
930 630 958 656 in
969 629 1063 657 orbem
1073 638 1120 666 per
1130 639 1160 657 ea
1173 630 1279 658 confilia
1292 631 1556 666 circumducebatur,
1576 637 1687 673 perinde

101 679 181 709 atque
194 669 275 698 hodie
290 670 319 697 fit
332 670 360 696 in
376 668 450 697 Italia
463 670 490 697 in
497 667 660 704 judicialibus
673 678 730 705 quae
743 667 910 704 appellantur
921 668 990 695 rotis.
1031 669 1105 704 Qin
1119 669 1199 696 etiam
1208 669 1317 707 aliquot
1329 669 1408 696 caus-,e
1421 671 1552 705 ejusmodi
1563 674 1686 706 fuerunt,

100 718 131 737 ut
140 710 259 747 primum
274 708 288 736 a
300 706 447 734 decemviris
455 728 462 739 ,
481 706 578 735 deinde
589 706 603 735 ἑὶ
614 705 774 734 centum-uiris
787 705 909 743 judicatae
922 705 972 733 fint
983 726 991 738 ,
1011 715 1099 743 eaeque
1109 706 1285 741 praejtcdrciales
1298 707 1470 743 appellantur.
1510 711 1686 745 Praejudicium

99 747 231 775 nimirum
249 745 538 783 ipsum'decemvirfim
551 745 697 783 judicium,
719 745 790 782 quod
804 752 866 772 ante
877 743 1060 771 centumvirale
1073 744 1174 772 fatitum
1190 745 1242 777 est,
1262 747 1446 774 nominatum.
1484 749 1619 777 Caeterum
1631 761 1687 778 cen-

99 784 252 813 tumvimlia
257 783 357 820 judicia
372 784 451 812 aucto
465 793 581 812 numero
592 783 712 819 judicum
727 782 890 819 procedente
901 789 1026 818 tempore
1042 783 1069 810 in
1083 791 1198 820 quatuor
1211 783 1316 811 consilia
1328 784 1403 811 fuere
1417 784 1528 818 tributa,
1549 796 1578 816 ut
1591 789 1688 817 testan-

98 830 143 852 tur
160 823 229 851 plin.
240 823 286 851 lib.
295 832 322 858 4.
340 824 367 851 ὃς
381 825 407 850 6.
421 823 494 858 epist.
513 821 678 860 Qimilian,
698 821 742 849 lib.
760 831 802 849 12.
825 820 879 848 Val.
889 820 1003 848 Maxim.
1020 819 1065 849 lib.
1083 831 1107 857 7.
1141 822 1257 849 Fuerunt
1274 831 1356 858 porro
1374 822 1495 860 quaedam
1512 825 1606 858 causae,
1626 836 1685 864 quae

101 863 129 890 &
144 861 157 890 a
171 860 330 890 decemviris
345 880 352 890 ,
373 862 401 888 &
417 862 591 888 centumviris
605 859 719 896 cognitae
736 858 796 887 sunt
809 879 816 891 ‚
835 865 864 886 ut
879 857 914 886 de
927 858 1043 885 ltbertase
1058 881 1064 890 ,
1084 869 1142 897 quae
1162 859 1260 896 duplex
1274 861 1380 888 assertio
1393 859 1463 888 dieta
1476 881 1483 892 ,
1507 864 1534 890 δε
1550 863 1584 890 de
1596 872 1690 891 ventre

98 901 266 937 cognoſsendo,
287 901 314 927 ὃ(
324 897 388 925 aliae.
429 899 471 924 De
485 897 606 925 libertate
619 898 690 925 testis
703 897 740 924 est
753 896 837 924 Cicero
849 905 900 933 pro
913 897 1036 925 Caecinna
1051 900 1077 926 δε
1092 907 1142 934 pro
1157 899 1262 925 Domo-
1288 900 1380 936 Itaque
1392 897 1457 926 libet
1472 898 1607 936 suspicari,
1628 912 1686 939 quae

97 937 167 974 apud
179 935 378 972 jurisconsultos
390 936 531 970 prqudma
544 937 571 964 in
585 935 665 963 caufis
681 936 791 972 privatis
805 934 932 963 dicuntur
947 956 954 967 ‚
988 944 1018 962 ea
1030 935 1216 964 decemvirum
1234 936 1309 964 fuiffe
1321 958 1329 969 ‚
1351 936 1450 973 judicia
1468 938 1532 965 inde
1551 939 1688 968 subsecuta

95 974 293 1003 centumvirtim.
332 974 400 1002 Satis
413 975 487 1001 enirn
503 975 604 1002 constat
614 995 622 1008 ‚
646 972 819 1012 justinianum
840 975 867 1001 in
882 973 952 1000 libro
966 975 999 1002 de
1014 974 1162 1003 actionibus
1178 974 1358 1009 praejudiciales
1371 975 1481 1002 actiones
1493 986 1590 1005 vocare
1604 977 1638 1006 de
1653 977 1686 1005 li-

93 1013 192 1041 bertate
205 1033 213 1045 ,
234 1015 261 1042 ὃς
273 1019 361 1040 ventre
374 1013 539 1050 cognoscendo.
577 1014 620 1040 De
634 1011 755 1040 libertate
771 1019 861 1040 autem
877 1013 1019 1049 cognitum
1035 1013 1085 1039 effe
1100 1015 1126 1041 ὃς
1140 1012 1152 1040 a
1168 1012 1328 1040 decemviris
1344 1034 1351 1044 ‚
1372 1016 1398 1041 &
1414 1013 1426 1040 ὲ
1441 1016 1629 1048 centumviris,
1651 1026 1684 1045 ex

97 1051 212 1080 cicerone
225 1050 395 1078 manifestum
411 1051 456 1078 est.
495 1051 535 1078 Ex
549 1060 604 1088 quo
616 1050 788 1087 intelligitur,
806 1049 938 1087 judicium
954 1050 1140 1078 decemviium
1153 1052 1256 1078 ratione
1269 1051 1447 1087 subsequentis
1463 1052 1556 1088 judicii
1570 1063 1683 1082 centum-

95 1089 185 1118 viraltk
200 1089 274 1118 fuisse
284 1087 463 1124 prejudicium.
504 1090 535 1116 In
549 1098 631 1126 quam
645 1088 804 1117 sententiam
819 1089 901 1117 etiam
916 1088 1039 1123 Ulpianus
1052 1089 1219 1125 accipiendus
1233 1090 1269 1117 est
1282 1110 1289 1121 ,
1306 1088 1337 1128 ff.
1350 1090 1382 1116 de
1396 1088 1424 1116 in
1435 1091 1482 1124 jus
1497 1093 1604 1119 vocando
1613 1113 1620 1124 ,
1641 1093 1684 1126 (ς’

96 1129 128 1156 de
140 1127 239 1155 liberali
250 1128 322 1162 causta
331 1148 339 1159 ‚
360 1127 405 1154 ubi
418 1127 548 1164 fignificat
560 1128 703 1163 optionem
717 1127 768 1154 effe
784 1126 899 1155 dandam
916 1127 952 1157 ei,
973 1127 1049 1162 cujus
1063 1126 1096 1154 de
1104 1127 1224 1155 libertate
1233 1128 1336 1165 agitur,
1355 1136 1389 1155 an
1402 1129 1588 1165 cognitionem
1601 1131 1684 1159 causae

93 1166 143 1194 suae
159 1166 233 1194 malit
247 1175 294 1202 per
308 1164 502 1192 centumviralia
516 1164 615 1201 judicia
629 1164 809 1197 circumduci,
829 1175 861 1192 an
876 1164 963 1193 audita
978 1165 1159 1193 adecemviris
1174 1165 1262 1197 causa,
1283 1175 1338 1193 non
1345 1165 1548 1201 praejudicium,
1568 1168 1611 1196 sed
1626 1169 1683 1197 sen-

93 1206 208 1233 tentiam
224 1204 349 1241 proferri.
389 1204 552 1240 Qanquam
571 1213 662 1232 autem
677 1203 826 1231 decemviri
832 1203 1003 1238 prejudicium
1018 1203 1239 1231 cenmmir.1libus
1259 1203 1339 1231 caufis
1356 1203 1470 1233 fecerint
1483 1226 1491 1236 ,
1518 1216 1574 1234 non
1588 1215 1681 1236 tamen

95 1243 221 1271 omnibus
241 1243 362 1270 fecerunt
374 1262 382 1273 ,
402 1241 447 1268 sed
467 1241 595 1279 aliquibus
613 1250 717 1270 tantum
733 1263 741 1273 ,
763 1239 995 1278 quemadmodum
1017 1251 1048 1269 ex
1070 1242 1173 1276 Ulpiano
1187 1261 1196 1275 ,
1209 1241 1245 1281 ff.
1255 1240 1286 1279 fi
1300 1242 1420 1279 ingenuus
1440 1242 1486 1280 effe
1503 1245 1620 1275 audetur,
1642 1247 1683 1274 jn.

96 1281 179 1318 telligi
198 1280 302 1317 potest,
324 1282 351 1308 ὃς
371 1288 404 1306 ex
422 1279 539 1317 Qinnl.
559 1280 603 1308 lib.
626 1290 642 1316 5
671 1282 698 1308 &
721 1290 761 1307 11.
780 1279 826 1308 ubi
845 1278 986 1308 secundam
1007 1279 1176 1308 assertionem
1195 1279 1332 1317 appellasse
1352 1278 1456 1307 videtur
1474 1280 1621 1311 secundum
1639 1284 1680 1320 ju-

95 1318 196 1346 dicium
215 1317 249 1345 de
268 1317 390 1346 libertate
408 1317 422 1344 a
443 1319 619 1346 centumviris
638 1317 760 1345 factum:
790 1319 862 1345 Cum
882 1319 1004 1354 primum
1023 1318 1158 1345 dece-mrim
1177 1317 1304 1346 fecerint:
1331 1325 1419 1354 partes
1439 1322 1678 1350 centumviralium

94 1356 230 1384 caularum
251 1356 338 1383 causas
355 1355 472 1393 aliquot,
493 1365 550 1393 quae
567 1355 683 1393 duplicia
701 1356 762 1384 sunt
780 1356 864 1383 naoae
882 1355 980 1392 judicia
992 1377 998 1386 ‚
1020 1365 1104 1383 unum
1122 1355 1293 1383 decemvirxim
1306 1377 1313 1387 ‚
1341 1355 1455 1384 alterum
1475 1359 1681 1388 centumviram:

90 1395 214 1431 itemque
231 1394 314 1422 hastas
333 1393 397 1422 duas
412 1414 419 1425 ‚
445 1403 527 1422 unam
547 1393 738 1426 decerni-inim,
763 1393 955 1421 centumviriam
975 1394 1097 1424 alteram.
1136 1396 1175 1422 Ex
1195 1403 1250 1431 quo
1270 1394 1370 1422 faitum
1384 1415 1392 1426 ,
1417 1402 1447 1423 ut
1469 1405 1501 1423 ex
1521 1396 1626 1427 duobus
1644 1398 1680 1427 de

91 1432 185 1460 eadem
208 1442 237 1460 re
255 1432 362 1468 judiciis
381 1431 456 1459 faffls
470 1432 584 1466 primum
602 1432 792 1468 prejudicium,
820 1431 965 1460 secundum
984 1432 1114 1469 judicium
1135 1432 1239 1460 didium
1259 1432 1299 1460 fit.
1340 1432 1577 1462 Centumw'rnlium
1595 1445 1680 1473 porro

90 1470 227 1499 causarum
247 1479 400 1507 quanquam
421 1469 497 1498 nullae
517 1478 609 1500 extant
622 1492 630 1503 ‚
656 1480 743 1508 neque
763 1470 832 1508 apud
853 1470 997 1497 Ciceronem
1011 1492 1020 1503 ‚
1052 1480 1138 1507 neque
1160 1470 1229 1506 apud
1249 1470 1329 1498 alium
1352 1479 1504 1508 quenquam
1524 1482 1680 1507 oratorem,

92 1518 154 1536 curn
175 1510 244 1537 inter
264 1510 378 1544 privatas
397 1507 479 1535 effent
497 1509 656 1546 gravissimae
670 1529 677 1540 ‚
705 1508 828 1544 exempla
848 1516 938 1536 tamen
959 1508 1086 1536 fimilium
1107 1508 1271 1544 judiciorum
1292 1507 1378 1535 multa
1396 1509 1484 1537 attulit
1506 1512 1619 1539 Valerms
1637 1514 1679 1541 10-

91 1555 175 1583 quens
194 1546 228 1574 de
246 1544 420 1584 Testamenti&
460 1549 515 1574 Has
534 1554 625 1575 autem
647 1546 733 1574 causas
754 1555 832 1583 egere
851 1554 970 1574 oratores
988 1545 1101 1577 eodem,
1123 1555 1176 1583 quo
1196 1545 1356 1582 superiore5‚
1377 1546 1505 1581 artificio,
1527 1557 1557 1577 ut
1577 1560 1609 1579 ex
1629 1552 1677 1579 ci.

90 1585 182 1611 ceronis
201 1585 352 1612 Rhemricis
366 1605 374 1614 ‚
403 1586 430 1613 &
450 1585 554 1619 Afiont'o
574 1586 751 1613 convincitur.
791 1583 1035 1621 Qenadmodum
1057 1592 1146 1612 autem
1167 1583 1284 1619 judicem
1311 1583 1365 1611 sese
1383 1592 1478 1621 gerere
1497 1596 1621 1624 oporteat
1638 1590 1679 1618 his

91 1621 188 1654 caulis,
207 1621 323 1650 declarat
342 1626 426 1648 Crcero
446 1622 491 1649 lib.
509 1633 533 1659 3.
554 1623 718 1651 Officiorum
739 1622 778 1650 his
798 1622 897 1650 verbis:
918 1624 953 1650 At
968 1632 1055 1660 neque
1074 1630 1168 1650 contra
1182 1621 1376 1658 rempublicam
1388 1642 1395 1653 ,
1414 1631 1502 1660 neque
1515 1634 1609 1654 contra
1621 1628 1677 1663 jus-

93 1659 238 1695 jurandum
253 1680 261 1692 ‚
293 1669 325 1687 ac
345 1659 427 1686 fidem
447 1661 528 1687 amici
548 1659 585 1688 sui
605 1662 679 1689 causa
698 1661 739 1688 vir
757 1660 844 1688 bonus
869 1660 949 1688 faciet
964 1680 972 1691 ,
1000 1670 1050 1688 nec
1069 1661 1088 1688 fi
1113 1660 1195 1696 judex
1220 1659 1330 1698 quidem
1351 1661 1401 1688 erit
1414 1681 1422 1692 ‚
1448 1661 1482 1688 de
1501 1663 1557 1698 ipso
1576 1667 1676 1694 amico„

91 1698 171 1726 Ponit
185 1700 258 1726 enim
272 1696 414 1734 personam
429 1698 510 1725 amici
525 1718 532 1730 ,
552 1707 614 1726 cum
630 1698 716 1726 induit
735 1698 832 1734 judicis
845 1709 850 1725 :
872 1706 977 1726 tantum
997 1697 1070 1726 dabit
1086 1700 1210 1726 amicitiae
1224 1719 1230 1731 ‚
1252 1706 1282 1726 ut
1301 1707 1393 1725 veram
1407 1700 1488 1727 amici
1502 1701 1605 1730 causam
1621 1704 1673 1732 effe

92 1736 182 1768 malit,
202 1745 232 1764 ut
245 1735 399 1773 perorandae
411 1735 464 1764 litis
475 1744 582 1772 tempus
595 1758 601 1768 ,
623 1735 710 1774 quoad
725 1745 772 1772 per
784 1737 854 1773 leges
868 1735 960 1766 liceat,
980 1737 1180 1765 accommodet.
1221 1739 1294 1764 Cum
1308 1746 1372 1764 vero
1386 1736 1476 1771 jurato
1491 1737 1602 1769 dicenda
1614 1741 1672 1770 sen-

90 1776 174 1802 tentia
184 1774 230 1806 fit,
251 1774 407 1801 meminerit
419 1774 530 1808 deumft
541 1773 765 1808 adh1bere1estem‚
789 1774 815 1802 id
829 1775 878 1805 est,
901 1782 932 1801 ut
947 1782 999 1810 ego
1012 1774 1126 1802 arbitror
1137 1796 1143 1806 ,
1165 1782 1286 1803 mentem
1302 1774 1374 1801 suam
1390 1795 1399 1806 ,
1420 1784 1471 1811 qua
1487 1776 1552 1804 nihil
1565 1778 1670 1808 homini

87 1810 163 1841 dedit
175 1812 229 1849 ipse
243 1813 315 1839 Deus
328 1811 452 1839 divinius.
485 1813 576 1848 Itaque
591 1813 745 1848 praeclarum
759 1813 911 1849 accepimus
923 1823 936 1839 a
951 1812 1097 1849 majoribus
1111 1822 1220 1842 rnorem
1235 1812 1346 1850 rogandi
1358 1812 1452 1849 judicii
1458 1825 1466 1846 5
1486 1815 1505 1842 si
1517 1826 1580 1845 eum
1595 1824 1676 1846 tene-⁷

86 1857 192 1884 temus,
214 1859 271 1888 quae
282 1850 350 1878 lalva
360 1848 411 1877 fide
426 1849 514 1878 facere
525 1851 614 1887 poffit.

741 1924 764 1950 C
791 1932 806 1950 Α
833 1932 857 1949 1⁷.
903 1923 929 1949 X
939 1925 961 1950 V
972 1922 995 1948 Ϊ.

161 1977 214 2009 De
214 1974 364 2019 sementiae
372 1974 486 2008 latione
496 2000 504 2015 ,
521 1976 554 2007 in
566 1976 716 2021 integrum
726 1975 909 2021 restitutione
917 2001 926 2016 ,
935 1972 1108 2006 addiffione
1116 2001 1126 2016 ‚
1134 1973 1256 2021 judicio
1265 1975 1424 2010 calumniae
1431 2001 1441 2017 ,
1452 1977 1590 2024 &falfi

90 2043 210 2107 Causa
221 2042 334 2071 demum
348 2044 474 2080 utrinque
487 2052 609 2080 perorata
622 2064 628 2075 ‚
651 2045 709 2081 post
725 2042 868 2071 meridiem
888 2042 919 2071 ad
935 2043 1071 2071 ferendam
1091 2043 1250 2073 sententiam
1266 2065 1273 2076 ‚
1294 2044 1474 2083 quodcunque
1494 2047 1575 2076 fuerit
1592 2049 1665 2087 judi.

168 2083 241 2110 cium
255 2103 262 2113 ‚
283 2091 392 2110 ventum
408 2083 454 2111 est.
493 2082 535 2110 Sic
551 2083 623 2109 enirn
641 2083 768 2118 scriptum
783 2091 839 2109 erat
855 2083 882 2109 in
897 2091 928 2110 χι
941 2093 959 2108 ι.
973 2082 1068 2110 tabulis
1081 2092 1086 2108 :
1115 2081 1170 2119 Posi
1187 2081 1320 2109 meridiem
1333 2085 1449 2118 prasi-me·
1460 2085 1574 2113 ambobus
1591 2089 1665 2116 litem

85 2121 197 2147 addmto
212 2132 219 2146 .·
230 2120 272 2150 ‚Jbl
283 2121 375 2155 occasics
386 2121 504 2154 staprema
520 2118 647 2157 tempestas
660 2119 714 2157 esto.
753 2124 900 2154 Supremam
914 2122 1052 2152 nominat,
1073 2123 1133 2158 quia
1147 2122 1205 2156 post
1218 2121 1369 2158 supremam
1383 2123 1425 2158 jus
1438 2123 1507 2155 dici,
1528 2134 1573 2153 aut
1587 2127 1662 2155 causa

85 2159 210 2195 cognosci
225 2168 279 2185 non
294 2166 407 2193 poterat.
449 2157 530 2196 Qod
544 2159 562 2186 ii
576 2157 678 2195 judices
697 2158 800 2186 caulam
822 2168 878 2186 non
894 2159 1080 2186 intellexissent
1093 2181 1102 2191 ‚
1122 2159 1246 2186 dixerunt
1262 2181 1269 2191 ‚
1287 2156 1338 2195 fibi
1348 2170 1397 2187 non
1410 2160 1513 2199 liquere.
1552 2166 1664 2202 Agellms

82 2195 130 2224 lib.
148 2206 188 2232 ¹4-
207 2199 293 2222 thero
307 2204 357 2232 pro
372 2196 502 2224 Caecinna.
527 2199 552 2224 Si
568 2207 632 2224 vero
645 2198 672 2224 in
686 2197 758 2225 causa
771 2196 836 2225 nihil
849 2196 1013 2225 obscuritatis
1025 2197 1188 2229 habuerunt,
1208 2198 1365 2226 sententiam
1378 2198 1506 2227 tulerunt.
1530 2205 1668 2230 sementia

85 2243 167 2272 porro
174 2234 283 2271 serenda
297 2243 353 2262 non
369 2243 420 2261 una
431 2235 556 2262 omnium
570 2235 706 2272 judicum,
728 2244 814 2271 neque
828 2237 855 2263 in
868 2235 994 2263 omnibus
1007 2236 1086 2263 caufis
1101 2237 1170 2264 ratio
1185 2235 1244 2265 fuit.
1284 2237 1315 2264 In
1329 2237 1463 2266 nonnullis
1476 2239 1549 2267 enim
1565 2241 1659 2273 caulis,

85 2280 115 2301 ut
126 2272 161 2300 de
174 2272 295 2300 libertate
309 2274 335 2300 δε
350 2279 443 2300 ventre
456 2273 643 2310 cognoscendo
654 2274 859 2310 pronuntiarunt
873 2294 880 2305 ‚
901 2274 948 2301 sibi
960 2273 1045 2301 videri
1058 2274 1198 2302 hominem
1214 2282 1258 2302 aut
1269 2273 1382 2302 liberum
1399 2296 1406 2307 ,
1434 2286 1478 2305 aut
1497 2279 1660 2315 ingenuum,

86 2319 131 2340 aut
143 2310 249 2339 servum
264 2318 308 2339 aut
322 2310 448 2338 libertum
460 2331 467 2342 ‚
487 2318 531 2339 aut
546 2311 630 2340 filium
646 2312 710 2345 effe,
731 2319 775 2339 aut
788 2322 852 2339 non.
893 2312 948 2346 Ulp-
964 2311 991 2339 ff.
1002 2310 1036 2340 de
1049 2312 1147 2340 liberali
1160 2312 1240 2340 causa.
1281 2314 1312 2341 In
1324 2312 1418 2340 actione
1430 2324 1494 2343 vero
1507 2318 1667 2351 mjurmrum

86 2350 309 2386 pronuntiarunt,
330 2355 374 2377 aut
385 2349 445 2384 jure
459 2348 547 2377 fecisse
563 2350 666 2382 videri,
687 2359 732 2379 aut
745 2360 799 2377 non
815 2351 874 2386 jure
893 2350 981 2378 feciffe
996 2349 1088 2379 videri.
1127 2349 1291 2387 Justinianm
1310 2352 1352 2379 tit.
1367 2351 1401 2379 de
1414 2352 1525 2390 injuriis.
1563 2354 1595 2382 In
1608 2355 1666 2382 aliis

87 2388 166 2416 causis
184 2388 298 2417 alterum
317 2386 532 2416 condemnabant
543 2408 551 2421 ,
577 2388 691 2417 alterum
713 2388 890 2417 absolvebant.
929 2388 1061 2417 Dicebant
1079 2398 1168 2419 autem
1184 2410 1190 2421 ,
1211 2396 1255 2418 aut
1272 2390 1405 2417 condemno
1417 2411 1425 2422 ‚
1454 2400 1498 2419 aut
1516 2391 1557 2418 ille
1576 2391 1669 2420 debent

1606 2439 1649 2459 QUI
1661 2451 1670 2462 ι)
