2075 2734
399 119 452 144 632
694 107 1131 139 AnerurraruM
1173 100 1704 129 ROMANARUMLin.1X.

403 175 452 203 qua
465 165 491 191 in
510 162 600 198 primo
613 160 681 189 libro
691 160 884 197 epistolicarum
900 156 1073 194 quaestionum
1088 155 1178 183 refert.
1197 154 1346 182 Maximam
1360 153 1484 181 muldam
1503 153 1628 182 dixerunt
1647 155 1729 182 trium
1743 153 1858 185 millium
1869 178 1877 190 ‚
1904 161 1931 189 ὃς
1944 161 1988 190 vig

403 204 471 241 ginti
485 201 594 232 affinm,
615 201 674 236 quia
688 208 741 226 non
756 197 851 225 licebat
868 195 1004 233 quondam
1019 194 1135 231 pluribus
1153 194 1263 231 triginta
1277 192 1376 223 bobus,
1398 194 1423 221 ὃῑ
1442 191 1541 219 duabus
1555 192 1649 219 ovibus
1661 202 1825 230 quemquam
1840 197 1986 235 muletare‘,

404 239 632 275 aestimabaturque
646 238 693 264 bos
707 235 880 266 cenmffibus,
901 234 960 261 ovis
975 233 1120 261 decuffibus
1129 253 1136 264 ,
1155 241 1185 260 ut
1197 231 1286 259 scribit
1293 231 1413 268 Age-llius.
1440 232 1530 266 Qam
1544 239 1636 259 autem
1649 231 1730 268 legem
1744 232 1866 262 Ateriam
1879 239 1986 268 vocavit

404 270 516 317 Agellius
525 297 531 307 ,
553 286 611 304 eam
627 277 758 309 Tmpey'am
771 273 893 301 nominat
906 270 1003 312 Festus,
1024 272 1096 309 quod
1115 271 1219 299 Aterius
1233 278 1295 298 cum
1308 269 1428 306 Tarpejo
1442 267 1540 296 Consul
1555 278 1615 297 eam
1628 269 1727 298 tulerit.
1747 271 1799 299 Pro
1812 273 1908 302 mulfflz
1922 286 1987 305 vcro

405 319 487 346 ctiam
501 316 565 352 saepe
572 312 706 349 pecuniam
720 313 852 340 dixerunt.
1137 334 1140 335 γ

447 354 603 382 vinculorum
616 350 715 379 nomine
727 349 862 386 complexi
870 348 928 377 sunt
937 348 1091 384 compede5‚
1100 347 1214 383 pedicas,
1227 347 1353 378 manicas,
1363 354 1476 380 catenas,
1486 355 1580 375 nervas
1588 368 1593 378 ‚
1601 346 1703 384 bojam,
1712 349 1738 375 ὅ(
1746 357 1890 376 carcerem.
1905 351 1987 379 Plau-

410 402 452 422 tus
466 395 493 421 in
501 391 631 420 Afinaria:
646 387 848 426 Qiadversum
858 387 990 418 stimulos,
1006 385 1295 422 laminas‚crucesque,
1309 385 1517 423 compedesque,
1531 395 1642 417 nervos,
1658 394 1777 417 catenas,
1793 396 1924 419 carceres,
1939 399 1988 418 nu-

409 431 512 461 mellas,
522 430 627 466 pedicas
635 449 642 459 ,
650 427 734 464 bojas,
743 429 795 456 &c.
814 426 947 460 Compedes
957 425 1093 453 vinculum
1103 424 1152 455 est,
1164 432 1218 461 quo
1224 424 1303 460 pedes
1318 424 1416 451 irretiri
1424 423 1508 451 solent
1516 444 1522 454 ‚
1530 422 1560 450 ab
1566 422 1722 459 impediendo
1733 425 1798 451 diCti
1806 446 1813 456 ‚
1827 425 1891 453 teste
1899 427 1989 456 Nonio,

407 469 512 500 Pedion
522 467 658 495 vinculum
669 475 723 503 quo
733 466 812 502 pedes
820 466 980 493 vinciuntur.
1001 462 1103 490 Manica
1111 481 1118 490 .
1126 471 1180 498 quo
1188 471 1281 490 manus
1289 482 1296 495 ‚
1304 462 1419 489 Nonius.
1429 462 1594 493 NJmum‚ait
1602 461 1693 500 Festus,
1700 463 1861 498 appellamus
1869 463 1987 494 ferreum

410 507 544 535 vinculum
554 526 561 537 ‚
579 515 633 542 quo
646 505 726 542 pedes
742 504 939 540 impediuntur,
957 509 1123 539 quamquam
1138 500 1247 527 Plautus
1260 510 1293 528 eo
1306 501 1387 528 etiam
1402 500 1518 527 cervices
1531 500 1640 533 vinciri,
1660 500 1708 528 ait:
1728 501 1870 529 Perfidiose
1883 512 1988 539 captus¹
2027 523 2030 526 .

406 545 507 581 aedepol
516 553 601 571 nervo
610 544 727 571 cervices
736 543 839 580 probas.
860 543 925 575 Boje
932 561 940 572 ‚
948 541 974 568 id
983 541 1018 567 est
1026 549 1109 577 genus
1125 538 1295 566 vinculorum
1304 559 1310 569 ,
1318 547 1375 567 tam
1384 537 1477 574 ligneae
1484 558 1491 569 ‚
1500 546 1580 574 quarn
1590 538 1821 571 ferreaedicuntur‚
1832 539 1915 577 Festus
1922 561 1930 574 ,
1942 542 1988 571 ubi

408 583 518 621 Scaliger
526 582 599 610 addit
606 591 639 610 ex
646 581 760 618 antiquis
766 580 868 618 glossis,
876 578 957 613 hojum
965 579 1073 615 proprie
1087 577 1139 605 esse
1147 576 1249 605 collare.
1272 580 1407 604 Carcerem
1414 576 1571 603 aedificatum
1580 575 1655 604 fuifl‘e
1668 577 1699 603 ab
1708 579 1785 605 Anco
1794 579 1881 615 Rege,
1898 579 1988 609 scribit

407 621 498 649 Limus
510 621 554 650 lib.
564 628 576 646 1
583 640 589 647 .
603 621 765 648 imminente
773 618 835 646 foro
842 618 874 646 ad
882 625 1014 646 terrorem
1023 615 1162 645 crescentis
1176 616 1290 644 audaciae
1297 637 1304 647 ,
1312 615 1405 643 omnia
1417 614 1449 642 ad
1457 614 1621 642 coercendos
1635 617 1660 643 ὃς
1668 616 1888 653 constringendos
1899 617 1991 647 homi.

409 671 455 688 nes
466 666 627 696 comparata.
648 657 776 686 Undeilla
783 655 906 684 Ciceronis
921 657 948 683 in
956 665 986 683 vi
997 657 1053 683 nin
1062 657 1190 682 Verrem:
1206 655 1329 690 Quaeret,
1345 652 1524 690 quamobrem
1540 652 1619 680 fasces
1632 654 1787 689 praetoribus
1801 656 1987 689 praeferantur,

408 709 454 726 cur
461 697 564 726 secures
571 697 637 725 datae
645 718 651 729 ,
660 705 802 725 curcarcer
808 694 962 725 aedificatus‚
970 703 1016 721 cur
1024 700 1065 721 tot
1072 691 1196 729 supplicia
1203 701 1281 720 more
1289 692 1425 728 majorum
1433 692 1461 719 in
1468 690 1609 727 improbos
1621 692 1777 719 constituta?
1788 693 1922 720 Caeterum
1931 704 1990 723 reo.

409 747 468 765 rum
479 736 595 764 custodia
603 734 700 771 duplex
710 734 761 763 fuit
767 733 988 770 carcer&privata
995 732 1091 759 domus.
1111 733 1180 758 Ante
1189 729 1384 759 confeffionem
1396 729 1521 758 inliberas
1532 729 1660 757 custodias
1672 729 1774 757 tradere
1781 729 1989 762 consueverunt:

408 774 500 801 Libere
506 782 597 802 autem
605 772 712 810 custodia
720 772 888 803 dicebantur,
910 780 972 798 cum
981 771 1049 807 apud
1058 769 1225 806 magistratus
1234 770 1324 801 domi,
1339 777 1384 797 aut
1391 767 1460 805 apud
1474 768 1591 806 privatos
1600 787 1607 796 ‚
1621 767 1723 796 nobiles
1729 768 1895 804 ponebantur
1905 771 1991 799 custo-

408 813 509 844 dicndi,
517 811 750 849 quemadmodum
758 811 884 839 deindice
893 808 1092 836 Bacchanalium
1101 807 1200 843 scripsit
1210 806 1312 844 Liyius,
1328 810 1354 836 δε
1362 808 1395 835 de
1403 807 1549 843 conjuratis
1561 804 1704 843 Sallustius.
1723 806 1782 833 Post
1796 805 1992 837 confessionem

411 852 510 879 veroin
518 849 620 878 vincula
627 849 731 885 publica
744 848 963 884 conjiciebantur.
987 847 1114 881 Venulejus
1131 845 1198 873 ffide
1205 846 1320 873 custodia
1328 855 1435 873 reorum
1445 855 1450 871 :
1460 849 1526 871 Reus
1537 843 1667 872 confessus
1675 865 1681 875 ,
1695 845 1782 872 donec
1788 845 1821 872 de
1832 854 1865 872 eo
1872 854 1992 881 pronun-

408 891 527 920 tiaretur,
533 889 560 915 in
568 887 672 925 publica
679 887 782 915 vincula
790 887 979 922 conjiciendus
1000 886 1069 912 Item
1079 884 1193 912 scevola:
1205 887 1271 911 Reus
1277 883 1454 914 confeslus,0b
1463 882 1546 910 solam
1554 882 1747 910 confeffionem
1756 883 1854 919 conjici
1866 884 1893 911 in
1901 886 1992 913 vincu-

410 927 434 954 la
444 927 589 956 consuevit.
611 926 672 954 Fuit
681 934 771 954 autem
781 925 865 953 custos
874 924 982 961 quidam
991 924 1199 959 carceris,quem
1210 921 1452 956 commentarienftm
1461 929 1539 948 vocat
1546 920 1612 947 le.
1620 920 1664 947 lib.
1673 930 1757 957 7.cap.
1764 923 1806 959 38.
1815 921 1860 958 qui
1868 924 1993 951 triumvi-

411 976 443 994 ro
450 965 564 1001 capitali,
572 965 646 1000 cujus
656 963 761 991 summa
769 964 889 994 carceris,
898 964 924 991 &
933 960 1168 989 animadversionis
1175 969 1237 988 cura
1249 960 1310 992 fuit,
1322 960 1437 997 parebat.
1459 958 1639 986 Ostendithoc
1646 959 1757 986 Valet-ms
1771 960 1814 987 lib.
1821 969 1847 995 5.
1860 958 1994 994 scribens,

409 1004 547 1032 custodem
556 1003 667 1031 carceris
680 1003 808 1037 pietatem
818 1001 875 1028 filiae
883 1002 974 1041 quaein
981 1008 1085 1027 carcere
1093 1004 1208 1026 matrem
1216 998 1284 1025 laSte
1291 996 1443 1026 sustentavit
1451 998 1481 1024 ad
1489 997 1662 1025 triumvirum
1673 997 1800 1026 detulisse.

449 1041 553 1069 Verbera
565 1040 665 1068 inflizsta
680 1039 739 1067 sunt
752 1038 834 1076 viugis
848 1041 873 1066 ἃ
883 1036 1001 1075 fustibus.
1028 1036 1118 1074 Virgis
1132 1037 1169 1064 usi
1179 1037 1239 1065 sunt
1254 1036 1437 1074 magistratus,
1458 1044 1521 1062 cum
1535 1035 1664 1069 expeditis
1677 1035 1802 1069 fascibus,
1822 1037 1928 1065 lietores
1937 1039 1993 1066 ani-

412 1081 614 1107 madverterunt
628 1080 655 1105 in
667 1087 752 1115 terga:
774 1076 900 1113 praecessit
913 1084 1004 1103 autem
1019 1075 1169 1103 verberatio
1182 1083 1336 1103 extremum
1351 1074 1447 1101 mortis
1459 1072 1633 1109 supplicium,
1653 1072 1851 1110 fustigationem
1864 1077 1891 1104 in
1906 1077 1995 1104 castris

412 1118 601 1150 adhibuerunt,
621 1116 791 1152 &privatinm
813 1112 925 1141 Valerius
939 1114 1007 1141 libro
1021 1113 1103 1141 sext0.
1124 1113 1249 1141 Metellus
1261 1121 1375 1140 uxorem
1387 1132 1394 1143 ‚
1415 1112 1488 1149 quod
1501 1111 1594 1137 vinum
1609 1110 1727 1143 bibisset,
1746 1112 1812 1141 fuste
1826 1114 1974 1142 interemit,

452 1158 494 1184 De
507 1156 606 1184 talione
618 1154 653 1182 fic
668 1152 787 1193 {fider-ast
809 1152 880 1181 Talia
893 1150 926 1189 est
933 1150 1078 1188 fimtlt'tudo
1095 1150 1210 1179 vindusfa
1219 1172 1227 1185 ,
1247 1158 1276 1177 ut
1287 1149 1376 1178 taliter
1389 1159 1445 1189 qun
1454 1148 1590 1184 puniatur,
1610 1156 1640 1175 ut
1646 1148 1710 1184 fecit
1717 1161 1724 1176 .·
1746 1150 1810 1182 hoc.
1832 1154 1904 1180 enim
1915 1155 1940 1182 ἃ
1949 1162 1994 1180 na-

413 1204 471 1224 tura
485 1195 578 1230 &lc-ge
592 1194 627 1221 est
640 1193 804 1222 institutum,
826 1199 855 1218 ut
868 1190 1008 1219 laedentem
1021 1190 1113 1217 fimilis
1123 1190 1240 1218 vindicta
1252 1187 1389 1226 sequatur,
1403 1189 1508 1216 unde&
1519 1185 1581 1214 illud
1597 1187 1634 1214 est
1646 1187 1723 1225 legis:
1745 1189 1852 1216 Oculum
1859 1199 1905 1225 pro
1920 1191 1997 1221 oculo,

413 1234 516 1260 dentem
524 1242 568 1267 pro
580 1232 662 1259 dente.
684 1232 755 1258 Item
770 1228 855 1266 festus
868 1228 932 1256 citat
946 1229 1000 1256 haec
1012 1227 1094 1256 verba
1108 1227 1185 1265 legis:
1207 1228 1234 1255 Si
1247 1228 1404 1255 membrum
1416 1227 1501 1264 rupit,
1515 1225 1614 1265 uicum
1629 1235 1661 1253 eo
1668 1227 1752 1261 pacit,
1773 1228 1836 1255 talio
1848 1229 1912 1256 esto.
1934 1230 1996 1256 Per-

414 1272 501 1298 mittit
515 1278 605 1297 autem
616 1290 623 1300 ,
643 1268 780 1306 inquitlex
790 1288 800 1300 ,
819 1276 911 1304 parem
928 1267 1084 1297 vindiaam.
1116 1266 1188 1295 Hinc
1202 1264 1370 1303 Justinianus
1379 1265 1490 1301 scripfit:
1513 1264 1595 1290 I’oena
1606 1263 1763 1299 injuriarum
1776 1273 1824 1301 per
1837 1266 1994 1295 membrum

412 1316 523 1345 ruptum
538 1306 598 1335 talio
615 1314 677 1334 erat.
698 1306 784 1343 Age-ll.
802 1313 892 1334 autem
907 1304 952 1333 lib.
965 1316 1005 1333 11.
1016 1315 1039 1333 c.
1053 1315 1074 1332 1.
1087 1304 1161 1334 addit
1175 1314 1252 1333 reum
1267 1303 1382 1333 habuisse
1395 1302 1549 1331 facultatem
1562 1301 1711 1337 paciscendi
1726 1305 1752 1332 δε
1765 1313 1820 1332 non
1834 1306 1936 1333 neeesse
1949 1304 1994 1333 ha.

415 1347 498 1374 buiffe
513 1347 566 1383 pati
584 1345 703 1372 talionem
714 1365 722 1376 ,
741 1342 789 1372 nisi
802 1353 861 1371 eam
877 1343 1002 1380 elegisset.
1024 1344 1074 1371 Sed
1087 1343 1120 1371 de
1132 1342 1180 1371 hac
1194 1343 1254 1380 lege
1266 1341 1350 1378 supra.

453 1382 592 1422 [gnominis
606 1383 656 1411 fuit
668 1382 787 1410 infamia.
808 1381 891 1409 Cicero
906 1382 983 1413 lib.4.
997 1383 1030 1410 de
1046 1384 1114 1419 Rep.
1130 1382 1196 1409 teste
1209 1381 1313 1408 Nonio.
1335 1379 1459 1408 Censoris
1472 1379 1602 1414 judicium
1617 1378 1683 1406 nihil
1698 1378 1753 1407 fere
1767 1380 1895 1408 damnato
1909 1380 1996 1410 affert,

414 1423 461 1450 nili
476 1423 612 1450 ruborem.
635 1422 728 1457 Itaque
741 1421 812 1458 quod
829 1421 919 1448 omnis
938 1429 966 1447 ea
978 1421 1109 1456 judicatio
1125 1419 1243 1448 versatur
1257 1419 1452 1446 tantummodo
1465 1420 1491 1445 in
1506 1419 1620 1445 nomine
1633 1437 1639 1448 ,
1656 1417 1848 1446 animadversio
1860 1419 1906 1445 ista
1919 1420 1998 1456 igno-

415 1461 499 1488 minia
512 1460 583 1488 dieta
597 1459 642 1486 est.
679 1459 787 1495 Infivmes
799 1466 889 1486 autem
904 1458 964 1494 lege
978 1461 1004 1487 ὃς
1020 1459 1109 1486 edicto
1123 1458 1249 1493 praetorio
1263 1456 1346 1484 faetos
1358 1476 1366 1486 ,
1389 1458 1415 1485 δε
1428 1465 1522 1493 quare,
1544 1464 1652 1491 apparet
1665 1464 1698 1481 ex
1712 1455 1818 1492 Dg'gestu
1833 1457 1866 1484 de
1879 1458 1910 1484 iis
1920 1477 1929 1491 ,
1949 1457 1995 1495 qui

416 1506 544 1527 notantur
556 1497 675 1524 infamia.
697 1498 832 1524 Caeterum
844 1495 954 1531 infirmia
967 1497 1009 1532 jus
1025 1505 1168 1523 munerum
1178 1516 1184 1526 ‚
1206 1495 1396 1531 honorumque
1408 1494 1527 1521 civilium
1542 1493 1629 1520 ferme
1641 1493 1750 1520 ademit.

455 1536 573 1563 Exilium
587 1533 775 1562 intellexerunt
787 1555 796 1566 ‚
817 1543 878 1560 cum
893 1543 962 1572 aqua
976 1533 1017 1566 ζῇ
1030 1532 1083 1571 igni
1099 1531 1296 1561 interdixerunt.
1334 1533 1472 1568 Siquidem
1487 1530 1651 1558 consuetudo
1670 1530 1797 1568 loquendi
1809 1531 1926 1560 obtinuit
1938 1552 1944 1564 ‚
1965 1538 1997 1560 ut

417 1583 512 1602 omnes
525 1593 533 1604 ,
552 1573 646 1609 quibus
661 1581 728 1609 aqua
749 1574 775 1599 &
790 1572 846 1608 igni
862 1572 1035 1599 interdie'tum
1050 1571 1114 1599 esset
1127 1591 1134 1601 ‚
1155 1571 1284 1607 quoniam
1304 1570 1377 1598 exilii
1396 1569 1471 1598 causa
1482 1568 1568 1596 solum
1587 1577 1692 1596 vertere
1704 1570 1867 1606 cogebantur
1878 1590 1886 1601 ,
1907 1570 1996 1598 exules

416 1611 624 1648 appellarentur,
644 1618 673 1638 ut
687 1610 722 1637 est
737 1610 764 1636 in
782 1609 935 1637 Rhetoricis
950 1609 981 1636 ad
998 1610 1176 1637 Herennium.
1208 1607 1323 1635 Exilium
1337 1616 1428 1636 autem
1448 1616 1504 1634 non
1518 1606 1707 1634 nominabatur
1721 1607 1746 1633 in
1762 1608 1926 1645 irrogatione
1938 1616 1997 1644 poe.

417 1660 471 1681 nz,
492 1649 535 1676 sed
548 1658 617 1687 aqua
630 1648 663 1682 &v
675 1647 740 1686 rgnis
750 1646 909 1679 interdrfflo,
929 1656 1012 1683 quam
1028 1647 1171 1676 neceffario
1183 1646 1337 1683 sequebatur
1351 1646 1470 1674 exilium.
1492 1646 1588 1682 Neque
1601 1644 1673 1671 enim
1683 1645 1736 1672 fine
1747 1654 1819 1682 aquae
1829 1648 1856 1674 δε
1871 1647 1938 1683 ignis
1952 1645 1997 1674 ufi1

417 1688 470 1715 effe
483 1686 620 1725 quisquam
636 1687 663 1714 in
676 1685 750 1713 Urbe
762 1692 880 1722 poterat,
902 1686 973 1722 quod
987 1686 1067 1713 docet
1080 1689 1163 1712 thero
1183 1695 1233 1722 pro
1251 1685 1382 1712 Caecinna.
1414 1682 1529 1710 Extlium
1543 1693 1597 1711 non
1611 1682 1646 1710 est
1660 1682 1832 1720 supplicium,
1852 1683 1895 1712 sed
1908 1684 2000 1720 perfu-
2016 1686 2018 1688 '

417 1727 506 1764 gium,
526 1724 670 1762 portusque
682 1723 810 1761 supplicii.
833 1725 904 1750 Nam
920 1724 964 1760 qui
978 1723 1071 1752 volunt
1079 1732 1187 1761 poenam
1202 1722 1317 1759 aliquam
1332 1722 1515 1759 subterfugere
1526 1730 1572 1749 aut
1585 1720 1780 1756 calamitatem,
1802 1721 1928 1750 eosolum
1937 1732 1996 1750 ver-

419 1772 494 1793 runt,
514 1763 566 1791 hoc
579 1763 630 1794 est,
652 1762 741 1790 locum
752 1783 760 1794 ‚
781 1771 811 1789 ac
820 1761 908 1789 sedem
924 1769 1038 1790 mutant.
1060 1765 1152 1798 ltaque
1165 1761 1234 1789 nulla
1246 1761 1272 1788 id
1285 1761 1344 1799 lege
1355 1761 1442 1788 nostra
1455 1761 1616 1795 reperietur,
1638 1761 1741 1796 utapud
1752 1768 1857 1788 caeteras
1867 1762 1998 1792 civitates,
2031 1768 2039 1774 ·

420 1802 583 1830 maleficium
598 1800 682 1828 ullum
697 1800 748 1828 effe
762 1800 841 1828 exilio
854 1799 1014 1828 muletatum
1027 1811 1031 1827 z
1054 1800 1096 1827 sed
1112 1809 1174 1827 cum
1188 1799 1311 1827 homines
1325 1798 1428 1827 vincula
1442 1818 1448 1829 ,
1468 1806 1548 1824 neces
1559 1818 1568 1828 ‚
1588 1797 1800 1835 ignominiasque
1812 1799 1897 1826 vitant
1912 1820 1918 1830 ,
1938 1806 1998 1833 quae

419 1841 477 1868 ium
489 1840 589 1876 legibus
598 1840 760 1870 constitutae,
781 1838 955 1875 confugiunt,
976 1837 1046 1875 quafi
1059 1839 1090 1866 ad
1102 1847 1174 1865 aram
1184 1857 1190 1866 ‚
1212 1836 1368 1865 inexilium:
1390 1837 1436 1874 qui
1448 1835 1467 1862 fi
1479 1835 1506 1862 in
1521 1835 1629 1863 civitate
1638 1833 1703 1872 legis
1717 1836 1774 1863 vim
1789 1835 1876 1863 subire
1889 1835 2002 1871 vellent,

421 1889 475 1906 non
489 1879 559 1913 prius
573 1879 725 1907 civitatem,
746 1885 827 1913 quam
842 1877 925 1904 vitam
942 1878 1109 1904 amitterent.
1130 1877 1168 1904 Ex
1181 1875 1228 1903 illo
1239 1883 1329 1903 autem
1344 1875 1416 1903 cives
1429 1874 1487 1909 jure
1502 1872 1615 1901 civitatis
1625 1874 1718 1901 nudati
1731 1874 1797 1901 sunt.
1823 1874 1939 1911 Relegati
1953 1883 1999 1902 au-

420 1925 476 1945 tem
491 1916 568 1947 dieti,
589 1916 653 1944 teste
666 1913 747 1951 Festo,
768 1914 862 1951 quibus
871 1914 1039 1951 ignominiae,
1062 1922 1106 1943 aut
1119 1923 1205 1950 poenae
1217 1912 1290 1941 causa
1303 1913 1405 1941 necesse
1420 1913 1470 1939 fuit
1483 1932 1492 1943 ‚
1512 1911 1544 1939 ab
1559 1911 1624 1939 urbe
1637 1913 1727 1939 Roma
1740 1932 1747 1943 ,
1768 1912 1854 1939 aliove
1868 1922 1922 1949 quo
1935 1912 1998 1941 loco

422 1955 519 1986 abeffe,
541 1954 612 1991 lege,
633 1953 786 1989 senatuique
801 1951 937 1984 consulto,
959 1961 1003 1981 aut
1019 1953 1108 1980 edicto
1122 1952 1297 1990 magistratus

460 1997 499 2020 De
506 1994 634 2027 Jermtute
646 2000 735 2019 autem
745 2012 751 2022 ‚
773 2000 824 2028 qua
836 1991 879 2027 jus
890 1991 1019 2019 libertatis
1032 1991 1069 2018 cst
1079 1990 1223 2022 violatum,
1245 1992 1271 2018 ὃς
1284 1997 1409 2018 extremo
1421 1987 1551 2025 supplicio
1563 2008 1570 2020 ‚
1591 1996 1646 2024 quo
1660 1988 1714 2016 vita
1727 1987 1853 2024 adempta
1863 2006 1870 2019 ,
1897 1996 1927 2017 ut
1941 1998 1998 2027 quae

424 2030 519 2057 horum
533 2031 694 2065 judiciorum
708 2038 763 2056 non
778 2029 840 2061 lint,
861 2030 918 2065 post
930 2029 981 2057 alio
994 2029 1057 2058 loco
1068 2030 1154 2066 magis
1168 2029 1267 2056 idoneo
1280 2029 1392 2056 dicetur.
1548 2062 1552 2066 .

464 2068 597 2103 Quoniam
613 2076 702 2095 autem
719 2067 765 2094 has
777 2077 867 2105 poenas
880 2077 976 2095 omnes
990 2068 1091 2096 duobus
1106 2067 1261 2095 nominibus
1273 2065 1446 2095 incluserunt,
1463 2073 1568 2098 petuma
1582 2066 1608 2092 ὃ(
1618 2062 1719 2099 capitis.
1739 2063 1774 2091 ob
1788 2065 1814 2092 id
1828 2064 1930 2093 faetum
1945 2066 1997 2098 est,

424 2114 455 2133 ut
466 2105 564 2140 judicia
575 2106 678 2141 publica
692 2106 740 2132 alia
752 2105 871 2140 capitalia
886 2105 997 2138 fuerint,
1019 2106 1067 2133 alia
1079 2116 1134 2133 non
1150 2105 1258 2132 fuerint.
1284 2105 1366 2142 Qiod
1380 2104 1464 2131 etiam
1476 2101 1575 2138 scripslt
1590 2103 1686 2130 Paulus
1699 2103 1730 2129 ad
1744 2103 1862 2131 edifitum
1872 2104 1999 2142 principis

423 2143 462 2170 his
478 2143 574 2169 verbis:
597 2143 764 2171 l'ublicorum
777 2143 940 2180 judiciorum
955 2145 1075 2181 quaedam
1090 2143 1207 2179 capnalr'a
1221 2143 1294 2175 sunt,
1314 2143 1435 2179 quaedam
1449 2150 1497 2167 non
1509 2139 1637 2175 capitalia.
1665 2139 1796 2175 Capitalia
1808 2141 1879 2173 sunt,
1899 2152 1930 2170 ex
1945 2142 2001 2180 qui·

424 2181 471 2209 bus
483 2189 562 2216 poena
571 2201 577 2211 ,
598 2190 684 2209 mors.
704 2182 863 2209 autexilium
878 2183 929 2211 est.
951 2182 1003 2210 hoc
1013 2184 1063 2214 est,
1085 2192 1159 2219 aquae
1173 2185 1199 2210 ὃ(
1212 2183 1281 2219 ignis
1294 2180 1456 2209 interdietiO·
1479 2181 1528 2206 Per
1537 2178 1582 2207 has
1596 2179 1667 2207 enim
1677 2188 1769 2216 poenas
1782 2180 1909 2209 eximitur
1919 2186 1999 2217 caput

425 2220 459 2246 de
471 2220 587 2258 civitate.
615 2219 689 2245 Nam
702 2228 794 2247 caetera
807 2230 861 2248 non
876 2220 952 2248 exilia
964 2242 971 2253 ‚
992 2221 1035 2249 sed
1047 2220 1207 2258 relegatam
1220 2220 1328 2257 proprie
1342 2218 1467 2247 dicuntur
1481 2239 1487 2249 ‚
1508 2224 1572 2246 tunc
1585 2219 1660 2246 enim
1677 2218 1769 2245 civitas
1779 2220 1917 2247 retinetur.
1942 2221 1998 2246 Non

423 2256 541 2290 :apnalm
555 2255 627 2286 sunt,
649 2265 680 2282 ex
691 2257 783 2292 quibus
795 2259 957 2294 pecuniaria,
978 2268 1022 2287 aut
1032 2261 1059 2287 in
1073 2269 1169 2296 corpus
1182 2258 1268 2296 aliqua
1286 2258 1417 2286 coercitio
1429 2265 1508 2292 poena
1523 2257 1568 2285 est.
1588 2256 1722 2284 Haemus
1735 2255 1787 2284 ille.

465 2297 597 2321 Utautem
608 2302 662 2320 non
676 2303 769 2321 omnes
783 2298 855 2330 cizic-lie
869 2298 1020 2326 criminales
1033 2298 1149 2332 capitales
1162 2296 1268 2324 fuerunt
1277 2317 1283 2328 ‚
1304 2295 1386 2324 veluti
1399 2295 1416 2322 fi
1426 2294 1569 2331 majestatis
1579 2304 1636 2322 reus
1652 2294 1793 2323 muletatus
1806 2294 1996 2331 effetpecunia:

425 2332 458 2361 sic
472 2342 527 2359 non
541 2340 636 2359 omnes
651 2332 770 2366 capitales
784 2336 885 2361 crimen
899 2337 1103 2368 continuerunt,
1123 2344 1153 2363 ut
1162 2335 1236 2363 causa
1244 2334 1379 2371 Qinetii,
1400 2343 1457 2370 quae
1470 2334 1484 2359 a
1498 2331 1610 2360 Cicerone
1622 2331 1735 2367 capitalis
1747 2333 1844 2361 dicitur
1863 2332 1945 2366 (cum
1958 2339 1999 2359 ta-

426 2380 489 2399 men
503 2370 556 2399 fine
569 2370 701 2404 crimine)
715 2371 774 2407 quia
785 2371 926 2401 infamiam
939 2374 1078 2409 afferebat,
1101 2373 1238 2413 Qindims
1251 2381 1342 2401 autem
1360 2371 1548 2401 vadimonium
1561 2370 1699 2400 deseruiffe
1714 2371 1856 2399 dicebatur.
1879 2368 2001 2406 Modesti-

1953 2417 2004 2434 »ιω
2054 2423 2062 2433 ι.
