2075 2734
394 93 447 122 88ss
820 98 1158 129 PAut-rM

386 149 418 165 re.
440 140 572 171 legebatur,
590 143 643 165 Cum
656 150 683 165 ex
701 142 791 168 Sicilia,
809 141 834 165 &¹
847 151 875 166 ex
888 142 969 173 legibus
984 144 1127 172 frumentum
1140 143 1160 165 ei

388 174 409 195 in
422 174 492 195 cellam
501 174 586 202 summ
600 175 683 196 liceret.
695 172 793 196 offensus
801 172 851 197 sum
862 191 868 201 ,
885 175 1022 204 &imprimi
1032 174 1080 202 juffi
1089 191 1094 200 ,
1107 170 1161 196 Cum

389 212 417 226 cx
432 206 455 227 S.
470 206 492 227 C.
503 203 528 227 ἐν
541 213 568 226 ex
584 205 679 235 legibus,
696 204 763 235 quod
782 205 896 229 mendum
922 206 948 228 ab
964 206 1081 237 imperitia
1095 204 1161 228 libra-

387 235 479 259 riorum
487 236 605 267 originem
613 236 793 260 duxitrveter-em
800 238 865 260 enim
873 236 988 261 scribendi
996 245 1088 260 morem
1095 238 1163 268 igno-

389 273 478 294 rantes,
495 274 538 297 pro
552 269 575 290 S.
590 271 610 290 ί,
625 267 771 290 scribendum
785 275 901 299 putarunt.
921 270 969 295 Sis,
987 268 1093 292 dictione
1106 276 1163 291 con-

390 299 471 325 tram,
488 306 538 329 quae
553 298 656 329 apposito
672 299 759 329 puncto
771 299 907 331 fignifiearet
920 301 1004 324 Sicilia.
1018 301 1042 323 ὅ(
1054 308 1108 323 cum
1123 298 1165 331 ipsi

390 329 543 361 xeposuissent
564 332 614 357 Δίες
632 330 672 353 alii
683 331 796 361 producta
809 331 915 356 distione
926 330 1064 364 scripserunt
1079 333 1165 354 sicilia.

390 361 456 385 idem
477 362 502 383 irr
516 361 608 384 fediani
621 361 694 385 libros
705 363 818 394 mendum
832 364 965 395 irrepserat:
983 363 1049 394 quod
1063 370 1106 387 nos
1120 363 1165 386 im-

390 392 505 424 press'rone
524 392 598 416 nostra
620 393 761 418 sustulimus.
778 395 897 426 legebatur
909 396 976 419 enim
989 396 1014 419 in
1029 394 1165 418 Miloniana:

390 425 579 451 commentario,
592 426 623 456 fic
636 426 783 454 effesassum,
801 434 843 457 pro
858 430 881 450 S.
895 430 910 450 c
932 427 1066 456 effesaerum.
1083 426 1165 450 Redeo

392 455 455 478 unde
469 455 562 479 diverti.
574 457 662 487 Largiri
677 456 705 480 de
718 457 813 487 publico
821 457 909 482 senatus
917 458 963 482 sine
971 458 1060 489 populo
1068 465 1118 481 non
1126 464 1168 488 po-

391 493 459 510 terat:
478 487 543 518 quod
555 494 635 510 contra
650 488 696 511 stne
708 488 786 512 senatu
798 491 899 521 populus
907 490 1088 521 poterar.itaqtre
1095 487 1167 512 Caesat

392 519 417 542 irr
430 519 559 542 Consulatu
574 518 614 542 suo
627 527 737 551 campum
744 522 874 548 Stellatem,
891 523 1073 552 &Campanum
1081 521 1127 544 fine
1134 518 1166 543 se-

391 550 566 574 natusconsulto
579 551 738 580 plebidivisit‚
757 553 809 583 lege
816 560 952 576 contentus:
970 554 1084 583 idemque
1093 551 1167 582 publi-

391 589 472 607 canos,
492 582 515 605 in
523 583 683 606 conducendis
692 584 843 615 vestigalibus
850 585 977 616 cupiditate
984 583 1102 615 prolapsos
1110 600 1116 610 ,
1124 590 1167 606 ter-

392 613 422 636 tia
436 612 517 637 debitae
534 614 635 645 pecunia:
648 621 710 646 parte
717 623 765 638 non
774 614 987 643 senatusconsulto,
1005 615 1042 640 sed
1052 617 1101 647 lege
1112 616 1167 638 tele*

393 647 466 669 vavit.
480 644 567 669 fecisset
580 647 656 671 enim.
681 647 697 669 si
710 646 822 675 licuisset,
840 655 878 679 per
888 648 992 671 senatum
1000 646 1081 674 Caesar‚
1103 647 1168 678 quod

392 683 434 707 per
442 678 556 708 populum
565 677 628 701 fecit.
640 677 686 701 hacc
693 679 758 702 enim
766 679 813 702 fere
820 681 887 703 verba
895 678 978 703 suntin
986 687 1010 703 ea
1018 687 1060 710 pro
1069 679 1167 702 Plancio.

394 716 437 731 nec
451 716 505 731 vero
520 708 586 734 huius
595 710 683 740 generis
691 712 797 742 exempla
804 711 966 735 desideramus.
983 718 1036 735 nam
1045 712 1069 734 ἃ
1078 713 1098 733 Ρ.
1113 711 1167 733 Cle«

393 739 446 763 dius
455 757 460 766 ,
479 741 604 764 Ciceronis
617 741 742 769 inimicus,
760 744 831 766 etiam
843 750 912 774 regna
923 743 975 766 latis
987 742 1077 773 legibus
1090 742 1169 765 vendi-

394 771 430 795 dit
444 773 533 798 verius,
552 780 623 803 quam
631 773 735 796 donavit.
746 775 769 797 ἃ
779 775 860 798 multis
868 776 912 801 jam
920 774 1100 798 annisanteTir.
1108 776 1170 796 Sem-

396 804 494 833 pronius
505 804 620 827 Gracchus
633 805 661 827 de
671 805 805 829 dividendis
818 807 877 837 agris
889 807 966 837 legem
975 807 1028 829 tulit
1036 804 1114 828 senatu
1122 813 1171 828 non

394 834 510 858 consulto.
525 836 583 859 item
596 835 663 859 frater
675 837 723 864 eius
736 841 762 860 C.
777 838 893 861 Gracchus
906 838 934 861 de
947 837 1050 861 coloniis
1057 837 1172 860 deducen-

395 867 446 893 dis,
464 866 493 889 de
507 867 606 890 vestibus
618 862 710 897 publice
723 868 841 892 militibus
854 868 994 900 prabendis,
1010 869 1039 892 de
1051 868 1172 892 frumento

397 897 461 928 plebi
473 897 651 925 distribuendo,
670 899 745 923 senatu
760 907 808 924 non
822 900 899 924 solum
907 908 957 924 non
964 901 1115 925 decernente,
1135 899 1173 923 sed

397 930 468 953 etiam
483 931 558 952 invito
572 931 596 953 &
610 930 755 957 adversante,
773 932 836 963 leges
844 933 907 955 tulit.
924 932 997 958 Illud,
1015 931 1081 963 quod
1089 932 1173 954 Plutar-

397 961 454 984 chus
462 961 529 984 tradit
538 979 541 982 .
555 963 632 991 primo
640 963 737 985 miratus
744 961 794 986 sum
802 980 808 989 ‚
817 963 914 986 Tiberio
922 964 949 986 ad
957 963 1097 986 divisionem
1105 969 1172 992 agro-

398 1000 451 1016 rum
466 993 600 1023 profesiuro
615 992 718 1016 senatum
733 1001 839 1017 novenos
852 1002 965 1018 nummos
980 994 1003 1017 in
1011 994 1116 1025 singulos
1124 994 1174 1016 dies

398 1031 442 1055 pro
456 1024 548 1054 sumptu
556 1023 691 1047 decrevisse:
710 1024 771 1056 quasi
779 1026 802 1049 ὅ(
813 1025 900 1049 senatus
907 1025 1070 1049 distribuendae
1078 1024 1175 1056 publica:

398 1056 502 1087 pecuniae
520 1055 653 1086 potestatem
672 1056 772 1080 haberet.
790 1056 828 1080 sed
847 1057 934 1081 deinde
950 1064 1027 1080 meam
1040 1056 1176 1080 admiratio-

398 1094 454 1110 nem
469 1094 504 1109 res
517 1087 563 1118 rpsa
577 1086 673 1110 sussutir.
697 1095 751 1111 nam
765 1087 811 1111 hoc
822 1089 857 1112 illi
871 1097 911 1120 per
924 1089 1039 1119 populum
1053 1088 1078 1112 in
1089 1088 1136 1111 levi
1151 1096 1175 1111 re

399 1118 487 1142 licuisse
494 1135 500 1145 ,
518 1119 688 1149 quismitetur?
705 1119 769 1142 srcuti
777 1121 847 1143 etiarn
855 1137 860 1147 ,
868 1128 923 1144 cum
931 1127 1059 1143 exterarum
1067 1121 1175 1151 gentium

400 1151 482 1181 legatis
494 1157 590 1173 munera
600 1150 723 1174 dabantur:
742 1152 809 1183 quod
823 1150 911 1175 senatus
923 1152 1018 1175 arbitrio
1030 1151 1107 1175 fiebat.
1126 1158 1174 1175 non

400 1183 467 1205 enim
478 1199 484 1208 ,
504 1182 544 1205 ubi
558 1182 616 1211 quid
629 1183 733 1214 pecunia:
741 1184 819 1213 promi
827 1190 855 1206 ex
863 1184 962 1207 aerarioo
982 1189 1081 1208 orreret,
1099 1185 1175 1206 conti-

403 1221 451 1237 nuo
465 1220 557 1245 propter
568 1221 619 1237 eam
632 1213 720 1238 causam
733 1215 811 1246 legem
819 1215 1029 1245 fertiexdignrrate
1037 1215 1175 1247 populiiko-

400 1247 465 1269 mani
480 1245 608 1269 videbatur.
624 1248 650 1269 ln
666 1246 1021 1274 iudiciisetiamconstituendis,
1040 1253 1175 1270 autmutari-

401 1277 451 1303 dis,
469 1278 493 1300 ὃ(
507 1278 610 1300 omnino
623 1278 648 1301 in
662 1278 706 1301 hoc
716 1285 813 1309 genere,
832 1278 1009 1306 jacebatsenatus
1016 1279 1122 1301 voluntas
1129 1278 1177 1302 fine

401 1309 485 1340 populi
499 1307 610 1332 consensu
619 1326 624 1336 ,
642 1310 665 1332 id
673 1309 719 1336 est,
738 1309 961 1334 senatusconsultum
975 1310 1085 1341 srnelege.
1094 1310 1130 1333 lex
1138 1318 1176 1333 au-

400 1346 464 1365 tem.
486 1347 535 1364 non
546 1340 623 1364 solum
636 1340 651 1364 fi
665 1341 863 1365 senatusconsulto
870 1341 1062 1373 comprobaretur
1071 1359 1078 1369 ,
1094 1349 1175 1365 verum

401 1371 440 1395 etsi
454 1378 532 1395 contra
540 1371 628 1395 serratus
641 1374 786 1397 voluntatem
799 1374 843 1397 lata
856 1373 909 1398 esset
918 1392 924 1401 ‚
945 1373 1175 1397 tatatamenhabeba-

402 1410 446 1427 tur.
460 1404 537 1434 iraque
546 1404 665 1436 quoddam
674 1404 895 1429 senatusconsultum
902 1404 1053 1429 adversuseos
1061 1422 1067 1432 ‚
1075 1412 1178 1436 quorum

402 1443 471 1466 opera
482 1436 567 1459 saCium
576 1435 642 1462 esset,
654 1443 678 1459 ut
686 1437 797 1465 judicium
806 1437 927 1469 publicum
935 1444 1120 1470 corrumperetur
1132 1454 1138 1464 ,
1153 1438 1178 1460 in

402 1468 511 1490 oratione
524 1474 566 1498 pro
576 1468 689 1491 Cluentio
696 1469 782 1492 Cicero
792 1470 910 1500 repudiat,
929 1470 951 1492 δε
960 1470 1084 1493 infirmum
1091 1469 1178 1500 fignifi-

403 1505 437 1521 cat
445 1516 450 1524 ,
469 1499 500 1522 ob
513 1507 563 1522 eam
578 1499 666 1522 causam
675 1515 681 1525 ‚
698 1501 752 1531 quia
766 1500 842 1530 postea
849 1501 926 1531 legem
934 1507 962 1524 ex
970 1508 998 1523 eo
1006 1501 1120 1524 Consules
1128 1509 1176 1524 non

403 1529 513 1553 tulissent.
527 1537 547 1553 at
560 1538 614 1553 vero
629 1531 721 1561 legem,
740 1539 783 1562 qua
795 1533 823 1554 L.
832 1533 939 1555 Aurelius
947 1534 1017 1555 Cotta
1026 1532 1108 1560 iudicia
1117 1533 1177 1555 inter

404 1568 449 1584 tres
468 1562 564 1585 ordines
584 1562 769 1590 communicavit
783 1580 789 1590 ,
808 1562 911 1586 senatum
925 1580 931 1590 ,
948 1564 1038 1594 equites
1049 1581 1054 1590 ,
1071 1564 1179 1587 tribunos

402 1593 493 1616 marios
501 1601 506 1615 ε
514 1601 568 1616 cum
577 1601 628 1617 arrte
635 1601 704 1624 penes
713 1601 786 1618 unum
794 1594 904 1618 ordinem
912 1595 1053 1618 senatorium
1060 1595 1112 1626 lege
1120 1597 1177 1618 Cor-

404 1625 465 1647 nelia
479 1624 584 1648 fuissent:
602 1625 659 1648 hanc
673 1627 771 1655 inquam
781 1626 872 1656 legem,
896 1634 945 1657 qua:
954 1626 1040 1649 senatus
1049 1628 1178 1657 porentiam

404 1656 535 1679 admodum
555 1656 725 1683 imminuebat,
744 1657 812 1680 latam
824 1657 870 1680 sine
882 1657 1092 1683 senatusconsulto,
1111 1659 1178 1682 latam

404 1688 481 1711 invito
496 1688 585 1714 senatu,
604 1689 696 1712 firmam
710 1695 788 1711 tamen
801 1688 879 1716 suisse,
897 1689 1177 1720 &observatamdiligen-

404 1725 438 1742 tert
453 1727 500 1743 non
515 1719 590 1742 solum
604 1719 733 1749 reipublicae
742 1720 900 1750 temporibus,
920 1721 957 1744 sed
966 1721 1177 1752 aliquandiuetiam

404 1751 431 1774 ab
445 1751 498 1783 ipsis
511 1751 706 1782 imperatoribus,
725 1752 841 1783 intelliget
855 1753 896 1783 qui
912 1752 993 1784 scripta
1001 1760 1106 1776 veterum
1114 1754 1176 1776 evol—

403 1789 448 1806 vet.
467 1791 509 1806 nec
523 1784 602 1806 minus
616 1784 706 1809 invito,
725 1790 762 1806 aut
775 1790 836 1807 certe
845 1791 893 1806 non
904 1783 1091 1810 favenresenaru,
1110 1784 1175 1807 bien-

403 1815 446 1838 nio
466 1814 517 1845 post
537 1817 564 1838 C.
581 1815 708 1838 Cornelius
720 1815 798 1845 legem
813 1816 880 1842 tulit,
896 1822 922 1838 ιιι
935 1822 1041 1846 pretores
1052 1823 1080 1838 ex
1093 1815 1177 1838 edictis

403 1846 449 1870 suis
463 1847 579 1878 perpetuis
593 1846 626 1873 ius
639 1847 752 1869 dicerent:
772 1854 826 1870 cum
840 1853 904 1869 antea
917 1848 977 1869 varie
991 1846 1023 1872 ius
1032 1846 1109 1869 dicere
1120 1847 1175 1869 sole-

403 1884 463 1902 xerrt.
477 1879 553 1909 potuit
567 1878 637 1909 igitur
650 1879 719 1902 etiam
734 1878 758 1901 in
772 1877 817 1901 hoc
830 1885 915 1909 genere
928 1877 1173 1909 populusfinesenatu,

403 1917 472 1940 atque
484 1911 553 1933 etiam
567 1916 647 1932 contra
660 1909 771 1932 senatum.
789 1910 851 1940 leges
863 1910 928 1933 enim
939 1917 1018 1932 contra
1031 1909 1176 1933 senatuscon-

404 1941 491 1965 sultum
510 1943 557 1964 latae
571 1941 669 1964 eandem
683 1941 732 1964 vim
746 1940 887 1968 habuerunt,
905 1948 989 1973 quam,
1008 1941 1024 1964 st
1038 1942 1130 1964 nullum
1145 1941 1176 1965 se-

404 1971 603 1996 natusconsultum
624 1979 675 1996 ante
690 1972 777 1996 faenum
791 1971 857 1999 esset,
875 1971 1010 1996 habuissent.
1028 1973 1106 2004 itaque
1118 1974 1175 2003 legi-

405 2012 458 2028 mus
477 2006 500 2028 in
521 2005 597 2027 Plinio
617 2012 642 2028 vr
653 2013 661 2028 1
671 2012 740 2031 t-17.
757 2011 811 2028 cum
822 2006 1031 2034 [enmusconfialtum
1045 2012 1108 2027 verm
1119 2007 1174 2034 surs-

400 2038 434 2066 [τι
444 2053 449 2061 ,
467 2046 490 2059 ηε
508 2039 579 2058 [neret
593 2038 712 2066 ,Africanas
724 2037 745 2058 in
757 2038 849 2059 [taliam
862 2038 976 2061 advehere,
999 2035 1035 2059 (⁷1.
1052 2036 1175 2066 ..Aufidium

405 2067 515 2090 vil-mium
533 2067 601 2099 plebis
622 2074 693 2090 contra
712 2069 747 2089 hac
760 2069 788 2090 ad
798 2069 903 2101 populum
917 2068 986 2096 tultffb
998 2084 1005 2094 ,
1024 2066 1049 2090 ἀν’
1063 2084 1069 2094 ,
1095 2072 1174 2089 Circen·

398 2099 458 2129 fium
472 2102 548 2128 gratia
566 2101 684 2128 Asnaum
695 2105 825 2130 importare,
843 2101 888 2130 Iege
899 2101 947 2121 lara
960 2100 1082 2130 sermtsffi.

404 2161 474 2187 ideo,
491 2169 538 2184 non
555 2162 609 2191 qnia
628 2162 727 2193 populus
745 2161 793 2185 stne
810 2162 888 2186 senatu
901 2170 949 2185 non
963 2161 1048 2193 posset,
1067 2162 1104 2185 sed
1119 2163 1172 2193 quia

402 2191 491 2216 senatus
516 2193 539 2215 ὅ(
565 2195 663 2223 populus
687 2193 752 2217 idem
771 2194 875 2220 vellent,
904 2195 967 2224 leges
992 2192 1173 2217 exsenatuscon-

399 2225 461 2248 fulto
480 2224 534 2247 latas
552 2224 680 2255 plerunque
702 2226 755 2248 licct
775 2226 894 2252 invenire,
914 2225 978 2256 quod
988 2224 1017 2253 st,
1037 2226 1102 2256 quod
1116 2225 1172 2256 lsstpe

400 2256 517 2286 contigit,
533 2255 611 2278 minus
624 2256 683 2279 inter·
697 2255 800 2280 senatum
814 2258 960 2289 &populum
969 2258 1105 2280 conveniret
1115 2274 1120 2282 ,
1135 2264 1172 2280 aut

400 2288 471 2311 etiam
491 2286 507 2310 fi
526 2286 748 2311 senatusconsultum
767 2288 878 2315 obstaret,
896 2296 920 2312 ut
940 2290 963 2312 in
978 2288 1054 2312 tribus
1067 2288 1173 2319 legibus,

402 2319 510 2345 Aurelia,
527 2319 653 2345 Cornelia,
672 2319 1039 2350 Artfidia,proximedocuimusz
1059 2321 1174 2344 nilrilota›

398 2358 455 2375 men
474 2356 519 2374 erat
539 2349 683 2375 imbecillior
700 2350 753 2378 lex,
770 2349 972 2378 sedeasdemvires
980 2351 1090 2380 habebat,
1108 2360 1163 2384 quas

1116 2100 1188 2125 Oura

405 2137 460 2153 vero
480 2131 534 2160 saepe
549 2131 650 2161 contigit
663 2147 669 2157 ‚
688 2137 712 2153 ut
731 2137 786 2154 cum
802 2130 878 2154 senatu
897 2131 998 2162 populus
1019 2126 1189 2162 conseritiret‚[

1198 107 1493 128 ANUTI!

1195 141 1317 170 habuisset,
1336 143 1352 167 sr
1370 150 1398 166 ex
1417 141 1614 166 senatusconsulto
1633 142 1716 174 perlata
1732 142 1800 169 esset,
1817 147 1855 166 aut
1873 141 1965 168 nullum

1193 181 1273 198 contra
1287 174 1510 198 senatusconsultum
1524 173 1608 198 fuisset.
1631 181 1692 198 anno
1705 174 1803 206 quidem
1815 173 1865 205 post
1878 173 1966 199 Urbem

1196 206 1316 229 conditam
1330 208 1454 230 CCLXHI.
1467 205 1576 230 nondum
1591 207 1662 230 ullam
1670 206 1747 238 legem
1755 203 1968 236 nifiesenatusgon-

1197 237 1258 260 sulto
1277 236 1343 261 fuisse
1361 239 1444 264 latam,
1462 241 1497 261 M.
1518 239 1638 261 Minucius
1659 236 1750 261 Consul
1763 238 1788 260 in
1800 244 1829 261 eo
1843 237 1967 264 sermone,

1197 276 1270 299 quem
1283 270 1312 293 de
1325 270 1449 293 Coriolani
1465 269 1554 296 iudicio
1566 277 1622 293 cum
1635 268 1736 292 tribunis
1748 268 1822 301 plebis
1833 268 1925 296 habuit,
1937 268 1970 292 af-

1197 300 1287 324 firmat:
1304 308 1381 331 neque
1399 301 1493 332 plebem
1512 300 1541 324 de
1554 302 1630 333 aliqua
1643 308 1667 324 re
1681 301 1799 329 iudicasse,
1817 306 1854 323 aut
1867 298 1970 331 suffragia

1199 331 1287 359 tulisse,
1309 332 1351 356 nisi
1365 331 1452 356 senatus
1462 333 1544 356 eadem
1555 334 1630 361 tejam
1637 332 1741 356 consulta
1748 332 1829 355 author
1837 330 1913 355 fuisset
1921 339 1926 353 z
1934 332 1973 356 id-

1198 370 1245 394 que
1258 362 1270 386 a
1286 363 1390 395 Regibus
1403 364 1550 391 institutum,
1568 364 1594 387 ad
1607 372 1658 389 eam
1672 363 1745 395 usque
1757 362 1970 387 diemaitconstan-

1198 394 1284 418 tiffime
1296 394 1486 427 servatumquod
1494 402 1572 420 tamen
1580 397 1605 420 in
1611 394 1803 420 Coriolanicausa
1810 394 1841 418 est
1848 393 1970 422 omissum,

1199 424 1275 449 senatu
1287 426 1416 450 universam
1430 428 1479 456 ejus
1492 428 1608 457 judicandi
1621 427 1757 460 potestatem
1771 426 1971 459 plebiconceden-

1200 464 1234 480 te:
1252 465 1282 481 ne
1296 466 1366 489 quam
1384 458 1527 482 seditionem
1540 460 1594 483 irata
1607 459 1736 487 suscitaret3
1753 459 1791 482 sed
1802 459 1906 482 triennio
1918 457 1970 490 post

1200 496 1255 512 cum
1269 490 1359 513 tribuni
1371 490 1446 520 plebis
1458 490 1571 519 judicium
1582 491 1610 514 de
1622 492 1752 514 Coriolano
1761 488 1972 514 faClumrescinde-

1202 528 1237 546 re,
1256 522 1279 544 ὅ(
1299 522 1476 545 damnationem
1496 521 1603 553 abrogare
1615 523 1666 554 lege
1676 524 1772 546 vellent:
1790 521 1866 545 senatu
1879 528 1971 544 contra-

1201 552 1308 580 dicente,
1327 553 1373 576 sine
1387 552 1583 577 senatusconsulto
1595 554 1672 584 legem
1683 554 1742 577 ferre
1750 555 1884 577 noluerunt.
1902 553 1972 576 &arr-

1202 591 1233 607 rro
1253 583 1279 607 ab
1288 584 1356 608 Urbis
1369 586 1441 608 initio
1454 587 1595 608 CCXCVIl.
1612 592 1667 608 cum
1680 586 1756 616 augeri
1770 585 1920 608 tribunorum
1929 591 1973 608 nu-

1203 623 1309 643 merum,
1327 617 1351 639 δε
1364 616 1443 648 plebs,
1460 617 1484 639 &
1497 616 1586 640 tribuni
1599 616 1875 648 vehementercupererrt:
1892 622 1972 639 tamen

1202 654 1252 670 earn
1268 648 1347 678 legem
1361 656 1410 672 non
1423 648 1486 679 prius
1498 647 1556 671 ferre
1570 647 1620 671 sunt
1633 647 1725 679 aggresi]
1739 655 1809 678 quam
1821 654 1846 671 ut
1857 655 1908 671 eam
1916 647 1973 672 ferri

1201 679 1294 705 liceret,
1314 679 1402 703 senatus
1420 680 1530 703 decrevit.
1547 678 1585 702 sed
1604 681 1655 711 post
1671 679 1780 710 quetidie
1799 680 1871 709 magis
1884 678 1974 703 senatus

1202 711 1327 734 authoritas
1338 711 1369 735 est
1382 712 1520 735 imminuta:
1538 711 1647 742 legesque
1654 711 1732 734 multae
1739 710 1786 733 sine
1794 708 1975 734 senatusconsul-

1204 749 1229 765 to
1249 743 1352 774 perlatae,
1370 742 1447 767 senatu
1463 745 1534 766 etiam
1547 750 1606 774 aegre
1619 742 1720 769 ferente,
1737 742 1787 766 vim
1800 748 1878 765 tamen
1890 740 1974 766 habue-

1205 781 1272 800 runt,
1290 775 1313 797 &
1333 774 1420 798 servatae
1434 774 1495 798 sunt.
1523 778 1602 806 Atque
1613 774 1659 797 hac
1673 773 1685 796 {a
1699 781 1738 797 me
1747 773 1807 797 dista
1820 772 1863 797 firrt
1876 780 1919 804 pro
1928 780 1974 804 eo,

1203 812 1315 836 quatenus
1329 806 1376 829 dici
1388 814 1447 838 opus
1454 807 1498 830 fuit
1507 823 1512 833 ‚
1521 805 1693 829 deinfirmitate
1701 803 1976 832 senatusconsultimunc,

1205 836 1245 859 ubi
1259 838 1356 864 valeret,
1372 840 1444 861 eriam
1458 838 1474 861 sr
1487 839 1539 868 lege
1552 845 1601 861 non
1613 837 1804 863 confirmaretur,
1822 843 1978 867 exponemus.

1204 868 1279 891 Multa
1291 875 1368 895 erant,
1384 870 1410 892 in
1419 869 1504 900 quibus
1517 869 1543 891 ad
1559 869 1782 893 senatusconsultum
1795 869 1832 891 lex
1840 868 1977 896 nonadiun-

1205 899 1300 929 gebatirr
1311 908 1316 922 :
1335 907 1359 923 ut
1372 908 1428 924 cur-n
1439 901 1468 924 de
1483 908 1534 923 cura
1547 899 1660 924 sartorum
1673 899 1791 923 tectorum
1805 900 1873 922 alicui
1881 898 1976 924 deman-

1206 931 1279 954 danda
1297 930 1385 955 senatus
1404 931 1552 958 decernebat.
1570 939 1623 954 cum
1643 931 1672 954 de
1684 931 1765 954 vestitu
1777 930 1809 954 ob
1820 931 1976 954 calamitatem

1205 963 1306 992 aliquam
1319 965 1499 994 aurgjuoerorem
1513 964 1626 987 mutando
1635 980 1641 990 ,
1654 971 1708 986 cum
1716 963 1744 986 de
1752 962 1977 994 supplicationisho-

1207 1001 1278 1019 nore,
1297 1001 1334 1017 aut
1344 995 1415 1018 etiam
1429 995 1458 1018 de
1469 995 1590 1025 triumpho
1602 994 1770 1018 concedendo:
1787 1002 1841 1017 cum
1849 993 1975 1017 defideaut

1205 1025 1227 1047 ei
1246 1025 1321 1048 danda
1340 1026 1382 1057 qui
1401 1026 1495 1054 alicujus
1507 1026 1624 1049 indicium
1637 1026 1747 1049 maleficii
1760 1025 1873 1053 deferret,
1892 1032 1927 1048 aut
1940 1026 1977 1052 ei,

1207 1057 1249 1086 qui
1260 1056 1331 1079 hostis
1344 1056 1410 1080 esset:
1427 1065 1481 1080 curn
1495 1057 1524 1080 de
1537 1057 1667 1088 magistratu
1682 1063 1733 1080 ante
1745 1057 1810 1080 diem
1823 1057 1974 1088 deponendo:

1207 1088 1236 1109 d¹e
1249 1089 1353 1112 comitiis
1365 1089 1534 1120 producendis:
1552 1088 1581 1111 de
1594 1095 1684 1112 annona
1698 1089 1851 1118 procuranda:
1868 1089 1897 1111 de
1905 1089 1977 1119 Regi-

1206 1118 1248 1141 bus
1266 1120 1420 1150 appellandis,
1438 1121 1467 1144 de
1486 1119 1629 1143 Consulibus
1648 1119 1674 1143 ad
1694 1120 1782 1143 bellum
1795 1121 1930 1146 mittendis,
1947 1120 1976 1143 de

1207 1150 1337 1181 supplendo
1356 1152 1470 1175 exercitu:
1489 1152 1518 1175 de
1537 1153 1592 1178 aris,
1610 1159 1660 1182 quae
1679 1151 1787 1175 dedicatx
1805 1150 1876 1175 essent
1892 1151 1977 1178 iniussu

1207 1184 1303 1213 populi,
1321 1183 1447 1210 tollendis,
1465 1184 1494 1208 de
1504 1183 1659 1214 religionibus
1671 1183 1775 1206 tuendis:
1793 1182 1822 1205 de
1835 1182 1904 1206 salute
1917 1182 1976 1206 bene

1206 1215 1287 1237 meriti
1304 1215 1362 1238 civis
1379 1216 1463 1238 exteris
1475 1215 1583 1246 gentibus
1595 1214 1795 1238 commendanda:
1813 1214 1842 1237 de
1856 1214 1903 1242 jure
1914 1215 1978 1246 lega-

1208 1246 1280 1270 tionis
1287 1246 1364 1270 liberae
1373 1246 1498 1270 tribuendo
1506 1264 1512 1274 ,
1524 1253 1560 1270 aut
1568 1246 1683 1278 delegatis
1690 1246 1808 1277 legendis:
1823 1245 1852 1269 de
1859 1246 1941 1269 itinere
1947 1246 1976 1269 ab

1205 1277 1247 1303 iis,
1258 1280 1300 1310 qui
1309 1279 1331 1302 in
1340 1279 1484 1309 provinciam
1497 1278 1628 1310 reipublica:
1640 1278 1701 1301 causa
1713 1279 1786 1304 irent,
1803 1279 1930 1301 mutando:
1947 1278 1977 1301 de

1204 1309 1321 1334 laudandis
1329 1311 1365 1337 iis,
1374 1317 1410 1334 ant
1416 1311 1535 1337 ornandis,
1544 1311 1585 1342 qui
1592 1310 1682 1340 aliquid
1689 1317 1730 1342 pro
1737 1308 1854 1341 republica
1860 1308 1978 1334 fecissent:

1206 1347 1256 1368 aut,
1264 1343 1306 1373 qui
1313 1349 1391 1365 contra
1400 1359 1405 1369 ,
1415 1343 1554 1373 puniendis:
1572 1342 1600 1365 de
1607 1341 1671 1365 feriis
1679 1342 1765 1365 Latinis
1776 1340 1905 1372 :delegatis
1914 1348 1977 1365 exte-

1209 1381 1285 1398 rarum
1305 1375 1429 1398 nationum
1448 1374 1576 1398 donandis:
1595 1373 1623 1396 de
1641 1374 1760 1397 curatione
1772 1373 1873 1400 viarum,
1891 1372 1978 1397 deusu-

1210 1413 1284 1429 rarum
1304 1405 1392 1429 modo:
1409 1407 1433 1429 &
1452 1406 1467 1428 st
1486 1413 1530 1436 qna
1549 1411 1654 1436 praeterea
1666 1403 1730 1428 sunt:
1751 1403 1801 1427 sunt
1814 1405 1880 1427 enim
1893 1406 1975 1429 multa.

1210 1445 1286 1468 neque
1302 1444 1378 1460 tamen
1397 1438 1422 1460 itt
1442 1437 1577 1466 hujusmodi
1591 1437 1657 1459 rebus
1669 1437 1787 1467 propriam
1800 1434 1879 1462 fuisse,
1896 1436 1919 1459 δε
1932 1437 1976 1459 sm-

1209 1470 1312 1500 gulatem
1332 1469 1386 1491 dico
1407 1467 1495 1492 senatus
1506 1468 1650 1499 potentiam,
1669 1468 1783 1498 populum
1797 1467 1856 1489 nihil
1869 1467 1923 1495 juris
1938 1467 1975 1490 ha-

1207 1500 1279 1524 buisle
1289 1517 1294 1525 .
1313 1499 1351 1522 scd
1363 1500 1408 1522 hoc
1421 1499 1475 1522 dico
1484 1516 1490 1526 ‚
1508 1500 1618 1525 volente,
1634 1499 1657 1521 &
1672 1499 1823 1529 permittente
1836 1498 1926 1528 populo
1939 1500 1976 1522 in-

1205 1532 1320 1558 stiturum,
1327 1538 1395 1563 atque
1403 1530 1548 1554 observatum
1557 1548 1562 1557 ‚
1571 1537 1594 1552 ur
1603 1537 1641 1561 per
1649 1528 1750 1552 senatum
1758 1536 1782 1552 ea
1789 1529 1976 1559 tranfigerentur.

1209 1564 1274 1595 quod
1290 1571 1367 1587 tamen
1386 1562 1449 1595 quafi
1466 1563 1602 1594 legitimum
1621 1562 1667 1588 iuS,
1684 1561 1792 1584 diuturna
1804 1561 1976 1585 consuetudine

1210 1596 1375 1618 confirmatum
1384 1612 1390 1621 ,
1407 1594 1532 1625 aliquando
1551 1593 1651 1624 populus
1663 1608 1669 1618 ‚
1688 1600 1726 1624 per
1747 1591 1883 1622 improbum
1903 1593 1977 1617 tribu-

1208 1635 1265 1650 nutn
1274 1626 1381 1649 inductus
1395 1626 1530 1656 arripuitide
1537 1624 1706 1655 quovatinium
1715 1624 1796 1647 Cicero
1805 1622 1880 1653 aspere
1887 1625 1910 1648 &
1917 1633 1977 1649 acer-

1203 1658 1232 1681 be
1241 1660 1264 1681 in
1278 1659 1384 1680 oratione
1393 1658 1499 1688 exagitat.
1507 1657 1544 1680 sed
1555 1656 1597 1680 hoc
1605 1663 1653 1680 non
1662 1663 1802 1687 magnopere
1810 1655 1916 1680 usitatum
1924 1673 1930 1684 ,
1949 1658 1974 1681 ὃ(

1207 1696 1316 1720 tanquam
1335 1696 1397 1712 extra
1413 1690 1523 1712 ordinem
1531 1688 1588 1712 suit.
1609 1688 1699 1711 Accidit
1713 1688 1783 1711 etiam
1797 1687 1930 1715 interdum,
1949 1695 1974 1712 ut

1206 1722 1294 1752 aliquid
1306 1728 1335 1744 ex
1348 1728 1377 1743 eo
1393 1728 1490 1751 genere,
1508 1728 1556 1751 quo
1570 1720 1599 1743 de
1611 1719 1771 1751 generemulta
1778 1720 1975 1748 enumeravimus,

1207 1760 1283 1783 neque
1295 1750 1308 1775 Ξι
1319 1753 1370 1775 solo
1384 1752 1460 1775 senatu
1470 1752 1612 1775 censeretur:
1630 1759 1707 1781 neque
1721 1749 1732 1774 ᾗ
1744 1750 1795 1773 solo
1808 1752 1898 1782 populo
1911 1751 1975 1780 jube-

1205 1792 1279 1808 retur:
1297 1785 1366 1808 credo
1375 1800 1380 1810 ‚
1389 1784 1455 1815 quod
1468 1784 1587 1807 momenti
1600 1790 1633 1805 res
1640 1783 1693 1806 ess'et
1699 1783 1768 1812 paulo
1778 1783 1884 1811 majoris,
1902 1790 1973 1813 quam

1205 1816 1301 1839 soleret:
1320 1822 1344 1838 ut
1357 1815 1535 1838 extraordinaria
1542 1814 1652 1845 potestate
1659 1813 1754 1836 curanda
1761 1814 1889 1837 videretur:
1908 1814 1973 1838 srcuti

1202 1850 1225 1870 P.
1239 1846 1357 1873 Lentulo,
1374 1846 1513 1877 QMetello
1526 1844 1592 1869 Coss.
1602 1852 1657 1868 cum
1668 1852 1697 1867 ex
1709 1843 1906 1868 senatusconsulto
1921 1853 1972 1876 per-

1204 1879 1244 1901 lata
1258 1878 1296 1902 lex
1309 1877 1340 1900 est
1349 1895 1355 1904 ,
1373 1885 1398 1900 ut
1411 1878 1524 1908 Pompeio
1537 1885 1576 1908 per
1590 1876 1973 1908 quinquenniumpotestasorrrnis

1207 1910 1239 1933 rei
1258 1909 1414 1932 frumentariae
1426 1916 1479 1932 teto
1489 1909 1546 1932 orbe
1559 1915 1671 1931 terrarum
1684 1907 1816 1931 traderetur.
1834 1909 1857 1930 δι
1866 1925 1871 1934 ,
1889 1915 1914 1931 ιιι
1925 1909 1972 1933 hoc

1205 1942 1414 1965 extraordinarium
1427 1939 1485 1967 fuit,
1504 1940 1533 1963 src
1545 1940 1605 1963 illud
1614 1957 1619 1965 ,
1637 1939 1702 1970 quod
1714 1940 1739 1962 in
1752 1938 1847 1969 epistola
1858 1940 1884 1962 ad
1894 1941 1974 1970 (ζεί-

1202 1980 1314 1996 cer-onem
1327 1973 1442 2003 legimus,
1460 1973 1581 2003 pecuniam
1589 1970 1973 2002 Pompeioinremfrumentariam
1996 1990 1998 1992 ,

1202 2004 1400 2028 senatusconsulto
1412 2004 1540 2027 decretam:
1557 2010 1611 2028 cum
1618 2009 1712 2033 erogare
1720 2002 1834 2033 publicam
1842 2004 1973 2033 pecuniam,

1205 2044 1228 2059 ur
1243 2037 1287 2064 jam
1296 2036 1413 2062 diximus,
1431 2043 1481 2059 non
1489 2034 1589 2062 senatus,
1608 2034 1645 2057 sed
1654 2035 1754 2065 populus
1762 2034 1851 2058 solerer.
1869 2035 1933 2066 quod
1942 2042 1973 2058 ta-

1204 2076 1259 2091 men
1272 2066 1382 2098 permissu
1396 2068 1477 2098 populi
1489 2066 1576 2090 facttum
1588 2065 1632 2089 esse
1639 2073 1687 2089 non
1695 2065 1838 2089 dubitamus.
1855 2067 1898 2094 jam
1905 2069 1972 2091 enim

1203 2107 1231 2122 ex
1245 2097 1443 2122 senatusconsulto
1456 2099 1539 2129 perlata
1552 2099 1589 2121 lert
1603 2103 1649 2120 erat
1661 2097 1690 2120 de
1703 2098 1816 2128 Pompeio
1828 2098 1972 2123 reisrumen-

1201 2131 1262 2154 tariae
1280 2130 1439 2162 praeficiendo:
1457 2131 1481 2153 in
1496 2137 1540 2160 qua
1553 2131 1582 2153 ita
1595 2128 1706 2160 scriptum
1719 2129 1772 2152 licet
1785 2130 1889 2160 opinari,
1907 2137 1931 2153 ut
1943 2130 1972 2154 ad

1187 2172 1188 2176 ι
1202 2162 1411 2185 eamrurationem
1424 2167 1515 2185 tantum
1529 2161 1648 2185 eidaretur
1670 2161 1770 2185 ecuniae.
1787 2168 1900 2191 quantum
1909 2161 1972 2186 sena-

1202 2200 1238 2217 tus
1257 2193 1398 2217 decrevisset.
1419 2200 1444 2216 ιιι
1463 2194 1486 2216 in
1500 2193 1539 2216 hac
1553 2201 1576 2217 re
1589 2193 1637 2216 duo
1659 2192 1841 2216 enatusconsulta
1853 2192 1909 2217 salita
1921 2193 1971 2217 fue-

1200 2226 1262 2251 rint,
1279 2226 1379 2249 alterum
1397 2231 1449 2247 ante
1466 2226 1544 2256 legem
1558 2226 1587 2249 de
1598 2225 1709 2256 Pompeio
1720 2224 1861 2255 deligendo,
1879 2233 1908 2248 ex
1921 2232 1975 2256 quo

1201 2257 1284 2288 perlata
1303 2258 1341 2280 lex
1352 2256 1397 2282 est,
1416 2257 1513 2280 alterum
1527 2257 1577 2288 post
1589 2257 1667 2286 legem
1680 2256 1709 2279 de
1722 2256 1818 2287 pecunia
1831 2255 1950 2280 tribuenda
1960 2273 1967 2284 ‚

1199 2289 1264 2319 quod
1280 2296 1308 2312 ex
1323 2288 1367 2319 ipsa
1380 2288 1432 2319 lege
1444 2287 1530 2312 fastum
1543 2288 1582 2311 est.
1602 2287 1772 2311 Fiebantetiam
1780 2287 1808 2311 de
1816 2289 1899 2319 privata
1907 2288 1969 2312 rese-

1199 2319 1382 2347 natusconsultaJ
1398 2327 1463 2347 raro,
1483 2319 1520 2343 sed
1533 2319 1617 2344 fiebant
1630 2326 1720 2343 tamen:
1739 2320 1886 2350 qualeillud‚
1902 2319 1968 2350 quod

1200 2353 1225 2377 in
1243 2352 1344 2377 haexedes
1362 2353 1391 2376 C.
1405 2353 1526 2377 Verrnonii
1544 2352 1634 2377 fastum
1645 2350 1712 2377 suissi:
1725 2352 1811 2376 Cicero
1828 2351 1895 2377 docet
1906 2350 1969 2407 lixkilrp
