2075 2734
1117 95 1148 123 M

816 96 1057 122 Pauci

369 99 426 135 858

1190 103 1481 124 Anurll

371 147 486 173 sultorum
494 144 549 170 libri
557 143 727 169 demonstrant.
741 148 783 166 nec
791 141 843 165 sane
852 159 858 169 ,
873 141 887 165 fi
897 142 924 177 ad
932 143 1049 165 rationem
1057 142 1148 167 animus
1171 142 1295 169 inferentes
1303 161 1309 171 ‚
1321 144 1365 168 hoc
1371 143 1515 168 estminime
1522 138 1652 176 capitalem.
1666 151 1693 169 ut
1701 144 1739 170 illa
1747 147 1794 171 ΧΠ,
1803 147 1848 174 tab.
1866 149 1945 182 siqu]

370 180 488 205 referatur,
496 177 566 201 video
574 177 631 208 quid
640 173 848 209 interlinutrunia
855 172 936 209 sociis,
944 174 1039 206 publico
1046 173 1147 205 fungens
1175 178 1279 205 insumam
1287 177 1420 207 alterisaxit
1428 193 1435 203 ,
1447 178 1524 200 XXV.
1541 177 1652 208 aerispoena
1659 178 1732 206 scutra.
1751 179 1838 207 Etilla,
1847 180 1902 205 huic
1909 183 1947 207 ad-

371 217 470 236 munere
478 226 485 236 ν
501 209 608 241 pecunlsss
614 214 693 232 comm
701 208 763 237 leges
771 223 778 232 ψ
791 213 818 228 ³¹¹
827 213 839 228 ὃ
846 206 937 229 ClVlbUS
945 206 1028 237 aliquis
1041 207 1143 237 accipiat.
1176 207 1278 232 modum
1286 207 1380 231 similis:
1399 208 1450 238 „Qui
1461 209 1544 238 injuria
1551 209 1648 230 tendent
1655 210 1736 232 alienas
1743 210 1824 234 arbores
1832 229 1839 239 ,
1857 215 1912 236 lum
1923 217 1946 237 [η

370 242 524 268 Adulterium
531 242 583 271 lege
591 240 697 263 Romilia
703 238 797 270 capitale
804 236 880 264 fuisse,
888 238 962 261 literis
970 238 1092 269 proditum
1100 238 1144 261 est:
1167 241 1310 270 singulari-u
1317 242 1396 264 XXV.
1406 243 1482 271 Atque
1490 240 1527 262 has
1534 239 1597 271 leges
1605 246 1686 271 magna
1693 248 1721 264 ex
1729 248 1790 273 parte
1797 243 1834 267 lex
1843 246 1947 276 Aquilm

370 274 401 298 fic
410 275 506 305 inquam
513 272 608 303 capitale
616 288 622 298 ,
630 278 655 295 ut
663 278 737 302 poena.
746 276 810 293 mors
817 268 878 293 esset.
893 269 947 292 tulit
954 270 1019 293 enim
1027 271 1145 294 Romulus

369 307 449 337 legem
457 306 492 328 his
499 305 588 328 verbis:
602 304 722 326 ,Adultera
730 301 849 325 mmmmm
857 303 892 323 vir
901 318 907 328 ‚
921 300 947 324 C*
953 304 1037 333 cognati
1045 319 1050 327 ,
1065 304 1145 324 urive-

368 339 422 364 lent,
429 344 524 359 meanto.
546 335 618 365 Qod
627 336 683 358 item
691 333 809 365 legeJulia
817 332 981 356 confirmatum
990 333 1020 356 est
1029 341 1034 355 ε
1042 341 1086 364 qua
1093 334 1146 364 lege

372 368 489 400 supplicio
496 366 652 391 afficiebantur
660 365 745 389 eodem
755 381 761 391 ‚
770 366 872 395 quicum
880 364 981 389 maribus
989 365 1111 388 nefandam
1119 366 1147 389 li-

372 401 479 424 bidinem
486 397 645 422 exercuissent.
660 397 825 428 stupratoribus
833 404 910 420 autem
919 414 924 423 ‚
939 396 954 420 fi
962 396 1032 420 essent
1040 397 1130 420 honesti
1140 414 1146 424 ‚

374 438 471 464 poenam
479 430 594 462 irrogabat
602 447 608 456 ‚
622 429 808 461 publicationem
817 429 884 463 partis
892 428 997 452 dimidiae
1011 428 1146 452 bonorum:

373 465 398 488 &
405 462 501 494 capitale
508 469 563 486 tunc
570 461 677 493 stuprum
687 469 735 485 non
747 468 805 484 erat:
814 463 846 483 nn
855 460 965 487 humiles,
972 461 1076 491 corporis
1084 462 1147 484 coet-

373 496 489 518 citionem
497 502 550 517 cum
558 495 702 524 relegatione
709 492 933 525 quitiquennali,nisi
940 500 979 524 per
987 493 1034 516 vim
1043 492 1146 523 stuprum

371 525 525 550 comt-nillum
532 525 599 549 esset:
610 525 625 548 li
636 533 675 555 pet
683 527 730 548 vim
739 542 745 551 ,
752 531 860 555 tempore
868 531 916 547 non
924 524 1046 555 praefiniro.
1057 527 1083 546 Et
1091 532 1148 546 mter

375 558 452 581 liberas
460 559 647 589 rantumperfhnas
656 575 661 583 ‚
677 564 702 580 ut
709 556 793 587 feripfit
804 557 938 587 Papinianus
945 559 1000 587 Drg.
1009 563 1068 579 novt
1078 564 1085 578 t
1094 564 1101 579 1
1110 574 1114 579 .
1126 564 1146 582 ς.

374 594 396 613 6.
411 591 546 612 adul-'ertum
555 589 682 619 stuprumve
695 590 761 620 paffiu
771 605 777 615 ,
791 589 827 610 lex
836 589 899 616 juti:
913 589 982 610 locum
989 587 1061 611 haber.
1079 588 1147 617 Queri

372 628 448 644 nutem
457 639 463 648 ‚
471 621 551 653 inquit
558 637 564 647 ,
571 623 598 643 ad
604 621 775 652 sbrvmpertinet
783 637 789 645 ‚
805 618 829 642 dr
837 620 888 649 lezi}
897 620 1007 650 „Aquilia
1015 619 1070 642 afim
1077 620 1146 648 satir'e

373 653 467 680 tenebit,
481 652 647 683 &injuriarum
655 660 740 683 qnoque
747 652 854 681 comperit.
873 653 935 674 l-lanc
943 652 1019 682 legem
1033 650 1059 673 ab
1068 655 1147 681 Augu·

373 684 409 708 sso
418 701 424 711 ‚
433 692 482 708 nou
490 683 503 707 Ta
510 686 540 708 C.
547 683 635 707 Catsare
643 700 649 710 ‚
657 685 761 715 quicum
770 683 886 714 adoptavit
893 699 899 709 ,
908 681 951 706 ess'e
958 684 1027 706 latam
1035 683 1147 713 Ulpianus

373 717 452 740 tradit.
469 716 599 740 Fuiteriarn
607 716 711 742 Scatinia,
724 722 796 745 quam
805 717 832 738 C.
842 716 953 738 Scarinius
961 716 1068 738 Aricinus
1075 714 1147 737 tribu-

374 756 420 772 nus
426 747 501 779 plebis
509 748 562 771 tulit
570 747 595 770 in
603 754 644 771 eos
652 765 658 774 ,
672 747 713 778 qui
722 748 820 770 alienam
833 747 973 777 pudicitiam
987 745 1131 769 solicitass'enr
1140 763 1146 773 ,

376 787 413 804 aut
420 784 483 804 luam
490 779 532 811 ipli
541 777 705 809 prostituiss'ent
713 787 718 801 :
726 778 812 810 quibus
821 785 913 809 pernam
922 779 1031 809 irrogavit
1039 781 1065 801 X.
1073 779 1148 801 millia
1160 789 1161 792 ¹

373 810 511 835 nummum.
524 811 556 835 est
563 817 639 834 autem
647 810 738 834 haeclex
746 810 827 834 multis
835 817 886 832 anre
893 810 978 840 Juliam
987 811 1051 833 annis
1058 811 1108 836 lata,
1118 809 1147 833 sa-

372 844 403 867 tis
410 844 456 867 levi
464 851 534 874 poena
543 860 549 869 ,
557 850 629 873 quam
637 843 695 872 Julia
702 842 824 873 capitalem
832 841 894 865 fecit.
906 849 1040 865 nontamen
1049 858 1055 868 ,
1064 848 1089 864 ut
1096 842 1147 872 opi-

372 882 426 902 nor,
439 876 464 898 in
471 882 520 902 eos,
528 875 571 907 qui
578 874 676 898 alienam
684 874 821 906 pudicitiam
829 872 947 897 tentassent
954 890 960 901 ‚
970 873 1038 897 sedin
1046 880 1096 900 eos,
1105 873 1147 904 qui

390 907 534 937 raeposteram
541 906 577 929 vel
585 905 683 933 adversi,
695 907 731 930 vel
739 905 807 929 averli
814 912 924 928 venerem
935 904 1094 929 exercuissent.
1112 908 1148 929 De

371 914 440 964 pallis,
448 938 515 970 quod
523 939 546 962 in
554 938 663 969 Polybio,
671 938 881 964 Cicerone,Gellio
889 937 998 967 scripturn
1008 937 1146 963 invenerim,

373 971 412 994 lex
419 970 463 993 fuit
471 972 521 994 XII.
529 969 573 993 tab.
585 977 610 993 ut
618 986 624 996 ‚
633 971 674 1000 qui
681 967 764 992 falsum
772 968 936 992 testimonium
943 967 1066 1000 dixissent)
1074 966 1086 991 ‘e
1095 967 1147 990 saxo

373 1003 474 1032 Tarpeio
487 1002 648 1029 deiicerentur.
666 1000 741 1024 Postea
750 1017 755 1027 ,
764 1000 829 1028 hujus
836 1000 895 1030 legis
903 1001 1038 1030 exemplum
1046 1000 1134 1022 iecutus
1142 1016 1148 1026 ‚

372 1035 400 1057 L.
409 1034 467 1064 Sylla
477 1033 666 1063 Dictatorlegem
673 1033 736 1058 tulit,
743 1039 793 1063 quac
802 1030 870 1054 servis
877 1031 991 1054 ultimum
997 1031 1148 1061 supplicium,

373 1064 454 1088 liberis
461 1072 522 1096 aquz
530 1066 554 1089 &
564 1065 624 1096 ignis
634 1063 828 1087 interdiffionem
836 1064 884 1086 irro
902 1062 960 1088 abar,
968 1062 984 1085 si
992 1064 1045 1094 quis
1055 1063 1079 1086 in
1086 1062 1149 1086 testa-

375 1103 460 1120 mento
470 1112 476 1123 ‚
485 1097 562 1120 aliove
569 1097 654 1127 scripto
663 1112 669 1122 ,
676 1102 714 1119 aut
721 1102 823 1119 nummo
830 1094 877 1118 ftau
897 1102 935 1118 em
946 1095 1026 1125 aliquo
1034 1095 1109 1118 modo
1117 1093 1150 1117 fe-

373 1127 447 1156 cisset,
458 1135 502 1160 qua
510 1128 538 1151 de
545 1128 597 1160 lege
603 1128 754 1151 mentionem
760 1126 815 1150 facit
823 1127 907 1150 Cicero
920 1127 946 1150 in
954 1129 1058 1150 Verrem.
1074 1128 1150 1149 Partus

375 1160 448 1183 etiam
455 1159 613 1192 supposititios
620 1177 626 1187 ,
634 1158 823 1183 affeverationem
831 1158 878 1182 falfi
886 1158 991 1182 nominis
1000 1176 1005 1184 ,
1018 1159 1054 1182 vel
1062 1165 1151 1190 cogno-

375 1192 457 1219 minis,
464 1192 526 1222 figua
533 1192 668 1219 adulterina.
677 1192 700 1215 ὃς
707 1192 722 1214 fi
732 1191 784 1223 quis
795 1190 816 1214 se
825 1198 867 1221 pro
876 1191 922 1213 alio
930 1197 1027 1221 gereret,
1038 1191 1074 1214 vel
1082 1190 1152 1214 illici-

376 1224 407 1247 tis
415 1223 544 1254 infignibus
551 1230 652 1248 uteretur
661 1241 667 1250 ,
684 1224 710 1247 ad
717 1223 796 1254 legem
804 1222 940 1246 Corneliam
954 1224 979 1245 L.
988 1223 1052 1252 Sylla:
1060 1239 1066 1249 ,
1079 1230 1150 1253 quam

390 1256 483 1279 mxime
491 1253 813 1287 nominavimus‚pertinuiffe
819 1254 919 1277 constat:
928 1255 1084 1286 praterea,qui
1092 1254 1150 1277 duo-

370 1261 416 1310 {us
423 1286 509 1310 diversa
517 1287 650 1311 testimonia
657 1287 791 1319 praeberent,
798 1287 888 1317 quique
895 1285 987 1310 duobus
994 1286 1092 1309 eandem
1100 1294 1151 1310 rem

372 1317 506 1348 diverfis(ut
512 1318 559 1342 hoc
567 1326 615 1343 urar
622 1317 862 1349 verbojcontraetibus
870 1319 894 1341 in
902 1316 1009 1341 solidum
1015 1318 1150 1341 venderent:

373 1350 434 1374 item
441 1351 493 1382 qui,
499 1351 526 1374 ad
533 1351 602 1375 litem
608 1350 688 1374 falsam
695 1350 861 1374 instituendam
872 1367 878 1377 ‚
886 1349 1009 1381 pecuniam
1015 1350 1150 1381 acciperent,

375 1389 459 1406 eamve
467 1383 491 1406 in
499 1390 549 1406 rem
557 1383 658 1410 coirent,
665 1382 825 1406 consentirent
832 1399 838 1408 ,
847 1389 896 1405 non
904 1380 1046 1405 obfisterent.
1065 1382 1136 1405 Deiis
1143 1399 1151 1409 ,

374 1421 439 1445 quos
445 1414 569 1445 plagiarios
578 1415 784 1443 vocarent,lege1n
791 1413 884 1438 Fabiam
892 1413 989 1437 invenio
997 1430 1003 1440 ‚
1011 1421 1063 1445 quae
1070 1414 1151 1445 capitis

373 1446 597 1476 poenaminterdum
605 1447 738 1478 graviorem
747 1463 753 1473 ,
771 1445 890 1469 interdum
902 1445 1032 1472 leviorem,
1045 1446 1150 1477 persona-

373 1484 436 1504 rum,
449 1478 472 1500 ὅ(
480 1484 558 1501 rerum
565 1478 640 1502 habita
646 1479 735 1501 ratione
742 1494 749 1504 ,
762 1476 885 1507 irrogabat.
895 1484 950 1500 nam
958 1493 965 1503 ‚
976 1478 1050 1507 fiquis
1057 1477 1150 1500 l1berum

375 1509 553 1537 hominemsciem
559 1510 648 1537 emiffit,
656 1510 695 1532 adz
702 1510 756 1538 erjiu
764 1517 822 1534 eum,
831 1508 979 1538 aitUlpianus
985 1509 1102 1538 Digitum
1111 1517 1120 1532 ι
1129 1516 1148 1532 r.

379 1547 417 1566 15.
428 1548 450 1563 x.
466 1542 559 1571 capitale
570 1549 649 1563 crimen
657 1542 736 1570 exlege
743 1539 809 1562 Fabia
815 1540 915 1569 deplagio
927 1539 1059 1568 nafiebatur.
1077 1542 1148 1562 Tute-

378 1571 453 1594 latum
461 1578 532 1602 quam
540 1571 665 1603 diligenter
671 1571 731 1602 apud
739 1578 826 1594 veteres
833 1570 908 1594 habita
917 1571 974 1594 ratio
982 1569 1008 1593 sit
1015 1587 1022 1597 ,
1031 1570 1086 1594 inde
1092 1578 1149 1594 con—

374 1601 423 1629 stat,
432 1603 497 1633 quod
505 1601 603 1634 suspesti
610 1603 693 1627 tutoris
702 1603 816 1630 iudicium
824 1619 829 1628 ,
837 1609 862 1626 ut
869 1609 896 1625 ex
905 1604 1020 1626 Cicerone
1027 1602 1149 1633 cognosci-

375 1639 414 1657 tur
421 1650 428 1660 ,
442 1635 494 1665 lege
501 1641 529 1657 ιιι
537 1643 546 1658 1
553 1653 558 1658 .
566 1633 611 1658 tab.
620 1635 715 1665 capitale
721 1634 775 1658 fuit.
792 1636 820 1657 Et
828 1651 834 1660 ‚
848 1634 876 1657 ad
883 1634 1002 1657 ascendam
1010 1633 1133 1657 infamiam
1142 1651 1147 1661 ,

374 1666 417 1689 alia
424 1663 537 1689 sancitum
544 1665 575 1689 est
582 1666 634 1696 lege
641 1674 654 1689 x
660 1675 668 1690 r
677 1675 686 1690 1
692 1684 698 1689 .
705 1665 750 1689 tab.
758 1670 791 1688 ut.
799 1664 815 1688 fi
822 1666 875 1696 quis
882 1665 1149 1691 affiraviffet,carmenve

375 1696 524 1723 condidisset,
533 1697 598 1729 quod
606 1698 728 1721 infamiam
734 1697 879 1728 flagitiumve
886 1697 950 1721 alteri
957 1696 1052 1721 inferret
1060 1714 1065 1723 ,
1074 1697 1148 1728 capite

374 1729 506 1760 puniretur.
517 1735 586 1761 atque
594 1730 638 1753 hoc
647 1728 724 1761 postea
731 1731 756 1752 L.
765 1729 838 1760 Sylla,
851 1729 951 1759 legelata
959 1746 965 1756 ,
973 1728 1095 1757 majestatis
1106 1729 1148 1752 cri-

374 1768 431 1784 men
439 1759 502 1787 fecn,
511 1767 535 1783 ur
543 1761 628 1785 Cicero
636 1762 660 1784 in
668 1760 763 1791 epistola
771 1760 798 1783 ad
805 1760 908 1791 Appium
916 1763 978 1785 Fam.
987 1763 1028 1784 lll.
1036 1769 1044 1784 r
1053 1768 1072 1783 t.
1079 1760 1149 1791 figni-

375 1792 427 1816 ficat
435 1792 470 1816 his
477 1792 566 1815 verbis:
575 1794 610 1822 Est
617 1793 721 1822 majestas,
730 1799 756 1814 ut
763 1792 818 1824 Syna
825 1794 905 1819 valuit,
913 1801 938 1815 ne
944 1801 967 1815 m
973 1793 1073 1823 quemvir
1080 1793 1150 1823 impu-

375 1833 401 1848 ne
412 1826 532 1847 declamare
544 1825 624 1847 limat.
653 1826 718 1847 Furta
731 1830 828 1854 quoque
842 1830 929 1847 veteres
942 1823 1046 1847 Romani
1058 1823 1149 1854 capitali

376 1863 448 1887 poena
454 1855 610 1879 vindicarunt.
623 1855 693 1879 video
699 1855 766 1878 enim
774 1871 780 1882 ‚
788 1855 812 1878 in
819 1862 833 1877 x
839 1863 847 1878 1
856 1864 865 1878 r
871 1872 877 1878 .
884 1854 929 1879 tab.
936 1855 966 1878 ita
974 1854 1084 1885 scriptum
1092 1854 1148 1878 effe:

377 1889 404 1910 δι’
410 1888 455 1918 quis
463 1888 687 1918 nassefunumfaxit,
695 1886 720 1910 ά·
728 1889 758 1909 im
765 1887 844 1917 aliquis
851 1888 980 1918 occifir,jme
986 1887 1043 1915 casus
1051 1886 1088 1914 esto
1097 1894 1102 1908 :
1112 1888 1148 1914 Et,

377 1921 421 1941 Fur
428 1919 538 1949 manifesto
543 1920 601 1947 furto
609 1919 727 1951 prehensus
732 1919 861 1949 interd1u‚fi
867 1918 890 1947 sb
896 1920 938 1941 telo
944 1919 1060 1948 defenderit
1066 1933 1073 1943 ‚
1084 1916 1110 1941 ὼ
1117 1919 1148 1940 im

378 1952 459 1982 aliquis
468 1951 669 1982 occifinjurecaestu
676 1951 712 1978 esto
721 1960 728 1973 .·
737 1951 773 1976 Et,
780 1951 873 1980 Frugem
881 1956 964 1976 ‚aratro
970 1951 1080 1981 qna-:fitam
1089 1951 1148 1979 ¹sur-

378 1983 420 2004 tim
427 1982 516 2012 troc‘Yufi
525 1983 613 2012 paverit
621 1998 627 2008 ‚
635 1980 831 2035 ftrueritvesuber
840 1997 846 2007 ‚
854 1982 965 2013 suspensus
973 1982 1040 2004 Cereri
1052 1988 1133 2004 necator
1141 1992 1148 2004 :

374 2013 471 2044 impubes
479 2013 607 2040 verberator,
614 2015 745 2043 noxiamque
767 2014 875 2043 uplionem
882 2014 982 2042 oraeslaro.
995 2015 1024 2036 Et
1030 2012 1150 2037 clandesti-

376 2051 410 2067 ntz
417 2044 530 2068 coitionis
537 2045 634 2076 capitale
640 2045 732 2069 crimen
739 2043 792 2068 fuit.
805 2052 858 2068 uam
868 2042 913 2071 ‚'ut
920 2045 1099 2068 Porciilatronis
1111 2045 1150 2068 de-

375 2075 485 2099 clamatio
495 2076 638 2100 demonstrat
645 2093 652 2104 ‚
664 2077 717 2107 lege
725 2078 773 2099 Xll.
781 2075 826 2100 tab.
840 2083 933 2100 cautum
941 2076 972 2100 est
979 2093 985 2103 ,
1000 2077 1079 2107 nequis
1087 2084 1150 2100 ‹oetus

377 2107 488 2129 mamm.»
499 2109 521 2129 in
529 2108 588 2131 vrbe
595 2110 687 2138 agitaret
695 2118 703 2130 :
720 2107 794 2139 quue
806 2106 822 2131 si
831 2109 884 2139 quis
895 2107 992 2135 feciss'et,
1008 2108 1082 2140 capite
1089 2109 1150 2132 mul-

379 2143 471 2163 taretur.
481 2138 558 2170 postea
566 2141 603 2163 lex
611 2140 708 2164 Gabinia
715 2139 781 2164 idem
789 2138 870 2164 sanxit.

611 2203 788 2232 Calpur
829 2205 930 2233 XXX.

508 2262 586 2297 Leges
600 2260 632 2287 de
645 2260 791 2290 criminibus
805 2274 854 2291 non
867 2262 1023 2299 capitalibus.

374 2322 484 2390 Haec
491 2321 520 2347 de
529 2322 717 2360 legibus‚quibus
724 2326 826 2357 capitalia
834 2328 934 2352 crimina
941 2328 1087 2360 punirentur.
1093 2329 1151 2353 Fue-

471 2362 525 2382 runt
531 2356 579 2382 aliz
586 2355 615 2382 de
621 2355 756 2383 minoribus
763 2360 837 2392 culpis
843 2376 850 2388 ,
862 2367 942 2392 parem
955 2360 1047 2393 flagitio
1052 2368 1150 2394 poenam

1175 270 1204 294 de
1211 271 1302 298 injuria,
1310 271 1336 294 ab
1345 271 1455 302 Aquillio
1463 270 1559 295 tribuno
1568 270 1642 302 plebis
1649 279 1736 302 rogata,
1743 276 1856 299 correxit:
1865 277 1894 300 de
1901 286 1946 309 φη

1175 303 1324 326 mentionem
1332 302 1385 326 facit
1394 304 1506 334 Ulpianus
1517 304 1571 334 Dig.
1584 310 1619 326 rx.
1630 311 1651 327 2.
1664 312 1684 327 t·
1696 303 1732 328 his
1745 305 1832 330 verbis:
1850 310 1947 333 Lex-,21-

1174 335 1249 365 qurllra
1257 334 1355 357 omnibus
1362 334 1444 365 legibus
1452 352 1458 362 ,
1466 343 1509 366 que
1516 342 1565 358 ante
1571 337 1595 357 de
1603 337 1679 357 a'amno
1687 337 1798 367 injustave
1807 340 1945 368 lucutaesunr,

1173 368 1343 397 derogavimfive
1351 368 1387 388 lex
1395 368 1455 389 ΧΙΙ.
1463 367 1507 390 tab.
1515 368 1615 398 fivealia
1622 370 1801 398 quacunquefuer
1808 371 1834 393 it.
1850 373 1903 395 Fuit
1910 380 1949 396 au-

1175 404 1224 421 tem
1231 405 1256 420 ea
1263 398 1300 421 lex
1308 396 1457 428 plebiscitum
1464 414 1471 424 ‚
1487 405 1542 422 cum
1550 405 1602 421 eam
1611 399 1730 429 Aquillius
1737 400 1844 425 tribunus
1852 403 1925 428 ulebis
1934 403 1948 427 Ξι

1176 429 1242 461 plebe
1249 430 1372 461 rogaverit.
1380 430 1431 452 Fuit
1438 431 1508 453 etiam
1516 431 1595 454 Atinia
1602 429 1631 453 de
1637 430 1744 458 furtis-‚ue
1752 433 1810 464 quid
1817 425 1948 466 surreptum

1178 462 1270 492 usucapi
1285 460 1356 492 poss'et
1367 478 1374 488 ‚
1387 459 1467 490 sedjus
1474 462 1507 484 rei
1515 459 1556 484 suae
1563 462 1707 486 vindicandae
1714 471 1785 494 penes
1792 473 1847 489 eum
1856 468 1894 490 cui
1902 467 1950 491 sur-

1176 500 1237 524 repta
1244 492 1306 519 effer,
1314 499 1429 524 perpetuo
1437 499 1548 516 maneret.
1555 495 1616 517 Furti
1624 501 1679 517 vero
1686 495 1800 524 judicium
1809 498 1868 521 inter
1875 498 1951 523 famo-

1176 524 1197 548 sa
1204 525 1326 556 turpiaque
1334 524 1419 551 judicia
1427 526 1601 548 numerabatur:
1610 525 1695 557 quibus
1703 527 1806 552 damnati
1814 546 1820 556 ‚
1829 532 1898 554 omni
1905 531 1949 554 lio-

1176 564 1235 580 nore
1241 564 1266 580 ac
1273 557 1388 587 dignitate
1401 557 1425 580 in
1433 563 1570 587 perpetuum
1577 557 1757 582 excludebantur
1763 577 1770 587 ‚
1785 568 1810 584 ur
1817 569 1894 593 neque
1900 570 1950 586 ma-

1176 588 1295 620 gistratum
1303 589 1379 612 uilum
1385 595 1464 620 capere
1472 605 1478 614 ,
1490 596 1567 620 neque
1574 589 1599 611 in
1606 586 1709 613 senatum
1717 593 1836 621 pervenire
1843 601 1948 625 unquam

1176 620 1274 651 possent.
1288 621 1354 652 quod
1362 620 1387 643 in
1394 621 1508 643 Oratione
1515 627 1558 650 pro
1566 621 1680 644 Cluentio
1693 621 1868 649 demonstratur.
1887 627 1949 654 Iniu-

1176 657 1214 676 ria:
1221 653 1322 675 nomine
1330 653 1354 675 3<
1361 653 1394 675 vis
1401 668 1406 678 ,
1421 659 1470 675 non
1479 652 1554 676 modo
1562 652 1652 683 publica
1660 669 1667 679 ,
1681 660 1761 677 verum
1769 656 1839 680 etiam
1847 657 1931 688 privata
1940 675 1946 685 ,

1175 685 1318 708 continetur.
1329 691 1383 707 nam
1391 685 1418 707 1..
1426 684 1493 713 Sylla,
1501 684 1528 707 ad
1536 684 1656 708 arcendam
1663 685 1723 710 vim,
1731 686 1808 716 legem
1815 689 1868 711 tulit
1875 689 1904 713 de
1911 690 1948 713 in-

1177 716 1256 744 iuriis:
1269 716 1298 739 de
1306 723 1351 747 qua
1358 716 1386 739 ilc
1393 715 1448 746 Dig-
1461 715 1504 739 lib.
1511 718 1601 740 XLVll.
1612 724 1650 740 ιο,
1661 723 1682 742 5.
1699 719 1746 740 Lex
1754 721 1851 742 Cornelia
1857 721 1881 742 de
1887 722 1948 750 insu-

1176 750 1214 770 riis
1221 749 1321 778 competit
1328 749 1361 773 ei,
1369 749 1409 779 qui
1415 749 1548 777 mluriarum
1555 756 1615 778 agere
1623 750 1682 770 volet
1691 765 1697 776 ,
1708 748 1732 770 ab
1739 757 1786 772 eam
1792 759 1837 773 rem
1845 767 1851 778 ,
1859 753 1916 781 quod
1923 753 1947 782 [ὲ

1175 781 1296 809 fulfiztum‚
1305 779 1474 803 verberatumve
1481 796 1486 806 ,
1494 781 1680 809 domumveficam
1687 782 1713 802 vi
1719 782 1832 804 imi-airam
1839 783 1876 811 effe
1882 784 1948 808 ditat.

1175 819 1220 841 qua
1227 813 1271 842 lege
1278 818 1376 838 cavetur,
1384 817 1409 833 ut
1416 812 1543 843 nonjudicet
1550 813 1579 839 ei,
1585 819 1624 842 qut
1630 812 1752 842 agit‚gener
1759 813 1834 842 ,socer,
1845 815 1946 841 vitricus,

1175 842 1548 874 primgnus,(abrinufve‚prapiorve
1556 851 1640 866 eorum.
1659 843 1751 874 Qubus
1758 844 1842 872 verbis,
1849 852 1951 870 omnem

1177 874 1294 905 injuriam,
1302 881 1353 904 qua:
1360 881 1430 897 manu
1439 873 1485 901 fiat,
1494 874 1583 897 constat
1589 875 1641 905 lege
1647 875 1760 899 Cornelia
1766 877 1891 900 contineri.
1899 880 1950 900 Huc

1177 905 1256 929 referri
1264 905 1352 937 potest,
1364 905 1430 937 quod
1438 906 1462 929 in
1470 906 1554 936 agraria
1567 906 1699 937 legelatum
1712 905 1726 930 xa
1737 911 1766 931 C.
1775 906 1862 931 exsaxe
1876 909 1951 932 calli-

1176 936 1255 960 stratus
1262 938 1303 960 ait:
1313 943 1338 960 ut
1346 954 1352 963 ‚
1360 938 1401 968 qui
1409 938 1525 960 terminos
1532 937 1625 960 statutos
1631 943 1692 961 extra
1700 938 1767 962 suurn
1774 946 1855 970 agrum
1863 939 1950 964 finesve

1177 968 1234 991 dolo
1249 969 1311 991 malo
1326 967 1451 992 movissent
1458 985 1464 995 ‚
1477 969 1572 1000 pecunia
1585 969 1746 994 multarentur.
1765 972 1820 994 Sunt
1833 972 1904 995 etiam
1917 973 1947 996 de

1177 998 1292 1023 sodaliciis
1298 1000 1371 1030 leges,
1380 1000 1454 1029 prima
1462 1001 1571 1027 Romuli,
1579 1000 1673 1024 secunda
1679 1005 1726 1026 ΧΠ.
1735 1002 1871 1030 tabularum,
1880 1005 1948 1027 tertia

1177 1031 1283 1058 Gabinia,
1293 1037 1371 1062 quarta
1378 1031 1475 1054 Licinia⁴
1484 1032 1614 1061 quium&
1638 1032 1744 1060 ostrema‚
1753 1041 1777 1058 ut
1785 1036 1872 1065 opinor
1881 1036 1949 1063 ‚Clo-

1177 1062 1222 1090 dia,
1231 1071 1281 1094 qua:
1289 1070 1337 1086 non
1344 1062 1370 1085 ad
1378 1069 1461 1089 unum,
1468 1062 1506 1086 sed
1515 1063 1541 1086 ad
1548 1063 1613 1094 plura
1630 1064 1815 1096 odaliciigenera
1823 1068 1949 1098 pertinent:

1177 1093 1271 1118 fuerunt
1278 1095 1343 1118 enim
1350 1093 1467 1118 sacrorum
1473 1094 1546 1121 causa,
1554 1094 1750 1119 comessationum
1757 1114 1763 1124 ,
1771 1098 1872 1122 ambitus
1880 1116 1886 1125 ‚
1897 1099 1951 1131 opi-

1177 1126 1249 1150 ficum
1257 1143 1263 1153 ‚
1273 1126 1392 1158 postremo
1399 1127 1471 1150 etiam
1478 1133 1558 1150 contra
1565 1126 1671 1157 rempub.
1685 1126 1793 1152 sodalitia
1801 1146 1807 1156 ‚
1815 1131 1950 1159 utconjura-

1177 1159 1255 1182 tiones
1263 1175 1269 1186 ,
1276 1157 1442 1190 coitionesque
1449 1159 1575 1182 nosturnae.
1592 1161 1641 1182 Lex
1649 1160 1763 1186 Romuli,
1777 1160 1806 1184 de
1812 1169 1855 1193 qua
1863 1162 1908 1191 jam
1915 1161 1952 1186 di-

1179 1190 1317 1216 ximusjzac
1324 1189 1382 1214 fuit:
1393 1191 1515 1213 Nodlurnas
1524 1192 1546 1213 in
1553 1191 1631 1220 templo
1639 1192 1729 1221 vigilrau
1736 1201 1760 1214 ne
1767 1194 1855 1216 habento
1862 1204 1870 1216 .-
1881 1200 1932 1217 tum
1941 1210 1948 1221 ,

1179 1230 1209 1245 ne
1217 1222 1275 1253 quid
1281 1229 1321 1254 per
1329 1221 1425 1246 nostem
1432 1223 1456 1245 in
1464 1222 1512 1245 arde
1519 1221 1576 1245 sacra
1584 1222 1664 1245 minus
1670 1221 1760 1246 fortasse
1767 1223 1824 1248 caste
1835 1226 1950 1249 commit-

1178 1260 1276 1277 teretur:
1292 1261 1343 1278 tum
1351 1254 1421 1277 etiam
1430 1271 1435 1281 ,
1454 1261 1484 1277 ne
1491 1253 1549 1285 quid
1557 1254 1654 1277 iniretur
1666 1255 1761 1278 Occultae
1773 1255 1859 1280 fraudis
1868 1263 1949 1281 contra

1176 1284 1286 1317 rempub.
1303 1285 1409 1309 secundo
1415 1286 1470 1308 loco
1478 1285 1589 1309 sancitum
1597 1285 1688 1310 videtur
1698 1284 1743 1310 effe
1756 1288 1780 1310 in
1788 1290 1837 1312 xu.
1849 1288 1935 1312 tabulis
1943 1305 1951 1316 ,

1178 1326 1208 1341 ne
1215 1318 1268 1349 quis
1280 1318 1305 1340 in
1315 1317 1374 1341 Urbe
1381 1324 1455 1340 coetus
1468 1317 1596 1341 nosturnos
1607 1318 1711 1348 agitaret.
1724 1326 1773 1342 nox
1785 1320 1850 1343 enim
1862 1320 1952 1344 facinus

1178 1350 1296 1373 occultans
1309 1349 1458 1380 impunitatis
1471 1349 1519 1373 fere
1532 1348 1596 1380 spem
1610 1350 1742 1380 promittit:
1761 1350 1815 1374 ideo
1828 1352 1949 1376 noCturuae

1177 1382 1296 1405 coitiones
1303 1380 1476 1404 cavendae-hanc
1482 1381 1561 1412 legem
1570 1383 1676 1404 nominat
1683 1382 1776 1406 Porcius
1785 1385 1852 1406 Latro
1860 1384 1885 1407 iu
1892 1386 1950 1407 Ora-

1177 1414 1244 1437 tione
1252 1411 1355 1436 adversus
1363 1413 1497 1439 Catilinam,
1506 1420 1601 1444 poenam
1609 1421 1658 1436 non
1667 1421 1792 1441 memorat,
1800 1414 1848 1441 sed,
1856 1422 1907 1439 eam
1914 1422 1950 1438 ca-

1179 1446 1275 1476 pitalem
1283 1451 1344 1468 cette
1350 1452 1398 1467 non
1406 1444 1472 1468 fuisse
1481 1461 1486 1471 ‚
1495 1452 1522 1467 ex
1530 1452 1559 1467 eo
1566 1445 1708 1473 conjicimus
1716 1461 1722 1472 ‚
1730 1446 1795 1476 quod
1802 1446 1867 1470 idem
1878 1449 1948 1470 Latro

1178 1478 1224 1500 hxc
1231 1476 1362 1506 subjungit:
1373 1478 1457 1498 Deinde
1463 1478 1518 1506 Lege
1526 1475 1796 1506 Gabimapromulgamm,
1805 1478 1951 1508 quico'irmnes

1179 1509 1237 1530 ullas
1250 1507 1385 1535 clandestinas
1397 1509 1419 1528 in
1433 1507 1492 1529 vrbe
1504 1507 1648 1536 conflavffr,
1666 1516 1722 1529 mare
1739 1509 1848 1540 majarum
1860 1511 1950 1540 capitali

1173 1540 1278 1570 [κομέειν
1284 1539 1426 1561 multaretur.
1443 1540 1503 1561 Patet
1517 1538 1589 1569 igitur
1596 1554 1602 1564 2
1616 1545 1712 1570 utraque
1719 1539 1770 1570 lege
1777 1541 1859 1563 onmia
1866 1539 1951 1564 sodali·

1179 1571 1212 1593 cia
1219 1570 1347 1599 generatim
1354 1569 1475 1593 interdista
1483 1587 1489 1595 ‚
1509 1569 1637 1599 posteriore
1644 1577 1737 1600 poenam
1746 1572 1816 1595 etiam
1828 1572 1951 1602 capitalem

1178 1603 1311 1633 irrogatam.
1319 1608 1339 1624 at
1347 1608 1417 1632 quam
1425 1603 1534 1632 poenam?
1550 1609 1603 1624 nam
1610 1602 1680 1624 etiam
1687 1602 1843 1633 capitispoeua
1849 1604 1951 1628 exilium

1178 1633 1232 1656 fuit.
1246 1641 1297 1656 non
1305 1632 1388 1656 dubito
1397 1649 1403 1659 ,
1413 1633 1471 1663 quin
1480 1632 1509 1658 de
1517 1640 1572 1655 nece
1586 1631 1612 1655 fit
1619 1633 1810 1664 intelligendum.
1824 1642 1879 1658 cum
1891 1635 1917 1659 in
1924 1642 1950 1659 ea

1179 1665 1233 1696 lege
1246 1664 1357 1695 scriptum
1370 1663 1397 1687 fit
1404 1680 1411 1690 ‚
1428 1673 1484 1686 more
1497 1665 1618 1696 majorum.
1633 1672 1685 1688 nam
1698 1674 1755 1688 more
1766 1667 1876 1698 majorum
1889 1673 1952 1691 ante-

1176 1704 1247 1727 quam
1256 1696 1332 1719 Porcia
1339 1713 1346 1723 ‚
1354 1696 1613 1727 Semproniaequeleges
1620 1695 1734 1721 ferrentur
1741 1715 1747 1725 ‚
1760 1698 1861 1722 crimine
1870 1705 1950 1723 rerum

1176 1728 1310 1759 capitalium
1318 1728 1421 1751 damnati
1429 1727 1573 1751 necabantur.
1590 1729 1626 1752 Sic
1635 1729 1706 1752 etiam
1719 1730 1827 1761 loquitur
1837 1729 1897 1762 apud
1905 1731 1952 1754 Sal-

1177 1760 1274 1783 lustium
1282 1760 1338 1783 Bell.
1345 1761 1395 1783 Cat.
1405 1766 1454 1789 cap.
1464 1768 1501 1787 54.
1523 1762 1583 1783 Cato
1596 1760 1622 1783 in
1629 1761 1736 1785 oratione
1745 1778 1750 1787 ,
1766 1769 1810 1793 qua
1817 1763 1950 1790 conjuratos

1177 1792 1223 1815 vita
1230 1790 1463 1822 privandoscensuit:
1478 1793 1513 1814 De
1519 1791 1617 1820 confeffis,
1626 1792 1706 1822 inquit
1714 1809 1720 1819 ,
1728 1794 1793 1823 ficati
1799 1794 1824 1815 de
1831 1795 1913 1822 manusc
1931 1796 1951 1816 is

1179 1831 1252 1845 rerum
1259 1824 1388 1854 capitalium
1396 1838 1403 1847 ‚
1415 1830 1472 1844 mare
1478 1823 1589 1852 mqjorum
1597 1823 1729 1853 supplicium
1735 1825 1865 1851 ficmendum
1872 1825 1949 1854 censeo.

1179 1856 1235 1877 Non
1244 1854 1316 1885 igitur
1323 1860 1408 1876 ornnes
1414 1853 1532 1876 coitiones
1541 1869 1547 1880 ‚
1558 1852 1596 1876 sed
1604 1854 1722 1878 noeturnae
1731 1862 1758 1878 ιιι
1767 1863 1786 1878 r.
1793 1855 1876 1879 tabulis
1884 1872 1890 1883 ,
1903 1857 1952 1879 Ga—

1178 1884 1243 1909 binia
1249 1892 1304 1909 vero
1311 1886 1364 1915 lege
1370 1892 1455 1909 omnes
1461 1884 1607 1908 clandestinae
1616 1902 1622 1911 ,
1636 1885 1680 1908 sive
1688 1886 1806 1909 nofiutnae
1813 1903 1819 1913 ‚
1831 1886 1877 1910 five
1884 1887 1950 1911 diur-

1179 1925 1213 1941 nae
1221 1934 1227 1944 ,
1235 1916 1286 1940 sunt
1294 1916 1430 1940 inter-diffie.
1446 1924 1500 1939 nam
1509 1933 1515 1943 ‚
1523 1916 1616 1940 honesta
1624 1915 1850 1949 sodalicialegexrr.
1863 1918 1951 1943 tabula-

1178 1956 1232 1972 rum
1239 1948 1283 1972 effe
1290 1948 1394 1980 permissa
1402 1964 1408 1974 ‚
1421 1947 1671 1977 Caiusiurisconsultus
1681 1949 1722 1973 lib.
1733 1958 1758 1977 4.
1771 1949 1798 1973 ad
1805 1950 1883 1981 legem
1895 1957 1923 1974 xt
1930 1958 1951 1976 1.

1179 1980 1250 2004 tabul.
1264 1981 1280 2004 l.
1294 1981 1372 2004 ultim.
1381 1980 1473 2003 decoll.
1480 1980 1566 2003 indicat
1574 1996 1580 2007 ,
1592 1980 1628 2003 his
1635 1979 1723 2005 verbis:
1737 1981 1823 2004 Sodales
1831 1983 1885 2010 sunt
1892 1998 1898 2009 ,
1912 1983 1952 2014 qui

1179 2013 1275 2045 ejusdem
1282 2013 1430 2043 collegiifimt.
1443 2012 1603 2041 hirpotestatem
1610 2013 1711 2041 [exfatie
1718 2030 1725 2040 ,
1737 2013 1856 2043 pastionem
1864 2030 1870 2040 ‚
1880 2022 1950 2045 quam

1181 2046 1252 2067 velint
1260 2061 1265 2070 ,
1276 2043 1318 2075 fibi
1324 2046 1396 2074 ferre,
1409 2044 1461 2066 dum
1468 2051 1492 2065 ne
1499 2044 1586 2074 quidex
1595 2043 1684 2074 publica
1696 2046 1741 2076 Iege
1747 2052 1890 2075 corrumpant.
1906 2045 1952 2068 Sed

1182 2079 1220 2099 hac
1227 2077 1262 2098 Iex
1271 2077 1360 2098 viderur
1372 2076 1453 2105 exlege
1461 2076 1542 2097 Solonis
1552 2075 1651 2104 trarstara
1663 2077 1711 2107 esse.
1728 2078 1756 2099 Et
1764 2077 1890 2100 Martianus
1897 2083 1952 2108 pro-

1182 2107 1286 2130 hibitum
1293 2112 1362 2138 negat
1368 2123 1374 2133 ‚
1389 2107 1423 2129 rei
1430 2105 1515 2129 divinae
1521 2105 1584 2129 causa
1591 2123 1598 2133 ,
1610 2106 1676 2130 coire
1682 2124 1688 2134 ,
1702 2107 1761 2131 dum
1769 2115 1798 2132 ne
1805 2109 1864 2140 quid
1870 2115 1951 2137 contra

1180 2141 1202 2162 S.
1209 2141 1236 2162 C.
1244 2138 1282 2162 fiat
1291 2155 1297 2166 ,
1306 2146 1354 2170 quo
1361 2138 1443 2161 illicita
1449 2138 1549 2168 collegia
1555 2139 1700 2162 coercentur.
1715 2140 1737 2162 Si
1747 2141 1799 2171 quis
1805 2147 1882 2164 autem
1890 2157 1896 2167 ,
1904 2141 1953 2164 illi-

1181 2170 1230 2194 citae
1239 2169 1348 2196 reicausa‚
1355 2168 1453 2196 coiisset,
1463 2177 1488 2193 ea
1495 2177 1564 2201 poena
1571 2171 1643 2194 teneri
1652 2171 1765 2201 Ulpianus
1772 2172 1810 2199 ait,
1817 2180 1862 2203 qua
1869 2179 1952 2196 tenen-

1182 2209 1218 2225 tur
1227 2202 1243 2225 ii
1251 2219 1257 2229 ‚
1275 2202 1316 2233 qui
1325 2201 1462 2225 hominibus
1469 2203 1559 2225 armaris
1566 2203 1616 2226 loca
1623 2202 1715 2233 publica
1722 2219 1729 2229 ‚
1743 2204 1779 2227 vel
1787 2205 1873 2235 templa
1881 2211 1953 2228 occ-11⁴

1182 2232 1240 2265 passe
1254 2234 1347 2261 judicati
1360 2233 1424 2257 sunt:
1445 2233 1530 2266 quibus
1543 2241 1600 2265 aqua
1613 2251 1619 2261 ,
1634 2235 1658 2258 δι
1672 2235 1725 2265 igni
1742 2235 1894 2260 interdictum
1906 2234 1952 2259 effla

1181 2265 1276 2289 constat.
1292 2264 1435 2293 sodalitates,
1442 2274 1492 2297 quae
1499 2265 1694 2290 comeffationum
1701 2266 1763 2290 causa
1769 2267 1851 2291 fierent
1858 2284 1864 2294 ,
1871 2267 1951 2292 nomi-

1182 2299 1255 2322 natim
1264 2298 1328 2321 nulla
1334 2298 1385 2329 lege
1392 2298 1472 2321 vetitas
1479 2298 1583 2321 invenio.
1599 2305 1742 2330 quamquam
1750 2307 1792 2323 nec
1799 2299 1902 2323 sodalitas
1909 2315 1917 2325 ‚
1925 2305 1952 2322 ut

1183 2330 1286 2361 opinor,
1300 2329 1346 2353 ulla
1359 2330 1456 2360 proprio
1469 2329 1611 2354 comessandi
1624 2331 1724 2354 nomine
1735 2331 1767 2354 est
1779 2331 1878 2355 instituta
1887 2347 1894 2358 ,
1911 2329 1951 2355 sed

1180 2362 1262 2389 multat
1267 2360 1385 2388 sacrorum
1391 2360 1466 2387 causa:
1478 2369 1506 2388 ex
1513 2369 1563 2395 quo
1569 2361 1657 2389 deinde
1667 2362 1803 2396 sequebatur
1813 2363 1875 2388 inter
1885 2362 1952 2420 sorlia-

1926 2401 1951 2421 <S
