2075 2734
374 107 429 143 898
825 101 1071 129 Pauci

374 153 508 183 subjunxit,
522 152 609 182 sinatus
627 156 726 177 vocatur.
743 151 810 188 quod
829 158 890 176 certe
909 158 963 176 mos
975 151 1093 179 maiorum
1107 152 1152 176 mi-

375 193 419 210 nus
437 185 496 209 ferre
515 184 642 209 videbatur.
662 193 729 211 nam,
750 188 766 208 ii
786 184 906 215 rogationi
924 183 1025 207 ferenda
1038 184 1087 207 dies
1106 183 1151 208 est,

374 224 438 240 certe
456 217 585 240 comitialis
602 217 632 240 est
647 225 652 238 :
677 216 742 247 quod
762 215 778 239 ii
791 216 918 239 comitialis
932 233 938 242 ,
957 215 1035 239 haberi
1047 215 1151 238 senatum

374 256 425 272 non
437 250 505 272 licet:
524 249 587 276 cujus
600 249 633 272 rei
646 248 785 271 testimonio
797 246 849 271 sunt
861 255 900 273 ea,
917 255 968 279 qua:
981 248 1050 279 paulo
1058 253 1150 280 ante-re-

373 281 496 304 citavimus
504 298 509 307 ,
527 282 549 303 ὃ(
564 288 592 303 ex
604 279 700 311 epistola
710 280 737 302 ad
748 279 840 302 fratrem
854 279 921 302 verba
928 278 1052 302 Ciceronis
1060 296 1065 305 ,
1077 280 1100 302 ὃ(
1109 281 1148 301 eS.

373 314 406 336 C.
417 312 459 336 niii
473 313 488 336 ii
501 311 586 335 fastum
601 313 624 334 id
633 317 695 334 extra
702 312 811 335 ordinem
820 312 923 334 dicamus
932 328 937 338 ,
956 318 979 334 ut
988 310 1078 334 Pisonis
1085 313 1147 333 Con-

376 342 434 367 sutis
446 342 597 375 iniquiss‘imis
604 343 725 367 conatibus
733 344 828 367 obviam
839 344 924 367 iretur:
942 343 985 374 qui
997 351 1051 366 curn
1059 341 1149 366 essetla-

376 382 414 398 tor
434 376 562 406 rogationis
577 392 582 401 ,
606 376 629 398 ὅ(
645 375 694 404 ejus
706 376 836 407 rogationis
849 392 855 402 ‚
879 382 950 405 quam
964 383 992 398 ex
1005 378 1023 398 S,
1040 376 1069 397 C.
1084 376 1108 397 ὅ(
1121 375 1150 397 de

375 408 495 437 xeligionc
507 406 605 433 ferebat,
624 407 689 430 idem
702 413 781 430 tamen
794 414 841 430 erat
848 406 963 430 dissuasor.
982 406 1150 429 Comitialium

378 446 477 469 magnus
489 446 536 461 erat
550 446 661 462 numerus
674 447 680 461 ι
697 438 785 470 eosque
797 438 863 462 fuisse
876 439 927 461 dies
941 438 1022 465 fastos,
1040 438 1105 469 quod
1119 437 1152 460 su-

375 477 415 501 pra
430 470 493 495 dixi,
512 471 541 493 ita
555 470 680 498 existimo,
699 477 724 493 ut
737 471 798 494 mihi
811 471 889 493 videar
901 469 1012 493 affirmare
1020 469 1090 501 posse.
1103 476 1151 492 non

377 502 443 525 enini
458 503 521 525 inani
535 502 636 533 quadam
649 502 780 531 conjeostura
789 520 795 529 ,
812 501 850 526 sed
861 509 920 525 certa
933 502 957 525 in
967 502 1062 532 primis,
1080 509 1104 524 ut
1113 509 1152 531 pu*

377 539 417 561 to,
434 535 525 557 ratione
542 542 708 557 commoveor.
725 542 779 557 nam
800 535 823 557 in
844 534 997 558 Orationibus
1015 534 1154 559 Ciceronis,

375 565 402 588 in
420 564 541 593 Pisonem,
560 567 589 589 de
598 567 726 590 Provinciis
733 565 914 592 consularibus,
932 573 974 596 pro
981 566 1074 591 Sextio,
1087 572 1153 588 men-

375 597 472 620 tionem
486 598 556 621 video
568 598 618 622 fieri
631 606 656 621 ea
667 597 698 621 de
709 599 761 628 lege
769 615 775 625 ,
792 606 837 629 qua
851 601 871 621 P.
880 598 981 621 Clodius
991 598 1097 620 tributus
1105 597 1152 627 ple-

376 628 414 652 bis
431 628 505 652 sanxit
517 647 523 656 ,
543 636 567 652 ut
581 629 693 653 omnibus
710 630 792 653 diebus
805 629 865 653 fastis
877 630 912 661 agi
925 637 980 652 cum
993 630 1083 660 populo
1096 629 1151 652 lice-

376 668 420 684 ret.
434 668 483 692 quo
497 661 634 692 firaperturn
643 679 649 688 ,
660 661 720 685 fastis
727 661 868 693 quibusdam
876 670 924 685 non
933 662 956 684 id
964 659 1064 687 licuisse,
1084 660 1150 691 quod

379 699 406 715 ut
418 692 530 716 omnibus
539 694 632 720 liceret,
649 694 701 724 lege
710 694 793 717 Clodia
806 693 919 716 sancitum
932 692 971 717 est.
988 700 1059 723 quam
1072 700 1150 715 tamen

375 724 455 755 legem
468 732 518 748 non
532 724 598 748 fuisse
610 724 767 753 observatam,
783 724 968 748 demonstratum
985 724 1015 747 est
1028 723 1149 747 anobisin

377 756 440 780 libro
451 756 479 779 de
492 756 593 787 Legibus
607 758 733 781 Romanis.
750 760 800 781 Nec
813 764 868 780 vero
885 757 966 780 mirari
979 755 1030 779 satis
1042 754 1147 785 polium,

376 795 433 811 cum
448 805 453 815 ,
470 788 538 812 fastos
550 790 642 821 aliquot
654 788 719 812 suiffe
732 789 878 815 comitiales,
894 795 966 820 pateat
981 805 987 814 ,
1006 787 1048 818 qui
1061 788 1150 811 venerit

376 820 403 843 in
422 826 528 844 mentem
548 821 672 844 Macrobio
685 838 692 847 ‚
715 820 777 844 fastis
800 820 877 843 dicere
891 837 897 847 ,
920 821 972 851 lege
990 823 1026 850 agi
1044 818 1148 846 licurffe,

376 858 432 874 cum
447 853 536 883 populo
550 860 600 876 non
612 851 715 879 licuisse,
732 853 892 875 comitialibus
904 851 1150 882 autemutrumqueli-

376 882 456 915 cuiffe.
470 891 572 915 quorum
583 885 680 907 alterum
694 891 747 907 vere
759 884 849 907 dietum
857 883 959 910 constat,
976 883 1135 906 comitialibus
1145 899 1151 909 ,

377 915 491 945 inquam,
509 915 531 938 δε
545 916 597 945 lege
610 917 660 946 agi,
678 916 702 939 ὃ(
716 923 771 939 cum
784 916 874 946 populo
886 914 987 939 licuisse:
1005 916 1060 946 quia
1067 914 1153 937 scilicet

377 948 510 971 comitiales
528 954 592 970 erant
611 948 640 970 de
659 955 759 970 numero
779 947 890 970 fastorum
903 964 910 974 ,
938 948 1018 978 itaque
1035 947 1059 969 ἃ
1078 946 1151 972 illud,

377 979 490 1002 omniunt
505 978 617 1002 fastorum
629 986 759 1002 commune
769 978 895 1005 habebant,
914 985 939 1001 ut
952 978 1004 1008 lege
1016 979 1051 1008 agi
1064 977 1150 1007 poffet‚

378 1010 404 1032 ἃ
425 1010 468 1033 hoc
486 1017 592 1041 prxtetea
610 1011 746 1041 proprium,
764 1016 789 1032 ut
807 1011 878 1033 etiam
897 1016 951 1033 cum
964 1010 1054 1039 populo
1067 1008 1155 1039 posset,

378 1040 489 1065 Alterum
502 1048 579 1065 autem
591 1043 620 1065 de
632 1041 693 1064 fastis
705 1041 801 1068 diebus,
818 1041 905 1072 quibus
917 1041 1005 1071 aitlege
1013 1041 1048 1070 agi
1057 1039 1155 1068 licuiffe,

378 1080 434 1096 curn
448 1074 539 1104 populo
552 1081 602 1097 non
616 1072 718 1099 licuisse,
736 1074 760 1096 in
774 1074 848 1103 prima
861 1079 924 1103 parre
936 1079 1017 1095 verum
1025 1070 1068 1095 effe
1076 1071 1155 1099 video,

378 1104 404 1127 in
418 1103 529 1131 secunda,
547 1104 588 1136 qui
603 1104 671 1136 possit
683 1112 732 1128 non
746 1104 790 1128 effe
797 1103 894 1130 falsum,
912 1104 973 1127 haud
980 1103 1046 1127 facile
1053 1105 1154 1134 reperio.

378 1136 421 1167 qui
434 1137 499 1160 enim
512 1135 573 1160 fastis
583 1137 619 1168 agi
632 1143 688 1159 cum
701 1137 791 1167 populo
803 1144 852 1160 non
865 1136 919 1159 licet
933 1153 939 1162 ,
956 1143 1012 1159 cuin
1024 1136 1156 1159 comitiales

380 1175 465 1192 omnes
478 1167 527 1191 fasti
540 1168 598 1195 sint,
615 1169 638 1191 δι
651 1168 821 1191 comitialibus
833 1168 869 1199 agi
881 1166 969 1191 licuiffe
981 1174 1036 1190 cum
1050 1168 1154 1199 populo,

378 1199 426 1229 jam
447 1199 592 1224 ostenderim
603 1216 610 1227 ,
627 1199 721 1223 dixisset
732 1200 779 1223 hoc
791 1200 867 1223 modo
881 1207 886 1221 ς
904 1199 966 1223 fastis
977 1199 1090 1222 omnibus
1104 1200 1155 1230 lege

378 1231 416 1262 agi
428 1231 497 1258 licet,
513 1239 568 1255 cum
581 1232 671 1264 populo
684 1239 734 1255 non
748 1231 935 1255 omnibuslicet:
953 1231 1154 1263 nihilerat‚quod

379 1263 571 1294 reprehenderes:
591 1263 709 1295 siquidem
729 1263 796 1295 quod
815 1263 954 1290 docuimus,
972 1262 1112 1294 quibusdam
1125 1262 1156 1286 fa-

379 1295 418 1318 stis
431 1296 468 1326 agi
481 1303 536 1319 cum
550 1297 641 1327 populo
654 1302 756 1326 poterat,
773 1294 913 1327 quibusdam
925 1302 976 1318 non
983 1301 1084 1326 poterat:
1103 1295 1155 1325 qui-

379 1325 423 1350 bus
437 1333 526 1358 poterat
538 1344 544 1353 ,
563 1334 604 1350 eos
614 1326 630 1350 fi
643 1327 697 1358 quis
708 1326 776 1350 fastos
789 1343 796 1354 ,
814 1333 850 1350 aut
862 1325 930 1350 fastos
948 1327 1081 1350 comitiales
1094 1326 1156 1350 dice-

379 1364 429 1385 ret,
447 1366 496 1382 non
515 1365 604 1383 erraret.
626 1366 682 1382 cum
695 1358 745 1382 dies
757 1358 829 1382 fuerit
841 1358 920 1382 nullus
931 1358 1058 1382 comitialis
1071 1375 1078 1384 ‚
1095 1359 1154 1390 quin

379 1390 446 1413 idem
465 1392 489 1414 ὃς
503 1390 570 1414 fastus
583 1407 589 1417 ,
607 1388 645 1413 sed
663 1391 795 1414 comitiales
810 1391 890 1421 potius
902 1406 909 1417 ‚
932 1397 1004 1421 quam
1017 1389 1065 1413 fasti
1079 1406 1085 1416 ‚
1103 1397 1128 1413 ut
1142 1389 1154 1413 a

380 1422 480 1453 reliquis
498 1421 559 1445 fastis
579 1422 675 1453 proprio
688 1423 790 1445 nomine
809 1421 1021 1452 distinguerentur,
1043 1423 1067 1445 ὅ(
1080 1423 1156 1445 comi-

377 1454 444 1477 tiales
457 1454 516 1477 item
530 1454 621 1485 potius,
639 1461 709 1485 quam
723 1453 773 1477 fasti
785 1454 929 1480 comitiales,
947 1453 1065 1477 brevitatis
1077 1453 1140 1476 causa
1149 1472 1154 1481 ‚

378 1484 528 1509 vocabantur.
564 1488 658 1511 verum,
678 1486 732 1516 quia
751 1485 865 1512 libenter,
883 1491 997 1516 quantum
1016 1486 1040 1508 in
1054 1491 1096 1507 me
1108 1485 1153 1512 est,

380 1517 556 1548 Antiquitatem
569 1515 634 1539 soleo
645 1517 719 1542 tueri,
737 1516 886 1539 Macrobium
895 1532 902 1542 ,
919 1514 933 1538 a
945 1523 995 1547 quo
1009 1516 1082 1539 multa
1094 1516 1155 1539 didi-

379 1548 418 1574 ci,
435 1547 498 1579 quasi
516 1548 593 1579 gratiae
610 1546 734 1570 referendae
752 1547 820 1574 loco,
838 1548 868 1570 ita
887 1554 962 1570 conor
974 1547 1093 1571 excusate:
1112 1554 1137 1570 ut
1148 1564 1154 1574 ‚

378 1586 438 1604 cum
449 1579 515 1603 fastos
525 1579 672 1605 nominavit,
689 1579 717 1602 de
730 1579 759 1601 iis
772 1585 862 1602 tantum
879 1578 1034 1604 intellexerit,
1052 1580 1093 1608 qui
1105 1578 1155 1602 fasti

379 1611 454 1641 vulgo
464 1610 598 1634 dicebantur
607 1627 613 1636 ,
630 1617 679 1633 non
692 1611 763 1633 etiam
770 1610 848 1636 deiis.
865 1610 920 1641 qui,
938 1609 1033 1633 etsifasti
1046 1609 1087 1641 ipfi
1095 1617 1153 1641 quo-

379 1650 428 1675 que
441 1649 518 1668 erant,
535 1642 667 1665 comitiales
681 1648 758 1665 tamen
773 1641 950 1672 appellabantur.
964 1640 1073 1672 spectavit
1085 1642 1157 1670 igitur

380 1681 431 1698 non
445 1673 510 1697 verbi
522 1674 572 1696 vim
581 1689 587 1699 ,
603 1680 654 1703 qua:
667 1672 716 1696 dies
730 1680 828 1699 omnes,
846 1673 931 1704 quibus
944 1679 1026 1703 praetor
1039 1673 1082 1695 tria
1089 1673 1156 1696 verba

378 1705 422 1730 fari
436 1705 523 1736 posset,
540 1704 585 1728 sive
597 1705 729 1728 comitiales
741 1704 823 1731 essent,
842 1704 887 1727 {ive
900 1711 949 1727 non
958 1721 963 1730 ‚
981 1704 1156 1735 complestimr,

381 1737 420 1761 sed
433 1737 628 1761 consuetudinem
641 1736 769 1768 loquendi,
785 1736 851 1769 quod
858 1735 928 1760 fastos
941 1737 1156 1764 nominabanteos‚

380 1769 469 1800 quibus
488 1775 578 1792 tantum
597 1768 649 1798 lege
662 1769 698 1798 agi
710 1767 797 1800 posset,
813 1775 868 1791 cum
880 1775 935 1794 eos,
950 1767 1037 1799 quibus
1049 1774 1103 1790 cum
1115 1775 1156 1798 po-

379 1802 438 1832 pulo
457 1800 531 1832 posset
543 1817 550 1827 ,
566 1800 697 1823 comitiales
711 1801 826 1830 praecipuo
843 1798 957 1822 vocabulo
969 1799 1067 1822 mallent
1079 1800 1155 1833 appel—

379 1834 436 1856 lare.
464 1832 579 1863 Quaeritur
592 1830 733 1861 hic-fortasse
746 1848 752 1858 ‚
769 1838 824 1854 cum
837 1831 969 1854 comitiales
981 1838 1066 1853 omnes
1084 1831 1155 1854 essent

380 1864 431 1888 fasti
439 1882 444 1892 ‚
460 1865 537 1895 iisque
545 1863 630 1886 &cum
639 1864 728 1894 populo
737 1879 743 1889 ,
757 1863 781 1886 δι
789 1863 840 1894 lege
847 1863 883 1893 agi
891 1860 963 1893 posset
971 1878 977 1888 ,
987 1869 1041 1886 cum
1050 1863 1154 1894 populo,

380 1895 590 1928 quiacomitiales,
602 1895 655 1929 lege
664 1911 669 1921 ‚
688 1895 743 1925 quia
751 1893 813 1921 fasti,
828 1894 929 1917 fieretne
936 1893 1005 1917 fimul
1017 1900 1153 1925 utrumque.

380 1930 493 1961 Negatur.
513 1934 567 1951 nam
577 1943 583 1953 ,
600 1927 640 1949 etii
652 1926 735 1950 licebat
748 1932 876 1957 utrumque
888 1925 975 1949 eodem
986 1926 1038 1952 die,
1061 1933 1110 1948 non
1124 1933 1153 1949 ta-

380 1968 438 1984 men
457 1965 585 1990 utrumque
603 1964 692 1990 poterat
703 1958 789 1982 eodem
802 1964 918 1988 ternpore.
935 1965 989 1981 cum
1003 1957 1068 1980 enim
1079 1964 1152 1988 popu-

381 1993 418 2016 lus
432 1993 457 2016 in
472 1991 552 2015 forum
564 1989 722 2017 convenisset,
739 1989 798 2022 quid
814 1989 942 2017 judicibus,
959 1995 996 2013 aut
1007 1989 1154 2019 litigantibus

381 2024 430 2047 loci
443 2024 628 2055 relinqueretur5
647 2029 730 2053 porro,
750 2021 766 2045 fi
779 2021 950 2048 vacaretlocus,
967 2020 1094 2052 quitamen
1103 2020 1152 2051 pos-

382 2055 416 2079 set
429 2062 511 2086 prator
520 2071 526 2081 ‚
544 2060 581 2077 aut
596 2053 682 2083 judices
694 2070 700 2080 ,
720 2054 744 2076 in
757 2060 820 2077 tanto
834 2053 944 2084 strepitu,
960 2059 1060 2084 quantus
1072 2053 1154 2076 coaeter

383 2087 410 2110 in
429 2094 502 2110 uuum
515 2087 595 2109 locum
609 2085 770 2109 multitudinis
784 2085 841 2108 solet
854 2085 912 2112 effe,
929 2091 1027 2110 eorum,
1046 2084 1088 2115 qui
1102 2091 1154 2107 cau-

382 2117 414 2142 sas
430 2124 535 2149 agerent,
552 2118 670 2140 orationes
684 2118 777 2141 attentis
790 2116 897 2143 auribus,
915 2116 1060 2147 animisque,
1079 2122 1104 2138 ut
1117 2124 1155 2147 par

383 2149 431 2177 est,
447 2150 559 2179 excipere.
573 2147 646 2172 sedata
659 2155 740 2172 mente
751 2149 877 2180 diligenter
890 2148 979 2179 aliquid
991 2146 1155 2170 consideranti-

382 2181 427 2205 bus
439 2188 499 2212 opus
511 2179 550 2203 est.
564 2180 641 2211 itaque
648 2179 772 2205 absurdum
779 2181 824 2207 est,
841 2180 946 2206 credere,
965 2177 1063 2210 potuiss'e
1070 2179 1156 2202 eodem

382 2220 493 2244 tempore
502 2212 526 2235 ὃ(
538 2218 593 2234 cum
603 2213 692 2242 populo
705 2214 756 2245 agi,
773 2213 797 2236 δι
811 2212 902 2239 iudiciis
909 2219 1004 2243 operam
1012 2211 1074 2234 dari:
1093 2210 1157 2234 sicuti

384 2245 447 2270 fastis
459 2245 488 2268 iis
500 2260 507 2270 ‚
525 2243 566 2274 qui
580 2244 710 2268 comitiales
729 2252 777 2268 non
790 2251 854 2267 erant
867 2261 873 2270 ‚
891 2244 977 2267 eodem
990 2242 1088 2274 quidem
1104 2243 1156 2269 die,

383 2283 520 2302 nontamen
527 2273 612 2297 eodem
625 2281 744 2306 tempore,
762 2277 845 2307 &lege
852 2276 942 2303 astum,
960 2276 984 2298 ἃ
998 2275 1102 2298 senarum
1115 2274 1159 2299 effe

382 2308 491 2333 habitum
511 2306 623 2333 invenio,
641 2306 684 2334 lic,
702 2314 726 2330 ut
746 2308 797 2339 lege
815 2314 918 2339 ageretur
930 2307 1035 2338 primum
1049 2323 1055 2333 ,
1073 2306 1159 2330 deiude

382 2341 474 2365 senatus
495 2339 624 2362 haberetur.
646 2338 711 2369 quod
730 2346 785 2362 cum
800 2346 828 2362 ex
842 2340 892 2363 aliis
907 2339 981 2365 locis,
999 2346 1050 2361 tum
1064 2340 1155 2365 ex3.&

383 2380 424 2399 ῃ.
442 2371 540 2404 epistola
557 2369 611 2395 libri
621 2377 643 2393 2-
660 2369 687 2395 ad
701 2370 832 2402 Quietum
845 2370 941 2396 fratrem
954 2370 1105 2401 intelligitur.
1125 2373 1155 2394 Er

1131 102 1497 129 Manu-rii

1177 157 1224 182 go,
1241 158 1296 175 cum
1308 157 1393 175 omnes
1408 148 1540 174 comitiales
1557 146 1630 175 essent
1646 148 1694 175 fasti
1708 166 1716 179 ‚
1731 157 1783 176 non
1795 152 1850 184 quia
1863 153 1954 187 semper

1180 185 1233 213 lege
1246 191 1349 215 ageretur
1360 199 1366 210 ,
1386 182 1424 206 sed
1443 183 1497 213 quia
1509 182 1599 212 semper
1611 183 1691 207 liceret
1704 199 1711 211 ‚
1729 182 1745 207 fi
1758 185 1833 209 modo
1846 193 1902 210 cum
1911 194 1954 217 po-

1181 215 1237 244 pulo
1258 223 1306 238 non
1320 221 1422 246 ageretur
1432 231 1438 240 ‚
1456 215 1508 242 <nec
1523 215 1588 237 enim
1603 221 1730 246 utrumque
1743 214 1812 240 fimul
1824 217 1888 245 fieri,
1907 219 1954 245 iam

1180 246 1295 277 diximus)
1310 246 1340 269 ita
1352 246 1520 269 concludemus
1533 254 1539 268 ε
1557 245 1624 269 fastos
1637 263 1644 273 ,
1660 247 1725 270 litera
1737 249 1762 271 F.
1775 248 1800 271 in
1814 250 1953 274 Kalendaiio

1181 285 1286 304 notatos,
1304 278 1491 307 jurisdiffionem
1506 285 1591 301 omnes
1609 277 1730 302 habuiffe:
1746 279 1820 307 fastis,
1837 281 1903 305 litera
1922 284 1953 306 C.

1183 312 1281 335 notatis.
1300 312 1324 333 ὅ(
1342 311 1376 337 ius
1394 309 1455 336 dici:
1475 310 1498 332 δε
1519 312 1554 339 agi
1573 317 1627 333 cum
1647 311 1750 341 populo,
1768 312 1854 336 eodem
1874 320 1953 338 tamen

1183 348 1290 372 tempore
1299 358 1305 368 ,
1323 340 1431 372 potuiffi:
1448 341 1550 372 ideoque
1562 340 1630 364 fastos
1642 349 1683 365 eos
1695 349 1793 374 quoque
1805 343 1872 368 fuisse
1883 345 1952 373 dico,

1184 380 1233 395 non
1241 381 1269 396 ex
1277 380 1315 399 eo,
1323 373 1389 403 quod
1397 373 1468 399 fieret,
1475 373 1514 396 sed
1521 380 1550 396 ex
1557 380 1597 399 eo,
1607 373 1672 405 quod
1681 374 1768 398 liceret.
1785 378 1838 399 Haec
1845 376 1874 400 de
1880 376 1953 401 fastis:

1183 404 1302 434 supersunt
1316 404 1403 428 nefasti.
1421 405 1463 428 l-lis
1476 405 1577 428 omnino
1590 413 1667 436 neque
1678 406 1731 435 lege
1742 407 1793 437 agi,
1810 415 1887 439 neque
1898 416 1954 432 cum

1183 438 1273 467 populo
1287 436 1378 459 licebat.
1391 436 1675 468 cumenimopponantur
1689 437 1763 465 fastis,
1781 438 1954 469 quorunienu-

1185 476 1251 491 mero
1269 467 1321 491 sunt
1340 468 1471 491 comitiales
1484 485 1489 494 ,
1508 474 1538 490 eo
1555 469 1602 496 jure
1614 485 1621 496 ,
1637 469 1703 500 quod
1721 477 1806 493 omnes
1823 471 1872 495 fassi
1885 488 1891 498 ,
1909 471 1954 496 five

1184 500 1329 526 comitiales,
1347 499 1393 523 sive
1407 506 1455 522 non
1468 500 1600 523 comitiales
1613 517 1620 527 ,
1637 500 1721 524 habent
1734 518 1740 527 ,
1759 501 1850 532 prorsus
1868 510 1955 527 careant

1186 530 1273 555 necesse
1282 531 1321 555 est.
1338 531 1414 555 Feflus
1426 532 1497 554 etiam
1511 530 1540 554 [ic
1552 539 1557 553 :
1575 533 1623 554 vi:
1635 534 1709 562 nefasto
1722 536 1780 563 apud
1789 540 1895 563 putorem
1909 537 1954 561 que

1183 572 1258 594 agere,
1274 564 1397 593 religiosum
1415 570 1468 586 erat.
1501 561 1584 586 Causas
1603 569 1680 586 tamen
1700 565 1735 594 agi
1750 581 1756 591 ,
1772 566 1796 588 ὅ(
1810 562 1952 591 concionem

1184 595 1262 619 haberi
1275 612 1281 622 ‚
1299 596 1413 626 &legem
1426 595 1571 626 promulgari
1586 611 1592 621 ,
1609 594 1699 618 licebat.
1718 603 1772 620 nam
1786 604 1862 628 neque
1879 598 1955 621 causas

1185 627 1221 657 agi
1235 644 1241 654 ‚
1258 626 1290 650 est
1301 627 1352 658 lege
1365 628 1401 658 agi
1415 635 1420 648 :
1439 633 1516 658 neque
1528 626 1673 650 concionem
1686 625 1762 651 haberi
1774 644 1781 654 ,
1800 636 1837 652 aut
1851 646 1858 656 ,
1874 630 1952 661 legem

1184 659 1343 689 promulgari,
1361 659 1393 682 est
1404 665 1458 682 cum
1470 659 1559 690 populo
1567 659 1611 689 agi.
1629 665 1678 690 quae
1686 658 1888 689 probarefingula,
1904 670 1954 686 ma-

1183 692 1224 722 gni
1243 691 1334 721 negotii
1353 698 1401 714 non
1415 690 1456 714 est.
1490 691 1574 721 Agitur
1585 691 1652 720 lege,
1668 697 1723 714 cum
1736 697 1818 721 praetor
1831 693 1872 715 tria
1884 694 1951 717 verba

1182 723 1254 750 satur,
1272 724 1324 750 Ἔν,
1342 724 1410 749 Dico,
1428 723 1517 746 ,Addita
1531 733 1538 745 .·
1556 723 1598 754 qui
1618 721 1649 745 est
1667 722 1766 746 ultimus
1785 723 1865 749 iudicii
1884 725 1952 749 dies:

1183 761 1237 778 cum
1257 761 1312 777 vero
1329 754 1398 777 causis
1416 753 1539 777 audiendis
1555 760 1637 784 praetor
1649 761 1745 785 operam
1758 753 1795 777 dat
1808 772 1814 781 ,
1830 756 1882 786 lege
1899 763 1954 780 tunc

1183 794 1232 809 non
1251 787 1333 818 agitur.
1351 793 1421 817 quare
1437 785 1506 809 fastos
1517 784 1560 809 esse
1580 784 1668 809 necesse
1680 793 1730 809 non
1743 786 1774 809 est
1790 794 1873 810 omnes
1891 787 1955 817 dies,

1184 817 1270 847 quibus
1292 825 1328 840 aut
1348 825 1390 850 pro
1404 825 1457 844 reo,
1475 824 1512 840 aut
1524 825 1605 841 contra
1618 825 1683 840 reum
1697 818 1782 841 dicitur
1796 826 1802 841 ;
1819 818 1857 842 sed
1872 818 1954 844 fastum

1184 857 1238 872 eum
1253 850 1351 881 quidem
1362 848 1418 875 esse,
1437 848 1524 873 necesse
1537 849 1582 875 est,
1604 857 1653 880 quo
1660 857 1757 881 praetor,
1774 851 1956 882 autquijudicio

1185 881 1260 912 praeest
1275 898 1285 914 ³.
1298 888 1351 904 cum
1365 881 1463 904 consilio
1477 881 1579 908 judicum
1593 880 1729 905 sententiam
1748 881 1809 905 ferre
1821 882 1897 906 debet.
1916 885 1958 907 ita-

1185 920 1230 943 que
1243 914 1268 936 in
1281 912 1376 943 epistola
1385 921 1406 939 3.
1418 912 1473 935 libri
1482 921 1504 936 2.
1517 912 1544 935 ad
1552 912 1781 943 Qinstumfratrem
1790 930 1797 940 ,
1814 916 1859 938 „Ad
1867 922 1888 940 3.
1899 917 1958 943 Idus,

1185 945 1277 976 inquit,
1295 947 1343 967 dixi
1352 951 1388 974 pto
1402 945 1490 973 OEestra,
1507 946 1532 966 dr
1545 944 1631 966 ambitu
1644 961 1651 971 ,
1668 946 1844 977 apudpraetorem
1859 943 1894 968 Cn.
1910 949 1957 969 Do-

1186 978 1285 999 minum.
1319 978 1398 1006 Qem
1413 982 1492 998 tamen
1511 976 1575 999 diem
1589 975 1630 1006 (est
1643 983 1719 999 aurem
1730 984 1751 1003 3.
1763 977 1818 1000 idus
1829 977 1958 1009 Februarii)

1185 1007 1268 1030 fastum
1288 1014 1337 1030 non
1349 1006 1430 1033 fuiffe,
1447 1007 1612 1030 Kalendarium
1624 1008 1711 1031 indicat
1723 1015 1729 1030 ε
1747 1015 1839 1032 notatur
1852 1010 1912 1038 jam,
1930 1017 1956 1034 ut

1187 1038 1296 1065 nefastus,
1313 1039 1378 1061 litera
1393 1041 1423 1062 N.
1435 1045 1476 1061 nec
1489 1039 1591 1061 omnino
1605 1038 1634 1061 de
1646 1039 1701 1062 osto
1714 1039 1810 1067 diebus,
1829 1042 1869 1073 qui
1878 1041 1904 1064 ab
1911 1041 1957 1065 ldi-

1186 1069 1227 1094 bus
1240 1070 1397 1102 appellantur,
1415 1069 1494 1093 mense
1505 1070 1629 1093 Februario
1642 1070 1708 1094 fastus
1720 1072 1781 1095 ullus
1793 1072 1851 1099 fuir,
1869 1073 1957 1097 ultimo

1185 1109 1277 1126 tanturn
1296 1102 1348 1128 die,
1366 1102 1412 1125 hoc
1430 1101 1476 1128 est,
1493 1101 1572 1125 Idibus
1585 1101 1653 1132 ipfis,
1672 1109 1768 1134 excepto
1781 1120 1787 1130 ‚
1806 1105 1847 1135 qui
1861 1104 1958 1128 nefastus

1187 1135 1277 1165 priore,
1294 1133 1362 1157 fastus
1375 1132 1502 1165 posteriore
1517 1140 1579 1164 parte
1590 1134 1635 1157 fuit
1648 1141 1654 1155 :
1672 1141 1764 1158 notatur
1777 1136 1843 1158 enim
1856 1135 1897 1162 fic,
1906 1139 1957 1161 NP.

1188 1166 1326 1189 conciones
1343 1166 1397 1189 licet
1416 1165 1443 1188 ad
1461 1166 1576 1196 populum
1590 1165 1728 1189 haberentur
1741 1183 1748 1193 ‚
1766 1174 1815 1190 non
1828 1173 1907 1190 tamen
1919 1174 1958 1191 co-

1188 1198 1274 1221 mitiali
1284 1204 1375 1221 tantum
1388 1197 1441 1224 die,
1458 1196 1496 1220 sed
1509 1197 1533 1220 &
1547 1196 1614 1224 fano,
1633 1198 1675 1229 qui
1687 1199 1814 1222 comitialis
1827 1206 1876 1222 non
1889 1198 1957 1227 eslet,

1188 1230 1211 1253 ὅ(
1232 1229 1318 1253 nefasto
1341 1229 1425 1261 pariter
1442 1228 1520 1252 haberi
1533 1235 1647 1260 poterant.
1663 1230 1722 1252 nolo
1732 1231 1798 1253 enim
1811 1237 1958 1262 quemquam

1187 1261 1212 1285 in
1227 1269 1257 1285 eo
1269 1261 1332 1287 falli,
1349 1261 1403 1292 qnia
1416 1259 1521 1287 fortaffe,
1538 1261 1573 1291 agi
1585 1260 1612 1284 ad
1625 1262 1754 1292 populum,
1771 1262 1795 1285 δι
1808 1263 1844 1293 agi
1852 1270 1906 1286 cum
1913 1270 1958 1293 po-

1188 1294 1258 1325 pulo,
1275 1294 1341 1317 idem
1353 1292 1398 1316 effe
1410 1292 1526 1315 videatur:
1543 1300 1593 1324 quae
1605 1292 1693 1316 diversa
1706 1292 1766 1317 sunt.
1783 1301 1837 1317 nam
1850 1294 1957 1325 agebatur

1187 1326 1215 1349 ad
1224 1326 1350 1357 populum,
1363 1332 1418 1348 cum
1425 1324 1452 1347 ad
1466 1324 1582 1356 populum
1596 1325 1739 1348 concionem
1751 1325 1836 1357 aliquis
1849 1325 1957 1353 habebat,

1186 1364 1211 1381 ut
1230 1358 1322 1381 Gellius
1340 1357 1409 1380 docet
1421 1356 1585 1387 libror3.cap,
1595 1364 1616 1383 5.
1632 1356 1745 1388 Agebatur
1759 1363 1836 1380 autem
1847 1365 1901 1381 cum
1915 1365 1958 1388 po·

1185 1389 1256 1422 pulo,
1275 1395 1299 1412 ut
1317 1389 1348 1412 ait
1367 1388 1454 1414 Festus,
1471 1395 1527 1412 cum
1546 1388 1688 1419 magistratus
1705 1388 1733 1412 ad
1751 1389 1876 1413 consilium
1889 1406 1896 1416 ‚
1919 1396 1959 1414 :tut

1185 1421 1296 1448 comitia,
1314 1419 1417 1444 vocabat.
1429 1420 1496 1452 quod
1509 1419 1558 1443 fieri
1571 1421 1687 1443 comitiali
1700 1420 1809 1444 duntaxat
1821 1420 1958 1446 dielicebat.

1185 1453 1330 1476 Concionati
1350 1459 1426 1475 autem
1441 1451 1553 1475 omnibus
1565 1459 1630 1483 sque
1642 1451 1833 1479 diebuslicuiffe,
1850 1453 1958 1483 exempla

1186 1484 1354 1508 demonstrant.
1373 1485 1466 1513 itaque,
1484 1484 1577 1514 queties
1595 1484 1693 1514 aliquod
1715 1488 1734 1506 S.
1755 1485 1842 1507 C.erat
1855 1484 1956 1510 fastum,

1187 1514 1283 1539 dimiffo
1296 1515 1385 1542 senatu,
1405 1515 1429 1537 &
1448 1517 1469 1537 S.
1484 1517 1512 1537 C.
1526 1514 1553 1536 ad
1567 1516 1681 1547 populum
1689 1515 1798 1542 recitato,
1815 1514 1958 1545 magistratus

1187 1548 1284 1577 aliquis,
1303 1553 1340 1569 aut
1359 1547 1429 1569 etiam
1448 1545 1549 1576 privatus
1568 1548 1659 1569 ienator
1673 1563 1680 1573 ,
1696 1546 1814 1570 concione
1823 1547 1845 1570 ei
1858 1547 1871 1570 a
1884 1547 1960 1577 magi-

1188 1579 1256 1602 stratu
1273 1579 1335 1604 dara,
1354 1577 1380 1600 ad
1398 1578 1515 1609 populum
1535 1576 1602 1600 verba
1612 1577 1716 1601 faciebat.
1733 1585 1776 1601 nec
1788 1585 1865 1602 tamen
1878 1578 1898 1601 is
1910 1585 1959 1601 erat

1188 1611 1237 1634 dies
1252 1610 1388 1633 comitialis.
1405 1609 1641 1632 namsomirialibus
1657 1610 1708 1632 fieri
1722 1611 1744 1631 S.
1757 1611 1786 1632 C.
1806 1616 1841 1632 aut
1855 1610 1958 1633 omnino

1187 1641 1291 1665 senatum
1306 1641 1382 1664 haberi
1397 1648 1445 1663 non
1459 1640 1572 1671 inruisse,
1590 1640 1775 1664 demonstratum
1789 1641 1829 1665 est.
1845 1642 1870 1664 ὅ(
1882 1641 1960 1665 Fessus

1188 1674 1233 1697 hacc
1244 1679 1320 1704 aperte
1332 1672 1468 1702 distinguit,
1486 1679 1540 1694 cum
1553 1672 1596 1695 ait:
1616 1674 1693 1694 Forum
1705 1672 1743 1701 est,
1761 1680 1782 1694 m
1795 1680 1836 1703 quo
1845 1674 1958 1703 judicium

1182 1706 1247 1735 fieri,
1264 1713 1313 1727 cum
1324 1706 1401 1735 populo
1412 1712 1460 1734 agr,
1477 1705 1581 1726 contiones
1594 1703 1679 1730 baberi,
1692 1706 1782 1733 fimum.
1801 1707 1856 1734 Quo
1868 1704 1958 1735 dieigi-

1187 1745 1222 1761 tur
1236 1753 1242 1763 ,
1259 1745 1294 1766 agi
1306 1745 1354 1758 ‹um
1365 1738 1456 1767 popula,
1472 1735 1559 1758 eodem
1572 1751 1578 1761 ,
1596 1743 1631 1765 agi
1644 1737 1703 1767 apud
1711 1738 1816 1767 poprium
1831 1753 1837 1763 ,
1859 1735 1957 1759 licebat:

1187 1776 1237 1800 quo
1249 1775 1325 1791 autem
1338 1784 1345 1794 ‚
1362 1776 1397 1797 agi
1411 1768 1469 1798 apud
1483 1768 1588 1797 papulum
1603 1784 1608 1793 ‚
1626 1767 1712 1790 eodem
1727 1783 1733 1790 ‚
1750 1775 1786 1797 agi
1805 1776 1854 1790 cum
1862 1769 1956 1800 populo,

1187 1808 1236 1823 non
1248 1799 1338 1829 semper
1350 1797 1440 1821 licebat.
1458 1799 1571 1828 Exempla
1579 1798 1620 1821 fibi
1629 1797 1955 1829 quisquenotetinlegendo:

1186 1830 1251 1862 quod
1269 1830 1412 1853 facillimum
1431 1828 1474 1852 est:
1492 1827 1544 1852 sunt
1562 1830 1628 1852 euim
1642 1829 1740 1853 infinita.
1754 1830 1832 1860 itaque
1845 1837 1902 1861 puro
1915 1836 1957 1853 me

1184 1863 1256 1886 facere
1270 1869 1319 1885 non
1332 1862 1424 1891 inepte,
1441 1860 1506 1891 quod
1518 1861 1547 1883 iis
1560 1861 1695 1887 recitandis,
1713 1868 1763 1891 quae
1772 1861 1851 1892 paffim
1858 1861 1956 1888 exstant,

1183 1893 1353 1918 conterendum
1366 1892 1427 1915 mihi
1439 1898 1532 1923 tempus
1540 1892 1583 1915 effe
1591 1900 1637 1915 non
1644 1892 1787 1915 existimem.
1803 1893 1863 1916 illud
1871 1892 1958 1916 adden-

1184 1926 1241 1950 dum
1261 1932 1337 1948 unum
1355 1924 1459 1947 videtur:
1475 1927 1537 1947 Cum
1550 1924 1700 1947 advocabatur
1718 1924 1804 1947 concio
1817 1941 1823 1951 ,
1842 1931 1868 1947 ut
1879 1932 1956 1956 popu-

1183 1959 1220 1982 lus
1235 1957 1324 1988 aliquid
1343 1954 1468 1986 suffragiis,
1484 1962 1581 1987 rogante
1600 1955 1732 1987 magistratu
1744 1972 1750 1982 ,
1769 1954 1885 1983 scisceret,
1902 1962 1958 1979 tunc

1185 1990 1261 2013 aerum
1280 1988 1325 2012 effe
1336 1995 1390 2011 cum
1404 1987 1508 2018 popum,
1525 1994 1575 2010 non
1587 1987 1614 2010 ad
1628 1988 1756 2018 populum:
1774 1995 1827 2010 cum
1839 1995 1895 2011 vero
1908 1995 1959 2011 ma-

1184 2021 1302 2053 gistratus,
1320 2027 1356 2043 aut
1366 2020 1438 2042 etiam
1452 2019 1552 2050 privatus
1565 2019 1664 2050 aliquiS,
1683 2018 1813 2049 magistratu
1826 2020 1847 2043 ei
1862 2020 1960 2043 concio-

1187 2061 1243 2077 nem
1263 2053 1343 2078 danoe,
1362 2051 1389 2074 ad
1406 2051 1521 2082 populum
1540 2050 1607 2073 verba
1625 2050 1731 2075 faciebat,
1751 2058 1799 2074 non
1817 2058 1842 2074 ut
1854 2050 1956 2082 suffragia

1186 2084 1272 2108 deinde
1290 2083 1419 2107 ferrentur,
1437 2082 1475 2105 sed
1495 2088 1520 2105 ut
1539 2082 1629 2113 aliquid
1648 2089 1815 2113 exponeretur,
1833 2089 1889 2106 tunc
1907 2091 1958 2107 non

1185 2124 1239 2140 cum
1253 2116 1356 2147 populo,
1374 2113 1413 2137 sed
1425 2114 1452 2136 ad
1466 2114 1580 2144 populum
1594 2114 1670 2137 aetum
1683 2113 1734 2138 effe.
1755 2114 1825 2137 Aliud
1838 2114 1958 2146 estigitur,

1186 2148 1261 2171 habere
1272 2148 1387 2170 concinnem
1396 2156 1402 2168 :
1421 2145 1482 2169 aliud
1495 2162 1501 2172 ‚
1519 2146 1622 2168 advocare
1634 2148 1757 2169 contionem.
1781 2146 1867 2169 Habere
1879 2148 1959 2169 comio-

1187 2188 1250 2205 nem,
1266 2178 1298 2202 est
1316 2186 1377 2209 agere
1395 2178 1423 2200 ad
1435 2178 1539 2207 populum
1553 2187 1561 2199 .-
1582 2178 1687 2200 advocare
1705 2179 1820 2200 concionem
1834 2195 1840 2205 ,
1856 2177 1873 2201 fi
1887 2177 1960 2201 advo-

1187 2218 1249 2234 catur
1263 2227 1269 2238 ,
1287 2217 1311 2233 ut
1329 2207 1433 2240 suffragia
1447 2209 1547 2233 ferantur
1560 2225 1567 2235 ‚
1589 2208 1621 2232 est
1635 2226 1642 2237 ,
1664 2218 1724 2240 agere
1736 2217 1785 2231 cum
1797 2211 1884 2241 populo.
1901 2209 1958 2233 ideo

1187 2242 1269 2273 scripta
1287 2241 1339 2265 sunt
1356 2240 1404 2264 haec
1421 2240 1481 2271 apud
1501 2240 1649 2264 Macrobium
1661 2241 1702 2264 lib.
1713 2249 1734 2264 ι.
1745 2243 1787 2264 Sat.
1805 2242 1881 2269 Julius
1895 2242 1958 2269 Casae

1188 2275 1350 2304 ,Auspiciarum
1363 2272 1400 2297 lib.
1411 2277 1532 2303 16.negat,
1551 2274 1649 2296 nundinis
1663 2274 1776 2295 cantionem
1785 2272 1955 2303 advocaripoffi,

1188 2307 1211 2329 id
1228 2307 1270 2336 est,
1286 2315 1335 2328 (um
1351 2305 1428 2335 populo
1440 2313 1475 2334 agz
1489 2311 1494 2325 2
1517 2305 1606 2336 ideoque
1618 2306 1718 2327 nundinis
1729 2306 1871 2326 Romanorum
1885 2303 1957 2326 haberi

1187 2339 1275 2361 comitia
1287 2346 1326 2359 non
1336 2336 1398 2370 poffe.
1416 2336 1502 2359 Addita
1515 2337 1580 2359 enim
1594 2337 1645 2360 lunt
1657 2337 1695 2360 illa
1702 2335 1769 2359 verba
1779 2352 1785 2362 ‚
1801 2336 1826 2359 id
1839 2335 1884 2362 est,
1900 2342 1956 2358 curn

1188 2369 1278 2402 populo
1298 2369 1348 2401 agi,
1366 2367 1420 2399 quia
1438 2375 1489 2392 non
1500 2367 1591 2400 semper
1603 2384 1610 2396 ,
1627 2368 1744 2393 concione
1755 2367 1877 2394 advocata,
1899 2373 1955 2390 cum

1881 2405 1957 2430 P0P11-
