2075 2734
716 72 740 102 E
794 79 815 102 L
853 81 889 104 4ε

116 131 210 184 nepes,
229 127 254 152 in
269 126 346 160 plures
358 121 431 151 divisa
443 124 544 151 familias
553 142 561 154 ,
577 132 678 159 quarum
690 123 834 150 nobilissima
846 124 892 149 suit

117 164 157 186 «tl
173 163 267 185 inarum.

948 82 966 102 C
1023 84 1041 102 Τ
1099 82 1125 102 Α·
1641 92 1699 126 909

920 124 993 149 lib.v.
1007 125 1098 149 AEneid.
1112 123 1199 150 nobilis
1212 123 1225 149 ὲ
1239 125 1329 159 Sergesto
1341 128 1420 152 lineae
1432 130 1532 156 comite.
1549 132 1597 158 Ubi
1607 136 1701 163 Servius

922 164 986 180 notat
1000 174 1007 184 ,
1030 161 1064 181 Μ.
1078 160 1204 181 Varronem
1218 159 1243 181 de
1256 161 1356 188 familiis
1378 161 1474 192 Trojanis
1493 164 1553 188 olim
1574 165 1697 198 scripture:

148 194 311 216 PoTiTIA
329 198 386 222 gens
399 190 493 222 patricia
507 206 514 216 ‚
538 188 601 213 Urbe
618 190 739 221 antiquior
751 206 758 217 ,
781 189 821 214 sed
840 198 891 222 qux
919 190 943 212 &
956 191 1090 219 Troiugenas
1105 197 1170 213 vocar
1184 193 1307 214 Romanos
1320 193 1445 223 juvenalis.
1464 196 1538 223 Huius
1551 200 1628 227 gentis
1641 202 1700 224 Sila-

114 232 170 248 cum
196 232 256 249 xrr.
279 222 377 247 familiis
397 222 488 246 interiit
505 221 565 245 circa
584 220 655 246 Urbis
678 222 780 246 conditae
803 230 891 247 annum
921 229 972 243 mem
987 227 1079 245 tantum
1093 222 1163 245 exstat
1178 223 1201 245 in
1218 223 1320 247 denariis
1333 223 1435 252 familia,
1455 233 1509 250 cum
1525 229 1599 258 plures
1613 232 1699 258 clarat&

115 264 207 282 CDXLV.

919 251 1072 284 scriptoribus
1085 254 1448 286 nominemur,cognominibus
1461 259 1499 282 sex
1512 259 1574 284 fere:
1594 265 1698 294 Catilina,

148 288 372 312 PROCILIAM
392 292 488 317 gentem
506 283 519 308 ὲ
533 286 638 309 Lanuvio
658 285 794 316 municipio
807 287 887 310 oriun·
920 285 1024 311 Fidenas,
1043 288 1132 312 Natta,
1150 288 1237 313 Ocella,
1258 289 1364 315 Plancus,
1382 290 1405 312 δε
1420 290 1473 314 Sila.

117 320 171 344 dam
185 320 305 351 intelliges
317 317 330 342 ὲ
344 319 419 351 gentis
431 318 497 342 illius
508 316 617 349 denariis.
649 317 687 341 Est
702 318 727 342 ὃς
748 320 761 341 Γ
770 320 791 342 R
800 320 821 342 0
830 322 848 343 C
858 321 888 342 U-

115 354 133 376 L
142 353 178 384 EJ
188 356 206 375 A
221 359 278 383 gens
290 357 353 375 nota.

952 318 964 339 S
972 319 990 339 E
998 319 1019 340 R
1027 319 1044 339 V
1054 317 1088 348 E]
1099 322 1115 339 A
1131 325 1188 348 gens
1197 335 1203 344 ‚
1220 326 1386 349 cognomento
1400 324 1479 352 Rufus.

952 349 965 370 S
973 350 991 371 Ε
999 350 1020 372 R
1028 350 1046 371 V
1054 350 1062 371 1
1071 351 1088 371 L
1096 351 1106 372 1
1115 353 1134 372 A
1143 352 1169 372 Μ
1190 357 1284 381 gentem
1305 352 1359 381 (vel
1374 360 1399 376 ut
1412 354 1520 378 nummis
1533 362 1643 382 notatum
1657 365 1698 383 err-

147 387 162 408 1>
171 386 189 407 U
198 385 324 407 BL1L1A
342 380 476 406 Consularis
494 387 552 412 gens
563 397 571 407 ,
600 387 764 413 cognomento
782 382 844 405 Philo
863 383 887 407 &
915 385 945 402 tat
958 381 1106 410 Serveiliam)
1123 380 1210 404 dietam
1222 381 1282 406 forte
1295 381 1308 406 Ξι
1321 383 1398 407 Se'rvia
1411 387 1557 416 praenomine
1571 405 1578 415 ‚
1603 395 1628 414 ut
1641 391 1665 414 δι
1678 390 1691 415 Ξ

116 417 214 445 Υκῌὶω,
231 419 292 439 ltem
304 415 328 437 ὅ(
342 416 358 436 1>
366 415 406 437 UP
414 416 423 437 1
432 418 451 436 A
465 412 611 437 Consularis.

916 412 1022 447 <Quintilio
1036 414 1132 441 QUIN
1142 415 1232 437 CTIA
1246 422 1303 445 gens
1317 423 1323 436 ι
1341 416 1455 453 Albanam
1469 435 1475 445 ‚
1497 417 1510 442 Ξι
1524 420 1598 444 Tullo
1612 424 1694 454 Rege,

919 442 977 466 Alba
990 443 1080 469 diruta,
1098 446 1204 468 Romam
1217 446 1344 471 transsatam
1358 448 1436 476 fuisse,
1456 450 1529 481 inque
1541 453 1695 482 patriciorum

879 521 886 525 .
918 507 971 534 Ejus
984 513 1061 530 autem
1075 508 1100 530 in
1115 508 1218 539 antiquis
1236 510 1336 534 denariis
1356 511 1448 536 familia:
1465 515 1611 545 reperiuntur
1625 519 1696 548 patri-

184 477 386 502 UiNC‘rIAM
408 447 525 507 gentegrky
552 475 614 500 Alba
634 476 709 500 diruta
722 492 728 502 ,
754 478 858 500 Romam
874 474 886 499 Ξι
919 475 1030 498 ordinem
1043 475 1163 502 allectam,
1183 476 1260 507 scribit
1273 479 1355 502 Livius
1368 480 1411 503 lib.
1421 489 1441 505 1.
1456 483 1479 505 ἃ
1495 483 1593 514 Dionys.
1603 485 1645 510 lib,
1657 494 1694 510 11,

115 479 271 561 QTullo
284 511 349 539 Rege
363 508 492 531 transsatam
511 507 577 531 fuisse
590 525 596 535 ⁷
615 508 638 532 &
652 509 713 532 inter
727 509 836 539 patricios
848 515 875 531 co

200 547 302 571 optatam
317 557 323 566 ‚
345 539 424 563 stribir
442 540 525 563 Livius
543 539 587 563 lib.
605 548 625 563 r.
645 541 668 563 &
689 539 788 570 Dionys.
807 540 850 564 lib.
865 548 884 563 r.

114 572 175 603 apud
188 580 261 603 quem
275 578 318 603 pro
333 571 453 595 ΚιινΊιλίες
463 589 469 598 ,
492 578 518 595 ut
530 571 561 594 est
574 572 600 595 in
613 572 712 603 vulgatis
730 571 796 594 libris
810 588 816 598 ‚
834 579 885 594 cor>

112 603 238 635 rigendum
253 603 355 627 ΚωνἩκς.
372 603 477 627 Alterius
490 610 567 627 autern
580 604 698 632 Quintiae,
716 610 767 634 qua:
779 603 826 626 fuit
835 604 884 634 ple-

112 635 160 665 beia
175 653 182 663 ,
199 635 253 659 facit
265 636 416 660 mentionem
429 635 514 659 Cicero
528 635 554 659 in
571 641 628 659 orat.
648 642 691 667 pro
713 638 741 658 A.
755 635 884 662 Cluentio,

111 667 136 691 ὃς
155 668 235 692 Livius
255 667 296 691 lib.
315 674 386 692 xxxv.
414 669 476 690 Inter
496 667 572 697 gentis
589 667 658 696 hujus
674 668 818 698 cognomina
838 666 884 691 fuit

112 698 235 732 Crispinus,
253 706 278 722 ut
291 699 314 722 &
327 699 374 722 haec
387 708 392 722 :
411 699 521 721 Barbarus
535 715 542 726 ,
565 701 712 732 Capitolinus,
731 700 866 722 Cincinnatus
875 715 882 725 ,

112 729 234 758 Claudius,
251 732 403 757 Flamininus,
421 731 444 753 ὅ(
457 732 556 754 (penum.
735 747 743 757 r

143 764 354 794 QU1NCT1L1
364 767 380 785 A
397 769 453 793 gens
466 763 559 794 patricia
573 762 690 789 maiorum
703 763 825 793 gentium,
842 766 883 786 Va-

109 796 129 817 ri
142 795 291 826 cognomine
303 801 394 818 ornata:
412 793 441 817 de
453 802 499 826 qua
515 797 576 818 Sext.
589 794 714 825 Pompeius
727 795 849 826 legendus.

177 860 273 882 ENIAE
292 858 370 888 gentis
388 857 451 880 nulla
475 844 535 888 apud
554 856 679 888 scriptores
701 858 794 881 mentio
808 874 815 884 ,
841 856 893 881 sed]

139 891 324 944 Κοὶέἓῗέῗί
337 925 434 950 gentem
454 918 568 951 plebeiam
588 918 654 943 fnisse
674 927 703 943 ex
721 927 750 943 eo
771 919 859 943 constat
872 938 878 948 ,

107 951 173 982 quod
186 954 215 976 L.
228 953 313 981 Rofiius
327 953 383 973 Otho
396 951 448 975 trib.
465 952 528 983 pleb.
542 960 570 975 ex
583 959 608 975 ea
622 958 695 976 ortus.
722 952 775 976 Fuit
788 959 877 983 cogno-

107 990 191 1008 mento
206 985 347 1009 Amerinus,
365 983 475 1009 Fabatus,
494 986 604 1014 ‘Regulun

139 1017 290 1040 RUBRIAE
309 1014 386 1046 gentis
397 1014 491 1046 plebejae
509 1016 563 1039 facit
583 1016 735 1039 mentionem
751 1015 838 1039 Cicero
851 1016 876 1040 in

106 1048 193 1074 Bruto,
211 1048 253 1079 qui
265 1046 297 1070 est
310 1048 338 1070 de
351 1047 418 1070 claris
432 1046 569 1071 Oratoribus
578 1064 585 1074 ‚
605 1048 723 1079 Appianus
736 1046 779 1070 lib.
789 1055 808 1072 r.
821 1047 876 1071 bell.

105 1080 169 1103 civil.
188 1080 212 1102 ὅ(
227 1078 359 1102 Plutarchus
373 1086 398 1101 in
409 1079 447 1102 Ti.
462 1079 486 1102 &
496 1079 615 1103 Gracchis.

138 1113 345 1137 RUPELLIA,
363 1117 526 1141 cognomento
541 1112 661 1139 Geminus,
679 1112 703 1134 δε
717 1112 875 1137 RUPlLrA

105 1142 241 1168 Consularis
253 1149 351 1174 quoque
363 1141 416 1165 fuir,

138 1177 208 1198 RUS
218 1177 287 1198 TlAE
300 1174 377 1206 gentis
391 1175 483 1198 mentio
498 1175 521 1199 in
536 1176 630 1206 antiqua
643 1175 806 1206 inscriptione.

136 1209 158 1231 R
167 1208 186 1230 U
195 1207 304 1230 TILIA
318 1213 374 1237 gens
387 1206 474 1238 duplex
486 1206 533 1230 fuit
541 1223 547 1234 ‚
566 1207 658 1238 patricia
668 1207 690 1230 ὅ(
699 1208 795 1238 plebeia.
814 1210 877 1231 Flac-

104 1239 125 1262 ci
137 1237 238 1265 nullibi,
257 1245 411 1269 praeterquam
425 1239 449 1262 in
463 1246 512 1262 uno
525 1238 637 1266 denario,
654 1239 680 1262 fir
693 1241 795 1264 mentio.
813 1243 877 1263 Ruri-

103 1271 132 1293 lii
146 1270 206 1300 eraffi
218 1270 331 1293 meminit
344 1270 425 1294 Livius
437 1270 479 1294 lib.
490 1278 525 1295 ιν.
543 1273 622 1297 Calvi,
641 1270 683 1294 lib.
697 1279 753 1296 xnv.
772 1272 825 1300 Rufi
835 1272 876 1295 Ci-

104 1309 159 1324 cero
172 1302 197 1324 in
211 1308 270 1325 orat.
283 1309 326 1332 pro
333 1302 434 1325 Plancio.
452 1304 511 1332 Lufi
524 1302 598 1326 Caesar
612 1302 713 1326 debello
726 1304 789 1326 civili
805 1303 846 1326 lib.
857 1312 876 1327 r.

104 1334 130 1356 &
147 1333 322 1364 Quinctilianus
339 1332 382 1356 lib.
402 1342 420 1357 1.
441 1341 489 1364 cap.
507 1341 543 1357 rr.
568 1335 673 1362 Censbrini
690 1335 740 1358 Val.
756 1336 875 1359 Maximus

101 1364 144 1389 lib.
158 1371 190 1388 ιν.
200 1372 248 1395 cap.
260 1373 278 1388 r.
297 1365 410 1396 Qrinque
423 1365 493 1396 igitur
507 1365 560 1389 huic
574 1365 669 1389 familia:
682 1373 688 1387 :
706 1368 784 1394 Calvi,
806 1366 875 1398 censo—

99 1397 156 1425 vini,
177 1393 253 1427 Craffi,
271 1398 343 1429 Lupi,
360 1398 385 1421 ὃς
398 1397 463 1429 ’Κῃῖ
475 1429 488 1450 S

101 1459 142 1520 S
154 1459 175 1481 A
185 1461 243 1483 LVI
254 1462 272 1483 A
282 1462 308 1482 M
325 1467 421 1490 gentem
434 1461 561 1484 Ferentino
580 1460 671 1492 oppido
685 1467 754 1492 atque
768 1469 797 1485 ex
808 1462 872 1492 prin-

159 1490 251 1522 cipibus
264 1492 361 1514 Etruriae
375 1508 380 1517 ‚
399 1498 424 1514 ut
436 1494 467 1515 air
480 1492 604 1516 Suetonius
618 1494 642 1515 in
657 1493 756 1516 Othone
768 1510 774 1520 ,
792 1495 872 1517 oriun-

102 1523 157 1546 dam
167 1539 173 1549 ‚
192 1522 306 1553 plebeiam
318 1523 438 1554 principio
451 1522 517 1547 fuisse
529 1531 557 1547 ex
570 1531 600 1546 eo
607 1523 708 1550 constat,
726 1524 793 1556 quod
805 1533 834 1548 ex
848 1533 872 1548 ea

101 1560 168 1609 Eatps
180 1554 205 1577 srt
218 1555 308 1597 §ulvius
321 1554 429 1579 tribunus
442 1555 506 1587 pleb.
529 1555 588 1580 Vide
602 1556 739 1587 Appianum
755 1556 798 1580 lib.
816 1565 871 1581 rrr.

119 1586 138 1609 el
152 1603 156 1608 .
169 1586 233 1609 civil.
775 1588 784 1592 “
839 1604 843 1607 .

131 1617 144 1638 S
153 1620 173 1640 A
180 1620 198 1640 L
207 1620 224 1640 L
232 1620 251 1640 U
259 1618 271 1639 S
278 1619 316 1640 TI
324 1619 343 1640 A
357 1624 413 1647 gens
427 1616 495 1650 Crispi
506 1624 679 1649 cognomentO.

132 1640 175 1671 S⁸A
185 1652 204 1671 N
215 1650 360 1678 QUlNlAE
374 1650 451 1678 gentis
464 1657 537 1677 unus,
555 1650 621 1680 quod
634 1649 718 1675 sciam,
735 1650 831 1674 Tacitus
838 1650 870 1674 fa-

100 1680 133 1704 cit
147 1680 297 1704 mentionem
310 1679 352 1703 lib.
362 1687 382 1703 v.
396 1682 435 1703 cui
446 1682 550 1703 Maximi
561 1688 759 1712 cognomentum.

130 1714 333 1736 SATRlENAE
352 1713 428 1742 gentis
446 1713 471 1736 in
486 1720 534 1736 uno
546 1719 639 1736 tantum
658 1713 754 1737 denario
775 1713 868 1736 mentio

95 1743 178 1768 exstat:
197 1743 251 1766 alibi
264 1745 276 1766 S
285 1744 303 1766 A
311 1746 330 1766 Τ
339 1745 360 1766 R
369 1746 376 1766 l
385 1746 417 1767 AE.

129 1778 142 1799 S
152 1779 170 1799 A
180 1777 200 1798 U
208 1777 245 1798 FF
254 1775 289 1804 Ε]
299 1777 323 1797 AE
335 1776 411 1805 geniis
424 1776 449 1799 in
463 1776 570 1799 nummis
584 1777 701 1800 veteribus
713 1776 807 1800 mentio
820 1776 865 1804 est,

99 1808 124 1832 ὅ(
138 1807 198 1838 apud
211 1807 354 1829 Ciceronem
368 1806 431 1837 scepe.

128 1840 142 1862 s
150 1840 170 1861 C
178 1840 215 1862 R}
224 1841 239 1861 B
247 1840 268 1861 O
277 1840 315 1860 NI
324 1841 342 1861 A
352 1840 377 1861 M
389 1845 486 1869 gentem
499 1838 614 1870 plebeiam
626 1837 693 1863 fuisse
706 1856 712 1865 ,
731 1840 791 1863 inter
803 1846 864 1864 vete-

99 1876 134 1893 res
143 1869 267 1900 scriptores
279 1868 331 1893 saris
342 1870 439 1894 constat.
461 1871 515 1897 Eius
526 1871 576 1895 dua:
588 1878 680 1894 tanturn
692 1870 787 1895 familiae
801 1889 807 1898 ,
827 1874 866 1894 Cu-

98 1903 197 1928 rionum,
214 1908 239 1924 ut
253 1900 350 1923 arbitror
359 1918 365 1927 ‚
384 1902 408 1924 ὀὶ
421 1901 528 1924 Libanum
537 1919 542 1928 ,
559 1903 584 1926 in
597 1903 698 1926 denariis
710 1904 863 1934 reperiuntur¹

128 1934 141 1955 S
153 1934 202 1955 EM
211 1935 225 1955 Ρ
233 1935 253 1955 R
262 1934 282 1953 Ο
292 1934 313 1954 N
321 1935 331 1955 1
341 1935 359 1954 A
373 1939 429 1962 gens
437 1949 443 1958 ,
459 1934 553 1963 patricia
560 1935 666 1964 primum
672 1933 718 1957 fuit
726 1951 732 1961 ,
748 1934 824 1965 postea
839 1935 866 1958 ad

97 1962 193 1994 plebem
206 1962 319 1989 uadum,
338 1963 425 1993 plebeia
438 1963 495 1987 facta
507 1965 548 1988 est.
575 1966 628 1995 Ejus
642 1965 666 1988 in
678 1967 787 1989 nummis
799 1966 864 1989 fami-

98 1996 134 2018 liae
148 2002 193 2018 tres
211 1995 358 2026 reperiuntur
371 2011 378 2021 ,
395 1997 560 2019 ,Αιναιίηυηιηι
572 2013 579 2023 ,
597 1997 638 2028 qui
652 1997 743 2027 patricii
755 1996 864 2021 fuerunt:

96 2029 258 2060 §racchorum‚
276 2026 317 2057 qui
331 2026 431 2057 plebeii,
448 2027 612 2056 &Titianum,
629 2035 690 2059 quos
697 2028 864 2059 plebeiositem

96 2057 176 2085 fuisse,
195 2057 234 2082 sed
248 2057 319 2081 dehis
332 2059 516 2090 nihilcomperri
530 2059 630 2087 habens,
647 2061 755 2090 opinatur
762 2060 866 2084 Urfinus.

96 2090 198 2115 Familix
212 2097 266 2113 vero
279 2088 317 2113 seu
330 2091 474 2121 cognomina
487 2092 563 2122 gentis
575 2093 718 2123 Semproniae
730 2093 756 2116 in
770 2092 863 2116 hissoriv

92 2123 126 2147 cis
142 2122 199 2145 haec:
218 2122 320 2152 ulfiam,
337 2123 427 2153 masau,
445 2125 567 2150 Gracchus,
586 2126 684 2156 Longus,
704 2125 801 2155 Saphar,
818 2127 860 2148 Tu-

91 2156 189 2179 ditanur.

125 2187 138 2209 S
147 2188 162 2208 Ε
172 2187 192 2209 N
200 2188 220 2208 T
228 2187 238 2208 1
246 2187 265 2208 A
277 2192 334 2215 gens
345 2186 462 2210 incertum
477 2202 483 2213 ‚
500 2187 625 2216 patriciane
639 2194 666 2210 an
676 2186 764 2217 plebeia
776 2186 862 2214 fuerit,

93 2222 155 2242 certe
165 2216 311 2243 Consularis,
328 2220 447 2248 „Augurini
459 2219 484 2241 ὅ(
498 2219 612 2241 Saturnini
623 2225 797 2249 cognomento.

127 2250 316 2273 SEPULL1AE
334 2250 410 2280 gentis
431 2249 508 2273 nullus
520 2265 527 2276 ‚
544 2250 610 2281 quod
627 2249 695 2273 sciam
710 2267 716 2277 ,
741 2250 862 2274 meminit.

95 2280 220 2311 Reperitur
233 2286 311 2305 tamen
323 2282 350 2305 in
362 2280 503 2313 quibusdam
516 2282 617 2314 antiquis
630 2282 738 2306 nummis
750 2284 774 2306 P.
783 2283 863 2313 sepulti

97 2319 197 2336 nomen.

127 2345 268 2369 SERGlA
282 2351 339 2376 gens
351 2345 446 2377 patricia
459 2360 467 2374 ,
487 2345 526 2372 vel
537 2346 607 2372 unius
619 2345 713 2378 Virgilii
725 2345 865 2372 testimonio

916 538 955 562 cia:
969 538 1102 569 &plebejsz
1120 542 1182 562 Inter
1194 540 1262 569 hujus
1275 543 1352 573 gentis
1362 547 1507 576 cognomina
1518 546 1611 571 suerunt
1620 551 1694 572 Aha-

914 571 951 597 la,
969 571 1073 606 Axilla,-
1091 566 1176 602 Caepio,
1195 574 1271 602 Casca,
1290 575 1379 598 Fidenas
1393 593 1398 602 ⁷
1418 578 1522 600 Gemmas
1536 595 1542 605 ‚
1562 581 1672 609 Ifizuricus
1683 598 1691 609 ‚

913 604 1015 633 Longus,
1034 603 1133 631 Fufius,
1153 604 1245 630 7⁷ulex,
1266 605 1380 633 siradius,
1398 610 1477 635 Tucca,
1497 610 1519 632 &
1534 612 1605 634 Vatia.

943 636 1045 657 SESTI
1055 638 1072 656 A
1082 635 1107 656 M
1120 641 1217 664 gentem
1230 637 1348 665 patriciam
1362 638 1429 662 fuiss'e
1442 647 1469 662 ex
1485 642 1554 665 Livio
1570 642 1692 669 discimus.

944 666 982 688 SE
990 668 1036 690 ΧΤ
1044 667 1054 688 1
1063 668 1082 688 A
1097 672 1154 696 gens
1167 666 1299 701 Consularis
1307 685 1312 695 ,
1329 677 1492 701 cognomento
1501 675 1638 703 Lateranus,
1650 677 1692 700 Sa-

912 695 975 719 binus
983 713 989 723 ,
1001 698 1117 720 Sextium.
1135 699 1186 720 Fuit
1197 700 1221 722 δε
1237 701 1248 721 S
1258 702 1300 723 EX
1310 704 1344 724 TI
1354 704 1372 725 L
1382 704 1430 726 1A.

925 760 929 764 .
945 730 1046 764 SICTN
1056 731 1063 751 1
1073 730 1097 751 ,Ε
1111 730 1188 760 gentis
1202 731 1294 760 plebejae
1308 732 1417 764 frequens
1425 735 1484 766 apud.
1493 735 1614 768 scriptores
1623 746 1690 764 men-

913 765 961 786 tio,
979 767 1017 783 cui
1031 759 1056 783 srt
1069 767 1260 791 cognomentum
1275 764 1375 795 duplex,
1394 768 1475 788 Bell'uti
1489 769 1512 790 ὃ(
1527 771 1626 794 Dentati.

944 793 1015 846 81ζέ
1024 795 1043 815 Α
1053 795 1077 814 Μ
1091 799 1186 823 gentem
1197 794 1312 824 plebeiani
1324 796 1390 820 fuiffe
1407 805 1435 821 cx
1455 799 1540 823 eodem
1555 802 1623 826 Livio
1639 802 1683 827 lib.

914 830 951 846 xv.
964 830 978 845 o
1008 831 1072 846 ervo.

943 856 956 877 S
966 857 1128 878 PURILIAE
1141 856 1218 886 gentis
1230 857 1325 888 plebe'ix
1340 859 1427 882 Cicero
1441 862 1555 885 meminit
1568 864 1637 894 epist.
1648 872 1686 889 ιι.

909 886 938 909 ad
953 888 1112 918 QFrarrem,
1131 887 1194 911 libro
1211 896 1230 911 r.
1251 890 1332 913 Livius
1350 889 1413 914 libro
1433 899 1470 916 rr.
1492 894 1516 916 ἃ
1529 895 1628 926 Dionys.
1643 896 1686 921 lib.

913 926 948 942 rx.
963 925 992 941 ex
1003 926 1028 942 ea
1042 920 1133 941 Marem
1146 926 1211 943 ortus
1223 920 1262 944 est.

942 951 982 973 ST
990 953 1080 974 ATIL
1088 953 1097 973 1
1105 952 1135 972 [ἱ
1148 952 1226 983 gentis
1238 953 1330 984 aliquot
1340 951 1352 977 Ξι
1368 954 1521 986 scriptoribus
1533 955 1631 982 familiae
1644 967 1689 984 no-

912 982 1040 1005 minantur.
1059 989 1087 1005 ex
1101 982 1135 1005 eis
1152 990 1230 1008 aurem
1243 985 1370 1008 Taurorum
1390 994 1478 1011 novam
1502 987 1569 1013 suissi:
1586 991 1688 1022 Velleius

912 1013 1000 1037 indicat
1011 1013 1075 1037 libro
1092 1021 1129 1038 rr.
1175 1041 1180 1046 ⁵

941 1047 954 1068 S
962 1047 981 1069 U
989 1047 1007 1069 L
1015 1048 1029 1068 P
1036 1049 1046 1069 1
1054 1047 1074 1068 C
1082 1048 1092 1069 1
1101 1048 1120 1069 A
1130 1049 1154 1069 M
1174 1053 1272 1077 gentem
1292 1048 1411 1078 patriciam
1434 1050 1556 1075 minorum
1576 1054 1687 1084 gentium

909 1075 976 1100 fuiss'e
989 1078 1074 1100 volunt
1087 1094 1093 1104 ,
1110 1085 1151 1101 xr.
1164 1079 1350 1109 cognominibus
1362 1082 1448 1105 claram
1461 1090 1467 1104 :
1487 1086 1595 1107 Camerini
1609 1102 1615 1112 ,
1639 1089 1689 1109 Cor.

910 1110 960 1131 nuti
974 1126 980 1136 ,
999 1109 1072 1132 Galba
1086 1125 1092 1135 ‚
1111 1111 1175 1132 Galli
1190 1127 1195 1137 ,
1212 1113 1300 1142 Longi,
1319 1113 1437 1141 Maximi,
1457 1116 1581 1143 Paterculi,
1597 1118 1686 1146 Penii,

909 1143 1048 1167 Praetextati,
1066 1140 1129 1170 Rufi,
1147 1142 1172 1164 ὅ(
1182 1142 1322 1165 Saverrione:
1330 1160 1335 1170 ‚
1345 1152 1396 1174 quae
1407 1144 1451 1168 inf.
1464 1144 1584 1177 spestabis.
1601 1150 1687 1173 Came-

910 1172 946 1195 rio
960 1173 1051 1204 oppido
1063 1173 1190 1197 oriundam
1210 1173 1278 1197 fuiffe
1297 1176 1414 1204 conjicere
1427 1178 1483 1200 licet
1500 1176 1515 1201 ὲ
1533 1178 1579 1202 Ser.
1594 1180 1687 1210 Sulpicii

909 1206 1056 1242 cognomine
1068 1222 1074 1232 ‚
1091 1206 1134 1236 qui
1149 1206 1240 1236 primus
1253 1213 1283 1229 err
1295 1214 1320 1230 ea
1334 1215 1406 1238 gente
1420 1211 1525 1232 Romam
1537 1210 1623 1235 venisse
1636 1219 1686 1237 cre-

908 1235 986 1263 ditur,
1006 1238 1029 1260 ἃ
1043 1245 1056 1260 e
1068 1237 1144 1267 patriae
1157 1238 1258 1262 nomine
1271 1240 1394 1264 camerinus
1408 1239 1484 1264 dietus
1497 1240 1555 1269 effe,
1578 1249 1604 1266 ut
1616 1245 1685 1268 Furia

909 1269 1084 1291 Medullinorum
1097 1267 1109 1291 ὲ
1123 1269 1239 1293 Medullia
1255 1270 1354 1301 oppido.
1395 1272 1441 1295 Ser.
1454 1272 1553 1306 §albam
1572 1276 1634 1306 Imp.
1651 1283 1682 1300 ex

908 1300 950 1323 hac
962 1307 1032 1331 gente
1045 1307 1125 1323 natum
1142 1301 1191 1329 ejus
1204 1302 1325 1332 originem
1339 1303 1366 1326 ad
1379 1304 1464 1334 Jovem
1483 1304 1584 1330 retulisse
1597 1306 1682 1333 author:

908 1331 940 1355 est
953 1333 1078 1355 Suetonius
1092 1333 1116 1355 in
1131 1332 1209 1356 Galba.
1236 1335 1300 1356 Gens
1312 1340 1390 1358 autem
1404 1335 1500 1365 Sulpicia
1513 1335 1559 1360 fuit
1572 1338 1659 1369 duplex
1671 1357 1679 1366 ,

908 1364 967 1391 sive,
986 1371 1010 1387 ut
1024 1362 1162 1396 quibusdam
1174 1365 1261 1396 placet,
1282 1365 1367 1396 triplex
1384 1384 1390 1393 ,
1411 1368 1571 1396 patriciorum,
1583 1369 1684 1405 plebgjc.

906 1404 956 1418 rum
966 1414 971 1421 ,
992 1397 1016 1419 ὃς
1028 1395 1168 1425 equestrium.
1197 1397 1350 1421 patriciorum
1365 1394 1438 1432 §Alba
1457 1400 1482 1422 in
1497 1401 1599 1432 antiquis
1611 1401 1682 1426 dena..

905 1428 959 1451 riis:
971 1427 1119 1458 Equestrium
1132 1428 1191 1460 Rufi
1201 1429 1356 1460 reperiuntur.
1374 1430 1435 1454 lllud
1447 1437 1524 1454 autem
1537 1431 1561 1455 in
1572 1434 1611 1456 hac
1623 1439 1681 1464 gens

904 1467 927 1482 re
942 1460 1045 1482 maxime
1058 1459 1191 1482 notandum
1204 1477 1210 1486 ‚
1234 1462 1355 1492 Sulpisiam
1369 1463 1478 1491 Ruforum
1490 1461 1604 1487 familiam
1618 1466 1679 1489 due-

904 1490 946 1514 bus
960 1490 1028 1514 simul
1047 1490 1235 1522 praenominibus
1254 1493 1317 1515 usam
1336 1492 1410 1517 fuisse.
1433 1496 1513 1524 Itaque
1532 1495 1557 1518 in
1576 1497 1681 1528 antiquis

903 1523 1004 1546 denariis
1017 1522 1153 1546 nominatus
1166 1525 1194 1546 L.
1207 1524 1300 1546 Servius
1312 1526 1406 1556 'Rasum
1423 1525 1448 1548 ὅ(
1460 1524 1520 1555 apud
1533 1527 1679 1552 Cornelium

904 1559 1023 1585 Nepotem
1043 1554 1068 1577 in
1094 1554 1164 1578 Attici
1183 1554 1228 1577 vita
1244 1557 1289 1577 .M.
1302 1555 1395 1579 Servius
1413 1556 1524 1589 Sulpicius
1537 1574 1544 1586 ,
1567 1558 1598 1583 fic
1617 1560 1678 1592 apud

902 1587 998 1610 Livium
1016 1589 1041 1610 P.
1056 1588 1148 1609 Servius
1162 1586 1282 1617 Sulpicius.

968 1651 986 1671 A
996 1650 1060 1672 RIA
1073 1655 1130 1678 gens
1143 1647 1293 1675 Consularis,
1310 1649 1369 1678 Ruffi
1380 1656 1553 1680 cognomento.

899 1649 958 1709 T
992 1682 1040 1702 TA
1051 1680 1137 1710 RPEJ
1148 1683 1166 1702 A
1186 1680 1279 1711 patricia
1298 1686 1356 1711 gens
1375 1682 1492 1709 majorum
1511 1683 1621 1713 gentium
1634 1702 1642 1714 ,

899 1711 992 1742 Tarpgjo
1006 1711 1062 1734 arcis
1074 1710 1192 1742 przfecsto.

930 1745 951 1766 T
961 1747 979 1766 A
989 1745 1010 1766 R
1019 1745 1157 1773 Q'INIA
1170 1750 1228 1774 gens
1241 1741 1282 1766 sub
1295 1745 1362 1766 Anco
1377 1745 1466 1768 Marcio
1482 1748 1586 1771 Romam
1600 1752 1675 1771 trans<

899 1773 950 1797 lata.
977 1777 1003 1797 ln
1014 1774 1056 1797 hac
1068 1773 1121 1798 sunt
1134 1775 1246 1801 Collatini,
1267 1776 1345 1805 Prisci,
1365 1776 1466 1808 Superbi.
1484 1777 1543 1802 irem
1554 1780 1674 1811 capitolini

899 1807 923 1830 ὅ(
938 1807 1049 1829 Montani.

929 1840 977 1861 TA
987 1840 1008 1861 R
1017 1839 1127 1867 QUITI
1136 1840 1161 1861 AE
1180 1838 1257 1869 gentis
1271 1838 1370 1869 patrici-‘e
1383 1839 1476 1863 mentio
1495 1840 1607 1873 frequens
1621 1841 1670 1871 est,

895 1876 951 1892 eum
964 1869 989 1893 in
1002 1869 1064 1893 fastis
1076 1869 1236 1901 Capitolinis,
1248 1876 1299 1893 tum
1314 1870 1338 1893 in
1352 1870 1454 1901 antiquis
1466 1872 1671 1904 inscriptionibus.

928 1904 948 1924 T
957 1903 974 1923 E
982 1904 1002 1925 Ρ.
1011 1903 1028 1923 E
1037 1903 1058 1924 N
1065 1904 1085 1924 T
1094 1905 1103 1925 1
1113 1906 1131 1924 A
1145 1909 1202 1931 gens
1214 1903 1275 1925 inter
1287 1901 1386 1932 plebeias
1400 1903 1426 1925 ab
1434 1904 1535 1936 antiquis
1548 1904 1672 1936 scriptoris

895 1931 937 1955 bus
951 1938 1092 1955 numeratur.
1109 1933 1170 1956 Vide
1182 1933 1278 1956 Livium
1292 1933 1397 1957 libari.
1413 1935 1511 1966 Dionys.
1525 1935 1568 1960 lib.
1581 1944 1604 1960 x.
1622 1940 1669 1962 Re·-

895 1964 1016 1994 periuntur
1029 1964 1055 1986 in
1068 1965 1171 1994 antiquis
1190 1965 1291 1988 denariis
1310 1965 1387 1996 gentis
1405 1965 1472 1995 hujus
1489 1967 1586 1991 familiae
1601 1969 1668 1997 dux,

895 1997 1034 2018 Lucanorum
1047 1996 1071 2018 &
1086 1998 1205 2019 Vari-onum
1218 2005 1226 2024 ς
1249 1996 1278 2019 de
1291 1995 1377 2026 quibus
1395 1997 1420 2020 fit
1433 1999 1528 2022 mentio
1541 1999 1601 2031 apud
1613 1999 1667 2025 scri-

896 2033 974 2059 ptores
986 2027 1069 2050 multis
1081 2028 1154 2050 locis:
1172 2028 1215 2058 qui
1228 2028 1252 2051 ὃ(
1265 2027 1304 2051 has
1316 2028 1416 2052 addunt:
1437 2032 1549 2059 Culeunes,
1567 2034 1668 2064 -Mess'ab

896 2062 927 2082 las
936 2076 942 2085 ,
959 2061 1075 2082 ‚Mun-anas
1083 2075 1090 2085 ,
1109 2059 1237 2088 ‘Par-istern.

926 2094 975 2115 ΤΗ
985 2093 1079 2114 ORIA
1088 2092 1114 2114 M
1138 2097 1235 2121 gentem
1259 2089 1326 2115 fuiss'e
1350 2090 1467 2122 plebeiam
1489 2095 1551 2118 inter
1579 2102 1668 2119 omnes

894 2122 942 2146 fere
954 2122 1076 2154 scriptores
1094 2123 1214 2147 convenit.
1238 2125 1266 2147 L.
1278 2124 1351 2146 Thurii
1369 2124 1434 2147 Balbi
1451 2127 1566 2151 meminit
1578 2127 1666 2152 Cicero

891 2155 934 2179 lib.
946 2163 954 2179 r
964 2163 984 2179 r.
998 2155 1028 2177 de
1040 2153 1144 2178 Finibus.

926 2188 1081 2210 TITINlA
1102 2194 1159 2217 gens
1177 2185 1279 2210 familias
1296 2185 1377 2211 habuit
1396 2188 1500 2220 patricias
1515 2190 1539 2213 δι
1557 2189 1667 2220 plebeias:

893 2218 993 2241 Patriciae
1011 2219 1125 2242 meminit
1141 2218 1220 2259 Livius
1238 2218 1280 2242 lib.
1295 2226 1316 2242 v.
1338 2219 1434 2248 Plebeiae
1447 2221 1512 2245 idem
1525 2222 1605 2246 Livius
1618 2221 1662 2246 ΙΙΙ).

896 2257 921 2274 rr
932 2259 951 2273 r.
966 2249 1020 2273 facit
1032 2251 1191 2274 mentionem.
1204 2257 1340 2280 cognomen
1354 2250 1434 2275 habuit
1447 2254 1522 2284 Longi.

926 2285 947 2305 T
956 2284 1006 2305 1T1
1015 2284 1034 2305 A
1043 2284 1069 2305 Μ
1082 2289 1178 2313 gentem
1191 2281 1304 2313 plebeiam
1317 2282 1384 2307 fuiffe
1395 2283 1481 2307 constat
1495 2301 1501 2311 ,
1525 2284 1579 2316 quia
1591 2283 1663 2309 multi

895 2320 923 2337 ex
935 2321 960 2337 ea
973 2312 1062 2338 tribuni
1076 2313 1137 2345 pleb.
1152 2313 1262 2346 legesque
1274 2314 1301 2338 ab
1313 2315 1361 2339 illis
1372 2316 1429 2339 larae.

927 2347 1128 2374 TlTURlAM
1146 2352 1243 2379 gentem
1261 2344 1275 2370 ὲ
1288 2346 1378 2374 Sabinis
1394 2350 1499 2374 Romam
1512 2344 1596 2373 venisse
1607 2348 1666 2370 con-³

1184 2380 1292 2406 xxxxi:
1621 2377 1666 2413 stat
