<?xml version="1.0" encoding="UTF-8"?>
<!DOCTYPE html PUBLIC "-//W3C//DTD XHTML 1.0 Transitional//EN"
    "http://www.w3.org/TR/xhtml1/DTD/xhtml1-transitional.dtd">
<html xmlns="http://www.w3.org/1999/xhtml" xml:lang="en" lang="en">
 <head>
  <title>
</title>
<meta http-equiv="Content-Type" content="text/html;charset=utf-8" />
  <meta name='ocr-system' content='tesseract 3.04.00' />
  <meta name='ocr-capabilities' content='ocr_page ocr_carea ocr_par ocr_line ocrx_word'/>
</head>
<body>
  <div class='ocr_page' id='page_1' title='image "./johannisrosinian00rosi/johannisrosinian00rosi_0608.png"; bbox 0 0 2075 2734; ppageno 0'>
   <div class='ocr_carea' id='block_1_1' title="bbox 0 762 387 819">
    <p class='ocr_par' dir='ltr' id='par_1_1' title="bbox 0 762 387 819">
     <span class='ocr_line' id='line_1_1' title="bbox 0 762 387 819; baseline 0 -20"><span class='ocrx_word' id='word_1_1' title='bbox 0 779 73 805; x_wconf 53' lang='lat' dir='ltr'>&#39;symm</span> <span class='ocrx_word' id='word_1_2' title='bbox 85 762 216 819; x_wconf 36' lang='lat' dir='ltr'>‘adst-stac</span> <span class='ocrx_word' id='word_1_3' title='bbox 226 768 309 801; x_wconf 49' lang='lat'>&amp;9:⁴3⁴</span> <span class='ocrx_word' id='word_1_4' title='bbox 316 788 320 793; x_wconf 93' lang='lat'><em>-</em></span> <span class='ocrx_word' id='word_1_5' title='bbox 328 765 387 799; x_wconf 24' lang='lat'>⁴:25*</span> 
     </span>
    </p>
   </div>
   <div class='ocr_carea' id='block_1_2' title="bbox 435 99 1753 140">
    <p class='ocr_par' dir='ltr' id='par_1_2' title="bbox 435 99 1753 140">
     <span class='ocr_line' id='line_1_2' title="bbox 435 99 1753 140; baseline 0.005 -13"><span class='ocrx_word' id='word_1_6' title='bbox 435 111 493 140; x_wconf 67' lang='lat'>574</span> <span class='ocrx_word' id='word_1_7' title='bbox 700 99 1753 133; x_wconf 56' lang='lat' dir='ltr'>auriquirarunttonruinunLimvnt.</span> 
     </span>
    </p>
   </div>
   <div class='ocr_carea' id='block_1_3' title="bbox 431 146 2075 508">
    <p class='ocr_par' dir='ltr' id='par_1_3' title="bbox 437 146 2062 224">
     <span class='ocr_line' id='line_1_3' title="bbox 475 146 2062 193; baseline 0.003 -19"><span class='ocrx_word' id='word_1_8' title='bbox 475 152 578 174; x_wconf 80' lang='lat' dir='ltr'><em>Nexum</em></span> <span class='ocrx_word' id='word_1_9' title='bbox 597 155 686 175; x_wconf 56' lang='grc' dir='ltr'>κτενεῖ.</span> <span class='ocrx_word' id='word_1_10' title='bbox 701 148 713 184; x_wconf 94' lang='grc'>]</span> <span class='ocrx_word' id='word_1_11' title='bbox 730 149 812 180; x_wconf 87' lang='lat' dir='ltr'>Idest,</span> <span class='ocrx_word' id='word_1_12' title='bbox 820 148 981 183; x_wconf 73' lang='lat' dir='ltr'>manciparet.</span> <span class='ocrx_word' id='word_1_13' title='bbox 1000 150 1100 178; x_wconf 79' lang='lat' dir='ltr'>Festus:</span> <span class='ocrx_word' id='word_1_14' title='bbox 1111 153 1217 177; x_wconf 82' lang='lat' dir='ltr'><em>Nexum</em></span> <span class='ocrx_word' id='word_1_15' title='bbox 1225 149 1269 181; x_wconf 85' lang='lat' dir='ltr'>est,</span> <span class='ocrx_word' id='word_1_16' title='bbox 1277 156 1305 177; x_wconf 89' lang='lat' dir='ltr'>ut</span> <span class='ocrx_word' id='word_1_17' title='bbox 1313 146 1445 177; x_wconf 80' lang='lat' dir='ltr'>aitGallus</span> <span class='ocrx_word' id='word_1_18' title='bbox 1454 147 1718 186; x_wconf 72' lang='lat' dir='ltr'>AEliu5‚quodcunque</span> <span class='ocrx_word' id='word_1_19' title='bbox 1725 150 1948 185; x_wconf 66' lang='lat' dir='ltr'>peras&amp;libram</span> <span class='ocrx_word' id='word_1_20' title='bbox 1949 155 2018 193; x_wconf 80' lang='lat' dir='ltr'>geri.</span> <span class='ocrx_word' id='word_1_21' title='bbox 2060 165 2062 167; x_wconf 58' lang='lat'>&gt;</span> 
     </span>
     <span class='ocr_line' id='line_1_4' title="bbox 437 185 1856 224; baseline 0 -10"><span class='ocrx_word' id='word_1_22' title='bbox 437 195 490 218; x_wconf 73' lang='lat' dir='ltr'>tur,</span> <span class='ocrx_word' id='word_1_23' title='bbox 500 187 579 223; x_wconf 85' lang='lat' dir='ltr'>idque</span> <span class='ocrx_word' id='word_1_24' title='bbox 588 186 657 214; x_wconf 67' lang='lat' dir='ltr'>nesti</span> <span class='ocrx_word' id='word_1_25' title='bbox 666 187 774 215; x_wconf 84' lang='lat' dir='ltr'>dicitur:</span> <span class='ocrx_word' id='word_1_26' title='bbox 785 188 875 223; x_wconf 83' lang='lat' dir='ltr'>quoin</span> <span class='ocrx_word' id='word_1_27' title='bbox 883 196 980 224; x_wconf 87' lang='lat' dir='ltr'>genere</span> <span class='ocrx_word' id='word_1_28' title='bbox 987 187 1045 216; x_wconf 86' lang='lat' dir='ltr'>sunt</span> <span class='ocrx_word' id='word_1_29' title='bbox 1052 188 1118 216; x_wconf 76' lang='lat' dir='ltr'>haec:</span> <span class='ocrx_word' id='word_1_30' title='bbox 1132 188 1275 224; x_wconf 64' lang='lat' dir='ltr'>testamenti</span> <span class='ocrx_word' id='word_1_31' title='bbox 1282 185 1361 224; x_wconf 64' lang='lat' dir='ltr'>sufflo</span> <span class='ocrx_word' id='word_1_32' title='bbox 1371 206 1376 215; x_wconf 87' lang='grc'>,</span> <span class='ocrx_word' id='word_1_33' title='bbox 1385 197 1443 213; x_wconf 76' lang='lat' dir='ltr'>next</span> <span class='ocrx_word' id='word_1_34' title='bbox 1451 187 1520 213; x_wconf 67' lang='lat' dir='ltr'>dano</span> <span class='ocrx_word' id='word_1_35' title='bbox 1528 206 1534 214; x_wconf 93' lang='lat'><em>,</em></span> <span class='ocrx_word' id='word_1_36' title='bbox 1544 185 1584 218; x_wconf 53' lang='grc' dir='ltr'>ζῇ</span> <span class='ocrx_word' id='word_1_37' title='bbox 1592 185 1652 213; x_wconf 77' lang='lat' dir='ltr'>nexi</span> <span class='ocrx_word' id='word_1_38' title='bbox 1660 185 1772 214; x_wconf 55' lang='lat' dir='ltr'>&amp;berario</span> <span class='ocrx_word' id='word_1_39' title='bbox 1779 208 1786 219; x_wconf 89' lang='lat'><em>,</em></span> <span class='ocrx_word' id='word_1_40' title='bbox 1795 189 1856 223; x_wconf 50' lang='lat' dir='ltr'>&amp;a</span> 
     </span>
    </p>

    <p class='ocr_par' dir='ltr' id='par_1_4' title="bbox 476 224 1838 264">
     <span class='ocr_line' id='line_1_5' title="bbox 476 224 1838 264; baseline 0.004 -14"><span class='ocrx_word' id='word_1_41' title='bbox 476 229 577 263; x_wconf 74' lang='lat' dir='ltr'>Perque</span> <span class='ocrx_word' id='word_1_42' title='bbox 591 235 618 251; x_wconf 60' lang='lat' dir='ltr'>cs</span> <span class='ocrx_word' id='word_1_43' title='bbox 634 224 675 257; x_wconf 59' lang='lat' dir='ltr'>&lt;ff</span> <span class='ocrx_word' id='word_1_44' title='bbox 687 224 779 252; x_wconf 69' lang='lat' dir='ltr'>libram</span> <span class='ocrx_word' id='word_1_45' title='bbox 786 225 916 261; x_wconf 72' lang='lat' dir='ltr'>familiam</span> <span class='ocrx_word' id='word_1_46' title='bbox 931 228 1112 263; x_wconf 53' lang='lat' dir='ltr'>manciparem]</span> <span class='ocrx_word' id='word_1_47' title='bbox 1135 229 1196 264; x_wconf 73' lang='lat' dir='ltr'>Qu</span> <span class='ocrx_word' id='word_1_48' title='bbox 1211 228 1314 254; x_wconf 82' lang='lat' dir='ltr'>ratione</span> <span class='ocrx_word' id='word_1_49' title='bbox 1328 225 1380 253; x_wconf 91' lang='lat' dir='ltr'>hoc</span> <span class='ocrx_word' id='word_1_50' title='bbox 1395 224 1495 252; x_wconf 64' lang='lat' dir='ltr'>faftum</span> <span class='ocrx_word' id='word_1_51' title='bbox 1512 225 1542 253; x_wconf 81' lang='lat' dir='ltr'>iit</span> <span class='ocrx_word' id='word_1_52' title='bbox 1578 225 1634 260; x_wconf 76' lang='lat' dir='ltr'>jam</span> <span class='ocrx_word' id='word_1_53' title='bbox 1648 225 1779 253; x_wconf 88' lang='lat' dir='ltr'>ostensum</span> <span class='ocrx_word' id='word_1_54' title='bbox 1793 229 1838 256; x_wconf 88' lang='lat' dir='ltr'>est.</span> 
     </span>
    </p>

    <p class='ocr_par' dir='ltr' id='par_1_5' title="bbox 431 262 2064 378">
     <span class='ocr_line' id='line_1_6' title="bbox 477 262 2063 302; baseline 0.004 -14"><span class='ocrx_word' id='word_1_55' title='bbox 477 267 571 289; x_wconf 70' lang='lat' dir='ltr'>Pratcr</span> <span class='ocrx_word' id='word_1_56' title='bbox 583 262 773 298; x_wconf 73' lang='lat' dir='ltr'>lrbrrpendem.]</span> <span class='ocrx_word' id='word_1_57' title='bbox 800 262 924 298; x_wconf 73' lang='lat' dir='ltr'>Libripens</span> <span class='ocrx_word' id='word_1_58' title='bbox 940 264 989 292; x_wconf 87' lang='lat' dir='ltr'>fuit</span> <span class='ocrx_word' id='word_1_59' title='bbox 1011 266 1031 292; x_wconf 89' lang='lat' dir='ltr'>is</span> <span class='ocrx_word' id='word_1_60' title='bbox 1045 286 1051 297; x_wconf 83' lang='lat'><em>‚</em></span> <span class='ocrx_word' id='word_1_61' title='bbox 1073 267 1118 302; x_wconf 83' lang='lat' dir='ltr'>qui</span> <span class='ocrx_word' id='word_1_62' title='bbox 1133 266 1159 293; x_wconf 86' lang='lat' dir='ltr'>in</span> <span class='ocrx_word' id='word_1_63' title='bbox 1175 264 1414 300; x_wconf 74' lang='lat' dir='ltr'>mancipationibus</span> <span class='ocrx_word' id='word_1_64' title='bbox 1428 264 1523 291; x_wconf 78' lang='lat' dir='ltr'>libram</span> <span class='ocrx_word' id='word_1_65' title='bbox 1537 262 1590 290; x_wconf 83' lang='lat' dir='ltr'>five</span> <span class='ocrx_word' id='word_1_66' title='bbox 1604 263 1725 291; x_wconf 81' lang='lat' dir='ltr'>stateram</span> <span class='ocrx_word' id='word_1_67' title='bbox 1740 265 1848 294; x_wconf 84' lang='lat' dir='ltr'>tenebat</span> <span class='ocrx_word' id='word_1_68' title='bbox 1859 287 1866 299; x_wconf 93' lang='lat'><strong>,</strong></span> <span class='ocrx_word' id='word_1_69' title='bbox 1887 268 1901 296; x_wconf 68' lang='grc' dir='ltr'>ὲ</span> <span class='ocrx_word' id='word_1_70' title='bbox 1913 268 1977 298; x_wconf 66' lang='lat' dir='ltr'>libra</span> <span class='ocrx_word' id='word_1_71' title='bbox 1992 272 2020 300; x_wconf 65' lang='grc' dir='ltr'>ὃς</span> <span class='ocrx_word' id='word_1_72' title='bbox 2061 267 2063 299; x_wconf 71' lang='lat' dir='ltr'>l</span> 
     </span>
     <span class='ocr_line' id='line_1_7' title="bbox 431 300 2064 342; baseline 0.002 -13"><span class='ocrx_word' id='word_1_73' title='bbox 431 301 575 338; x_wconf 70' lang='lat' dir='ltr'>pendendo,</span> <span class='ocrx_word' id='word_1_74' title='bbox 596 300 649 328; x_wconf 79' lang='lat' dir='ltr'>sive</span> <span class='ocrx_word' id='word_1_75' title='bbox 656 302 831 338; x_wconf 89' lang='lat' dir='ltr'>ponderando</span> <span class='ocrx_word' id='word_1_76' title='bbox 844 303 941 334; x_wconf 67' lang='lat' dir='ltr'>dietus,</span> <span class='ocrx_word' id='word_1_77' title='bbox 963 303 1033 340; x_wconf 79' lang='lat' dir='ltr'>quasi</span> <span class='ocrx_word' id='word_1_78' title='bbox 1042 304 1202 337; x_wconf 79' lang='lat' dir='ltr'><em>ponderator.</em></span> <span class='ocrx_word' id='word_1_79' title='bbox 1222 306 1334 331; x_wconf 80' lang='lat' dir='ltr'>Veteres</span> <span class='ocrx_word' id='word_1_80' title='bbox 1346 303 1418 329; x_wconf 89' lang='lat' dir='ltr'>enim</span> <span class='ocrx_word' id='word_1_81' title='bbox 1427 303 1548 338; x_wconf 72' lang='lat' dir='ltr'>primum</span> <span class='ocrx_word' id='word_1_82' title='bbox 1565 311 1615 329; x_wconf 85' lang='lat' dir='ltr'>aere</span> <span class='ocrx_word' id='word_1_83' title='bbox 1627 303 1702 339; x_wconf 82' lang='lat' dir='ltr'>gravi</span> <span class='ocrx_word' id='word_1_84' title='bbox 1716 312 1771 331; x_wconf 91' lang='lat' dir='ltr'>non</span> <span class='ocrx_word' id='word_1_85' title='bbox 1781 304 1882 342; x_wconf 79' lang='lat' dir='ltr'>signato</span> <span class='ocrx_word' id='word_1_86' title='bbox 1895 308 1930 335; x_wconf 87' lang='lat' dir='ltr'>ufi</span> <span class='ocrx_word' id='word_1_87' title='bbox 1945 308 2019 338; x_wconf 88' lang='lat' dir='ltr'>sunt:</span> <span class='ocrx_word' id='word_1_88' title='bbox 2061 304 2064 339; x_wconf 60' lang='lat' dir='ltr'>l</span> 
     </span>
     <span class='ocr_line' id='line_1_8' title="bbox 441 339 2063 378; baseline 0 -12"><span class='ocrx_word' id='word_1_89' title='bbox 441 349 527 376; x_wconf 82' lang='lat' dir='ltr'>neque</span> <span class='ocrx_word' id='word_1_90' title='bbox 543 340 570 366; x_wconf 87' lang='lat' dir='ltr'>in</span> <span class='ocrx_word' id='word_1_91' title='bbox 585 341 724 375; x_wconf 82' lang='lat' dir='ltr'>emptione</span> <span class='ocrx_word' id='word_1_92' title='bbox 739 343 764 369; x_wconf 70' lang='grc' dir='ltr'>ὃ(</span> <span class='ocrx_word' id='word_1_93' title='bbox 779 341 934 370; x_wconf 86' lang='lat' dir='ltr'>venditione</span> <span class='ocrx_word' id='word_1_94' title='bbox 947 343 1064 378; x_wconf 75' lang='lat' dir='ltr'>pretium</span> <span class='ocrx_word' id='word_1_95' title='bbox 1079 349 1268 372; x_wconf 79' lang='lat' dir='ltr'>numerarunt,</span> <span class='ocrx_word' id='word_1_96' title='bbox 1288 339 1331 368; x_wconf 87' lang='lat' dir='ltr'>sed</span> <span class='ocrx_word' id='word_1_97' title='bbox 1344 341 1536 378; x_wconf 81' lang='lat' dir='ltr'>appenderunt.</span> <span class='ocrx_word' id='word_1_98' title='bbox 2062 342 2063 366; x_wconf 70' lang='lat'>1</span> 
     </span>
    </p>

    <p class='ocr_par' dir='ltr' id='par_1_6' title="bbox 436 378 2075 508">
     <span class='ocr_line' id='line_1_9' title="bbox 482 378 2063 418; baseline 0.005 -14"><span class='ocrx_word' id='word_1_99' title='bbox 482 381 616 405; x_wconf 73' lang='lat' dir='ltr'>Caetemm</span> <span class='ocrx_word' id='word_1_100' title='bbox 632 380 658 406; x_wconf 73' lang='lat'>8&lt;</span> <span class='ocrx_word' id='word_1_101' title='bbox 673 379 737 406; x_wconf 82' lang='lat' dir='ltr'>illud</span> <span class='ocrx_word' id='word_1_102' title='bbox 752 378 804 406; x_wconf 88' lang='lat' dir='ltr'>hoc</span> <span class='ocrx_word' id='word_1_103' title='bbox 817 379 878 407; x_wconf 90' lang='lat' dir='ltr'>loco</span> <span class='ocrx_word' id='word_1_104' title='bbox 893 381 1040 408; x_wconf 88' lang='lat' dir='ltr'>notandum</span> <span class='ocrx_word' id='word_1_105' title='bbox 1051 401 1057 412; x_wconf 82' lang='grc'><strong>,</strong></span> <span class='ocrx_word' id='word_1_106' title='bbox 1078 391 1110 409; x_wconf 87' lang='lat' dir='ltr'>ex</span> <span class='ocrx_word' id='word_1_107' title='bbox 1125 381 1172 408; x_wconf 77' lang='lat' dir='ltr'>hac</span> <span class='ocrx_word' id='word_1_108' title='bbox 1185 381 1243 418; x_wconf 87' lang='lat' dir='ltr'>lege</span> <span class='ocrx_word' id='word_1_109' title='bbox 1258 380 1372 407; x_wconf 68' lang='grc' dir='ltr'>ῑῑαὲὶυῃ]</span> <span class='ocrx_word' id='word_1_110' title='bbox 1389 378 1453 409; x_wconf 73' lang='lat' dir='ltr'>effe,</span> <span class='ocrx_word' id='word_1_111' title='bbox 1473 379 1545 415; x_wconf 86' lang='lat' dir='ltr'>quod</span> <span class='ocrx_word' id='word_1_112' title='bbox 1555 379 1642 416; x_wconf 86' lang='lat' dir='ltr'>postea</span> <span class='ocrx_word' id='word_1_113' title='bbox 1652 379 1814 417; x_wconf 84' lang='lat' dir='ltr'>legissatores</span> <span class='ocrx_word' id='word_1_114' title='bbox 1826 391 1921 411; x_wconf 87' lang='lat' dir='ltr'>omnes</span> <span class='ocrx_word' id='word_1_115' title='bbox 1930 384 2023 413; x_wconf 64' lang='lat' dir='ltr'>volue-</span> <span class='ocrx_word' id='word_1_116' title='bbox 2062 380 2063 396; x_wconf 67' lang='lat'><em>³</em></span> 
     </span>
     <span class='ocr_line' id='line_1_10' title="bbox 438 415 2075 466; baseline 0.005 -23"><span class='ocrx_word' id='word_1_117' title='bbox 438 423 513 446; x_wconf 81' lang='lat' dir='ltr'>runt,</span> <span class='ocrx_word' id='word_1_118' title='bbox 534 415 635 453; x_wconf 82' lang='lat' dir='ltr'>septem</span> <span class='ocrx_word' id='word_1_119' title='bbox 651 417 757 445; x_wconf 81' lang='lat' dir='ltr'>testibus</span> <span class='ocrx_word' id='word_1_120' title='bbox 771 417 939 454; x_wconf 75' lang='lat' dir='ltr'>praesentibus</span> <span class='ocrx_word' id='word_1_121' title='bbox 954 419 1112 447; x_wconf 83' lang='lat' dir='ltr'>testamenta</span> <span class='ocrx_word' id='word_1_122' title='bbox 1131 419 1216 447; x_wconf 81' lang='lat' dir='ltr'>scribi.</span> <span class='ocrx_word' id='word_1_123' title='bbox 1258 419 1339 446; x_wconf 84' lang='lat' dir='ltr'>Erant</span> <span class='ocrx_word' id='word_1_124' title='bbox 1352 418 1428 445; x_wconf 88' lang='lat' dir='ltr'>enim</span> <span class='ocrx_word' id='word_1_125' title='bbox 1448 418 1475 445; x_wconf 90' lang='lat' dir='ltr'>in</span> <span class='ocrx_word' id='word_1_126' title='bbox 1488 417 1537 445; x_wconf 84' lang='lat' dir='ltr'>hac</span> <span class='ocrx_word' id='word_1_127' title='bbox 1557 419 1712 456; x_wconf 80' lang='lat' dir='ltr'>imaginaria</span> <span class='ocrx_word' id='word_1_128' title='bbox 1735 421 1888 449; x_wconf 83' lang='lat' dir='ltr'>venditione</span> <span class='ocrx_word' id='word_1_129' title='bbox 1902 421 2019 460; x_wconf 74' lang='lat' dir='ltr'>stptem,</span> <span class='ocrx_word' id='word_1_130' title='bbox 2060 434 2075 466; x_wconf 59' lang='grc' dir='ltr'>Ι,</span> 
     </span>
     <span class='ocr_line' id='line_1_11' title="bbox 436 453 2063 494; baseline 0.003 -13"><span class='ocrx_word' id='word_1_131' title='bbox 436 453 572 483; x_wconf 75' lang='lat' dir='ltr'>videlicet:</span> <span class='ocrx_word' id='word_1_132' title='bbox 593 455 710 493; x_wconf 85' lang='lat' dir='ltr'>quinque</span> <span class='ocrx_word' id='word_1_133' title='bbox 722 456 792 484; x_wconf 87' lang='lat' dir='ltr'>cives</span> <span class='ocrx_word' id='word_1_134' title='bbox 808 457 940 488; x_wconf 85' lang='lat' dir='ltr'>Romani,</span> <span class='ocrx_word' id='word_1_135' title='bbox 961 457 1085 494; x_wconf 83' lang='lat' dir='ltr'>libripens</span> <span class='ocrx_word' id='word_1_136' title='bbox 1095 479 1101 489; x_wconf 92' lang='lat'><em>,</em></span> <span class='ocrx_word' id='word_1_137' title='bbox 1125 460 1151 487; x_wconf 61' lang='grc' dir='ltr'>ἃ</span> <span class='ocrx_word' id='word_1_138' title='bbox 1165 464 1284 494; x_wconf 82' lang='lat' dir='ltr'>emptor.</span> <span class='ocrx_word' id='word_1_139' title='bbox 2060 485 2063 494; x_wconf 72' lang='grc'>,</span> 
     </span>
     <span class='ocr_line' id='line_1_12' title="bbox 2061 498 2073 508; baseline 0 0"><span class='ocrx_word' id='word_1_140' title='bbox 2061 498 2073 508; x_wconf 57' lang='grc' dir='ltr'>Λα</span> 
     </span>
    </p>
   </div>
   <div class='ocr_carea' id='block_1_4' title="bbox 519 518 1938 568">
    <p class='ocr_par' dir='ltr' id='par_1_7' title="bbox 519 518 1938 568">
     <span class='ocr_line' id='line_1_13' title="bbox 519 518 1938 568; baseline 0.003 -17"><span class='ocrx_word' id='word_1_141' title='bbox 519 520 639 552; x_wconf 87' lang='lat' dir='ltr'><em>XIII.</em></span> <span class='ocrx_word' id='word_1_142' title='bbox 667 521 744 551; x_wconf 88' lang='lat' dir='ltr'>Cum</span> <span class='ocrx_word' id='word_1_143' title='bbox 757 530 867 552; x_wconf 86' lang='lat' dir='ltr'>nexum</span> <span class='ocrx_word' id='word_1_144' title='bbox 876 520 996 566; x_wconf 68' lang='lat' dir='ltr'>faciet,</span> <span class='ocrx_word' id='word_1_145' title='bbox 1021 522 1266 567; x_wconf 76' lang='lat' dir='ltr'>mancipiumque</span> <span class='ocrx_word' id='word_1_146' title='bbox 1282 546 1292 561; x_wconf 89' lang='lat'>‚</span> <span class='ocrx_word' id='word_1_147' title='bbox 1318 520 1364 552; x_wconf 77' lang='lat' dir='ltr'>uti</span> <span class='ocrx_word' id='word_1_148' title='bbox 1379 518 1488 564; x_wconf 79' lang='lat' dir='ltr'>lingua</span> <span class='ocrx_word' id='word_1_149' title='bbox 1502 518 1703 568; x_wconf 79' lang='lat' dir='ltr'>nuncupaffit,</span> <span class='ocrx_word' id='word_1_150' title='bbox 1731 522 1777 554; x_wconf 81' lang='lat' dir='ltr'>ita</span> <span class='ocrx_word' id='word_1_151' title='bbox 1793 523 1851 568; x_wconf 82' lang='lat' dir='ltr'>jus</span> <span class='ocrx_word' id='word_1_152' title='bbox 1873 521 1938 564; x_wconf 74' lang='lat' dir='ltr'>esto.</span> 
     </span>
    </p>
   </div>
   <div class='ocr_carea' id='block_1_5' title="bbox 434 584 2075 855">
    <p class='ocr_par' dir='ltr' id='par_1_8' title="bbox 434 584 2075 740">
     <span class='ocr_line' id='line_1_14' title="bbox 434 584 2075 626; baseline 0.001 -12"><span class='ocrx_word' id='word_1_153' title='bbox 434 589 436 591; x_wconf 72' lang='grc'><strong><em>’</em></strong></span> <span class='ocrx_word' id='word_1_154' title='bbox 476 588 576 615; x_wconf 80' lang='lat' dir='ltr'>Extant</span> <span class='ocrx_word' id='word_1_155' title='bbox 587 586 625 614; x_wconf 83' lang='lat' dir='ltr'>hae</span> <span class='ocrx_word' id='word_1_156' title='bbox 639 585 753 623; x_wconf 85' lang='lat' dir='ltr'>reliquiae</span> <span class='ocrx_word' id='word_1_157' title='bbox 765 587 833 623; x_wconf 84' lang='lat' dir='ltr'>apud</span> <span class='ocrx_word' id='word_1_158' title='bbox 848 585 946 623; x_wconf 81' lang='lat' dir='ltr'>Festum</span> <span class='ocrx_word' id='word_1_159' title='bbox 957 608 964 618; x_wconf 83' lang='lat'><em>,</em></span> <span class='ocrx_word' id='word_1_160' title='bbox 985 588 1011 615; x_wconf 64' lang='grc' dir='ltr'>δί</span> <span class='ocrx_word' id='word_1_161' title='bbox 1026 590 1168 614; x_wconf 70' lang='lat' dir='ltr'>Ciceronem</span> <span class='ocrx_word' id='word_1_162' title='bbox 1182 587 1208 613; x_wconf 86' lang='lat' dir='ltr'>in</span> <span class='ocrx_word' id='word_1_163' title='bbox 1228 597 1249 614; x_wconf 83' lang='grc' dir='ltr'>ι.</span> <span class='ocrx_word' id='word_1_164' title='bbox 1262 587 1296 613; x_wconf 91' lang='lat' dir='ltr'>de</span> <span class='ocrx_word' id='word_1_165' title='bbox 1311 589 1427 614; x_wconf 62' lang='lat' dir='ltr'>Ormore</span> <span class='ocrx_word' id='word_1_166' title='bbox 1442 605 1448 616; x_wconf 91' lang='lat'>‚</span> <span class='ocrx_word' id='word_1_167' title='bbox 1468 584 1512 612; x_wconf 90' lang='lat' dir='ltr'>ubi</span> <span class='ocrx_word' id='word_1_168' title='bbox 1529 588 1654 614; x_wconf 81' lang='lat' dir='ltr'>Antomus</span> <span class='ocrx_word' id='word_1_169' title='bbox 1668 587 1705 615; x_wconf 88' lang='lat' dir='ltr'>ita</span> <span class='ocrx_word' id='word_1_170' title='bbox 1721 588 1841 616; x_wconf 84' lang='lat' dir='ltr'>Craffum</span> <span class='ocrx_word' id='word_1_171' title='bbox 1856 587 2015 626; x_wconf 79' lang='lat' dir='ltr'>alloquitur:</span> <span class='ocrx_word' id='word_1_172' title='bbox 2061 587 2075 607; x_wconf 59' lang='lat'>&#39;¹&#39;</span> 
     </span>
     <span class='ocr_line' id='line_1_15' title="bbox 439 609 2075 664; baseline 0.001 -12"><span class='ocrx_word' id='word_1_173' title='bbox 439 626 553 662; x_wconf 76' lang='lat' dir='ltr'>Lapides</span> <span class='ocrx_word' id='word_1_174' title='bbox 568 624 701 653; x_wconf 82' lang='lat' dir='ltr'>mehercle</span> <span class='ocrx_word' id='word_1_175' title='bbox 715 626 780 652; x_wconf 82' lang='lat' dir='ltr'>flere</span> <span class='ocrx_word' id='word_1_176' title='bbox 790 625 930 662; x_wconf 70' lang='lat' dir='ltr'>coegisses,</span> <span class='ocrx_word' id='word_1_177' title='bbox 952 633 980 653; x_wconf 81' lang='lat' dir='ltr'>ut</span> <span class='ocrx_word' id='word_1_178' title='bbox 995 633 1084 653; x_wconf 80' lang='lat' dir='ltr'>totum</span> <span class='ocrx_word' id='word_1_179' title='bbox 1101 624 1163 652; x_wconf 82' lang='lat' dir='ltr'>illud</span> <span class='ocrx_word' id='word_1_180' title='bbox 1173 645 1180 656; x_wconf 87' lang='lat'><em>‚</em></span> <span class='ocrx_word' id='word_1_181' title='bbox 1201 626 1239 652; x_wconf 88' lang='lat' dir='ltr'>uti</span> <span class='ocrx_word' id='word_1_182' title='bbox 1253 625 1341 662; x_wconf 81' lang='lat' dir='ltr'>lingua</span> <span class='ocrx_word' id='word_1_183' title='bbox 1354 623 1520 659; x_wconf 79' lang='lat' dir='ltr'>nuncupaffit</span> <span class='ocrx_word' id='word_1_184' title='bbox 1531 644 1538 655; x_wconf 92' lang='lat'>‚</span> <span class='ocrx_word' id='word_1_185' title='bbox 1559 633 1614 651; x_wconf 90' lang='lat' dir='ltr'>non</span> <span class='ocrx_word' id='word_1_186' title='bbox 1628 635 1658 652; x_wconf 79' lang='lat' dir='ltr'>xi</span> <span class='ocrx_word' id='word_1_187' title='bbox 1669 634 1691 651; x_wconf 80' lang='grc' dir='ltr'>ι.</span> <span class='ocrx_word' id='word_1_188' title='bbox 1705 625 1813 659; x_wconf 82' lang='lat' dir='ltr'>tabulis,</span> <span class='ocrx_word' id='word_1_189' title='bbox 1833 626 1875 653; x_wconf 75' lang='lat' dir='ltr'>led</span> <span class='ocrx_word' id='word_1_190' title='bbox 1891 627 1917 653; x_wconf 92' lang='lat' dir='ltr'>in</span> <span class='ocrx_word' id='word_1_191' title='bbox 1933 627 2019 664; x_wconf 86' lang='lat' dir='ltr'>magi·</span> <span class='ocrx_word' id='word_1_192' title='bbox 2071 609 2075 639; x_wconf 62' lang='lat'>³</span> 
     </span>
     <span class='ocr_line' id='line_1_16' title="bbox 438 661 2019 701; baseline 0.001 -12"><span class='ocrx_word' id='word_1_193' title='bbox 438 663 481 691; x_wconf 84' lang='lat' dir='ltr'>stri</span> <span class='ocrx_word' id='word_1_194' title='bbox 498 665 617 692; x_wconf 85' lang='lat' dir='ltr'>carmine</span> <span class='ocrx_word' id='word_1_195' title='bbox 630 663 757 700; x_wconf 82' lang='lat' dir='ltr'>scriptum</span> <span class='ocrx_word' id='word_1_196' title='bbox 777 664 920 692; x_wconf 87' lang='lat' dir='ltr'>videretur.</span> <span class='ocrx_word' id='word_1_197' title='bbox 961 661 1045 701; x_wconf 75' lang='lat' dir='ltr'>Festus</span> <span class='ocrx_word' id='word_1_198' title='bbox 1059 673 1119 691; x_wconf 87' lang='lat' dir='ltr'>eam</span> <span class='ocrx_word' id='word_1_199' title='bbox 1139 663 1173 691; x_wconf 81' lang='lat' dir='ltr'>fic</span> <span class='ocrx_word' id='word_1_200' title='bbox 1188 664 1375 700; x_wconf 77' lang='lat' dir='ltr'>interpretatur</span> <span class='ocrx_word' id='word_1_201' title='bbox 1390 684 1396 692; x_wconf 83' lang='grc'>,</span> <span class='ocrx_word' id='word_1_202' title='bbox 1416 663 1443 690; x_wconf 89' lang='lat' dir='ltr'>id</span> <span class='ocrx_word' id='word_1_203' title='bbox 1459 662 1494 689; x_wconf 78' lang='lat' dir='ltr'>est</span> <span class='ocrx_word' id='word_1_204' title='bbox 1508 681 1514 693; x_wconf 86' lang='lat'>‚</span> <span class='ocrx_word' id='word_1_205' title='bbox 1536 670 1575 689; x_wconf 80' lang='lat' dir='ltr'>tta</span> <span class='ocrx_word' id='word_1_206' title='bbox 1591 662 1629 690; x_wconf 79' lang='lat' dir='ltr'>uti</span> <span class='ocrx_word' id='word_1_207' title='bbox 1641 663 1778 691; x_wconf 80' lang='lat' dir='ltr'>nominarit</span> <span class='ocrx_word' id='word_1_208' title='bbox 1791 685 1800 696; x_wconf 96' lang='lat'><em>,</em></span> <span class='ocrx_word' id='word_1_209' title='bbox 1819 664 1940 697; x_wconf 65' lang='lat' dir='ltr'>locutufinc</span> <span class='ocrx_word' id='word_1_210' title='bbox 1954 673 2019 694; x_wconf 76' lang='lat' dir='ltr'>emt,</span> 
     </span>
     <span class='ocr_line' id='line_1_17' title="bbox 435 699 596 740; baseline 0.006 -12"><span class='ocrx_word' id='word_1_211' title='bbox 435 699 529 738; x_wconf 75' lang='lat' dir='ltr'>itajus</span> <span class='ocrx_word' id='word_1_212' title='bbox 541 701 596 740; x_wconf 75' lang='lat' dir='ltr'>esto.</span> 
     </span>
    </p>

    <p class='ocr_par' dir='ltr' id='par_1_9' title="bbox 437 737 2020 855">
     <span class='ocr_line' id='line_1_18' title="bbox 477 737 2019 779; baseline 0 -11"><span class='ocrx_word' id='word_1_213' title='bbox 477 745 545 768; x_wconf 79' lang='lat' dir='ltr'>Cum</span> <span class='ocrx_word' id='word_1_214' title='bbox 558 750 654 767; x_wconf 81' lang='lat' dir='ltr'>nexum</span> <span class='ocrx_word' id='word_1_215' title='bbox 662 739 757 776; x_wconf 70' lang='lat' dir='ltr'>finiet,</span> <span class='ocrx_word' id='word_1_216' title='bbox 778 738 1007 779; x_wconf 54' lang='lat' dir='ltr'>mancipiumque]</span> <span class='ocrx_word' id='word_1_217' title='bbox 1028 740 1057 768; x_wconf 79' lang='lat' dir='ltr'>Id</span> <span class='ocrx_word' id='word_1_218' title='bbox 1074 741 1124 772; x_wconf 87' lang='lat' dir='ltr'>est,</span> <span class='ocrx_word' id='word_1_219' title='bbox 1144 750 1206 768; x_wconf 86' lang='lat' dir='ltr'>cum</span> <span class='ocrx_word' id='word_1_220' title='bbox 1223 740 1413 776; x_wconf 74' lang='lat' dir='ltr'>paterfamilias</span> <span class='ocrx_word' id='word_1_221' title='bbox 1427 750 1474 777; x_wconf 81' lang='lat' dir='ltr'>per</span> <span class='ocrx_word' id='word_1_222' title='bbox 1488 749 1520 766; x_wconf 81' lang='lat' dir='ltr'>aes</span> <span class='ocrx_word' id='word_1_223' title='bbox 1535 737 1562 767; x_wconf 65' lang='grc' dir='ltr'>δε</span> <span class='ocrx_word' id='word_1_224' title='bbox 1577 738 1673 767; x_wconf 86' lang='lat' dir='ltr'>libram</span> <span class='ocrx_word' id='word_1_225' title='bbox 1689 738 1819 767; x_wconf 85' lang='lat' dir='ltr'>familiam</span> <span class='ocrx_word' id='word_1_226' title='bbox 1834 741 1938 768; x_wconf 82' lang='lat' dir='ltr'>vendet.</span> <span class='ocrx_word' id='word_1_227' title='bbox 1965 743 2019 768; x_wconf 88' lang='lat' dir='ltr'>Lo-</span> 
     </span>
     <span class='ocr_line' id='line_1_19' title="bbox 437 777 2020 817; baseline -0.001 -10"><span class='ocrx_word' id='word_1_228' title='bbox 437 780 528 817; x_wconf 85' lang='lat' dir='ltr'>quitur</span> <span class='ocrx_word' id='word_1_229' title='bbox 537 779 611 806; x_wconf 88' lang='lat' dir='ltr'>enim</span> <span class='ocrx_word' id='word_1_230' title='bbox 623 778 664 806; x_wconf 85' lang='lat' dir='ltr'>lex</span> <span class='ocrx_word' id='word_1_231' title='bbox 680 779 713 806; x_wconf 88' lang='lat' dir='ltr'>de</span> <span class='ocrx_word' id='word_1_232' title='bbox 727 788 920 814; x_wconf 66' lang='lat' dir='ltr'>mancipatione,</span> <span class='ocrx_word' id='word_1_233' title='bbox 941 780 974 806; x_wconf 91' lang='lat' dir='ltr'>de</span> <span class='ocrx_word' id='word_1_234' title='bbox 989 788 1038 815; x_wconf 81' lang='lat' dir='ltr'>qua</span> <span class='ocrx_word' id='word_1_235' title='bbox 1050 779 1131 807; x_wconf 84' lang='lat' dir='ltr'>etiam</span> <span class='ocrx_word' id='word_1_236' title='bbox 1149 781 1220 814; x_wconf 84' lang='lat' dir='ltr'>prior</span> <span class='ocrx_word' id='word_1_237' title='bbox 1234 781 1304 816; x_wconf 85' lang='lat' dir='ltr'>egit,</span> <span class='ocrx_word' id='word_1_238' title='bbox 1326 782 1351 807; x_wconf 66' lang='lat' dir='ltr'>&amp;t</span> <span class='ocrx_word' id='word_1_239' title='bbox 1358 779 1445 815; x_wconf 75' lang='lat' dir='ltr'>jubet.</span> <span class='ocrx_word' id='word_1_240' title='bbox 1460 785 1489 805; x_wconf 92' lang='lat' dir='ltr'>ut</span> <span class='ocrx_word' id='word_1_241' title='bbox 1501 778 1573 814; x_wconf 86' lang='lat' dir='ltr'>quod</span> <span class='ocrx_word' id='word_1_242' title='bbox 1588 779 1696 806; x_wconf 83' lang='lat' dir='ltr'>testator</span> <span class='ocrx_word' id='word_1_243' title='bbox 1710 777 1844 806; x_wconf 84' lang='lat' dir='ltr'>haeredem</span> <span class='ocrx_word' id='word_1_244' title='bbox 1858 788 2020 816; x_wconf 62' lang='lat' dir='ltr'>nuncupans,</span> 
     </span>
     <span class='ocr_line' id='line_1_20' title="bbox 437 816 1857 855; baseline -0.001 -9"><span class='ocrx_word' id='word_1_245' title='bbox 437 819 471 846; x_wconf 87' lang='lat' dir='ltr'>de</span> <span class='ocrx_word' id='word_1_246' title='bbox 483 817 534 846; x_wconf 80' lang='lat' dir='ltr'>suis</span> <span class='ocrx_word' id='word_1_247' title='bbox 546 817 621 845; x_wconf 86' lang='lat' dir='ltr'>bonis</span> <span class='ocrx_word' id='word_1_248' title='bbox 636 817 799 848; x_wconf 86' lang='lat' dir='ltr'>decreverit,</span> <span class='ocrx_word' id='word_1_249' title='bbox 821 818 848 845; x_wconf 89' lang='lat' dir='ltr'>id</span> <span class='ocrx_word' id='word_1_250' title='bbox 861 817 903 853; x_wconf 77' lang='lat' dir='ltr'>jus</span> <span class='ocrx_word' id='word_1_251' title='bbox 918 825 1059 855; x_wconf 82' lang='lat' dir='ltr'>ratumque</span> <span class='ocrx_word' id='word_1_252' title='bbox 1072 817 1111 845; x_wconf 80' lang='lat' dir='ltr'>lit.</span> <span class='ocrx_word' id='word_1_253' title='bbox 1132 818 1345 854; x_wconf 41' lang='lat' dir='ltr'>(Quidam-etiam</span> <span class='ocrx_word' id='word_1_254' title='bbox 1361 819 1393 845; x_wconf 68' lang='lat' dir='ltr'>ad</span> <span class='ocrx_word' id='word_1_255' title='bbox 1406 817 1470 845; x_wconf 78' lang='lat' dir='ltr'>alios</span> <span class='ocrx_word' id='word_1_256' title='bbox 1490 816 1642 844; x_wconf 54' lang='lat' dir='ltr'>contractus</span> <span class='ocrx_word' id='word_1_257' title='bbox 1655 826 1714 844; x_wconf 68' lang='lat' dir='ltr'>eain</span> <span class='ocrx_word' id='word_1_258' title='bbox 1728 816 1857 846; x_wconf 85' lang='lat' dir='ltr'>referunt.</span> 
     </span>
    </p>
   </div>
   <div class='ocr_carea' id='block_1_6' title="bbox 573 885 1886 983">
    <p class='ocr_par' dir='ltr' id='par_1_10' title="bbox 573 885 1886 983">
     <span class='ocr_line' id='line_1_21' title="bbox 573 885 1886 936; baseline 0.002 -15"><span class='ocrx_word' id='word_1_259' title='bbox 573 888 680 922; x_wconf 85' lang='lat' dir='ltr'><em>XIV.</em></span> <span class='ocrx_word' id='word_1_260' title='bbox 705 888 771 934; x_wconf 73' lang='lat' dir='ltr'>Qt&#39;</span> <span class='ocrx_word' id='word_1_261' title='bbox 781 888 814 933; x_wconf 73' lang='lat' dir='ltr'><em>ft</em></span> <span class='ocrx_word' id='word_1_262' title='bbox 820 889 912 934; x_wconf 77' lang='lat' dir='ltr'>sciret</span> <span class='ocrx_word' id='word_1_263' title='bbox 927 886 1080 932; x_wconf 73' lang='lat' dir='ltr'>testarier,</span> <span class='ocrx_word' id='word_1_264' title='bbox 1107 885 1287 936; x_wconf 71' lang='lat' dir='ltr'>libripens’ve</span> <span class='ocrx_word' id='word_1_265' title='bbox 1299 887 1400 932; x_wconf 76' lang='lat' dir='ltr'>fuerit</span> <span class='ocrx_word' id='word_1_266' title='bbox 1411 912 1420 927; x_wconf 87' lang='lat'><strong>‚</strong></span> <span class='ocrx_word' id='word_1_267' title='bbox 1446 887 1501 930; x_wconf 78' lang='lat' dir='ltr'>nisi</span> <span class='ocrx_word' id='word_1_268' title='bbox 1517 886 1718 934; x_wconf 78' lang='lat' dir='ltr'>testimonium</span> <span class='ocrx_word' id='word_1_269' title='bbox 1727 887 1886 933; x_wconf 78' lang='lat' dir='ltr'>feriatur,</span> 
     </span>
     <span class='ocr_line' id='line_1_22' title="bbox 964 933 1474 983; baseline 0.002 -15"><span class='ocrx_word' id='word_1_270' title='bbox 964 933 1132 983; x_wconf 81' lang='lat' dir='ltr'>improbus,</span> <span class='ocrx_word' id='word_1_271' title='bbox 1158 934 1386 982; x_wconf 72' lang='lat' dir='ltr'>intestabilisque</span> <span class='ocrx_word' id='word_1_272' title='bbox 1409 934 1474 981; x_wconf 77' lang='lat' dir='ltr'>efio.</span> 
     </span>
    </p>
   </div>
   <div class='ocr_carea' id='block_1_7' title="bbox 2049 641 2075 2734">
    <p class='ocr_par' dir='ltr' id='par_1_11' title="bbox 2049 641 2075 2734">
     <span class='ocr_line' id='line_1_23' title="bbox 2049 641 2075 2734; baseline 0 -1894"><span class='ocrx_word' id='word_1_273' title='bbox 2049 641 2075 2734; x_wconf 95' lang='lat' dir='ltr'>    </span> 
     </span>
    </p>
   </div>
   <div class='ocr_carea' id='block_1_8' title="bbox 2059 750 2066 812">
    <p class='ocr_par' dir='ltr' id='par_1_12' title="bbox 2059 750 2066 812">
     <span class='ocr_line' id='line_1_24' title="bbox 2059 750 2066 812; baseline 0 -2"><span class='ocrx_word' id='word_1_274' title='bbox 2059 750 2066 812; x_wconf 73' lang='lat'>1</span> 
     </span>
    </p>
   </div>
   <div class='ocr_carea' id='block_1_9' title="bbox 426 1005 2047 1957">
    <p class='ocr_par' dir='ltr' id='par_1_13' title="bbox 433 1005 2023 1463">
     <span class='ocr_line' id='line_1_25' title="bbox 476 1005 2020 1044; baseline 0 -8"><span class='ocrx_word' id='word_1_275' title='bbox 476 1007 556 1038; x_wconf 85' lang='lat' dir='ltr'>Extat</span> <span class='ocrx_word' id='word_1_276' title='bbox 570 1006 637 1043; x_wconf 76' lang='lat' dir='ltr'>apud</span> <span class='ocrx_word' id='word_1_277' title='bbox 654 1005 786 1044; x_wconf 79' lang='lat' dir='ltr'>Agellium</span> <span class='ocrx_word' id='word_1_278' title='bbox 798 1006 867 1034; x_wconf 90' lang='lat' dir='ltr'>libro</span> <span class='ocrx_word' id='word_1_279' title='bbox 885 1016 893 1033; x_wconf 83' lang='grc' dir='ltr'>ι</span> <span class='ocrx_word' id='word_1_280' title='bbox 902 1016 926 1041; x_wconf 73' lang='lat'>5.</span> <span class='ocrx_word' id='word_1_281' title='bbox 939 1014 996 1042; x_wconf 89' lang='lat' dir='ltr'>cap.</span> <span class='ocrx_word' id='word_1_282' title='bbox 1015 1016 1055 1043; x_wconf 83' lang='lat'>13.</span> <span class='ocrx_word' id='word_1_283' title='bbox 1070 1005 1112 1033; x_wconf 93' lang='lat' dir='ltr'>sed</span> <span class='ocrx_word' id='word_1_284' title='bbox 1130 1005 1204 1034; x_wconf 84' lang='lat' dir='ltr'>valde</span> <span class='ocrx_word' id='word_1_285' title='bbox 1219 1013 1386 1042; x_wconf 86' lang='lat' dir='ltr'>corruptum.</span> <span class='ocrx_word' id='word_1_286' title='bbox 1413 1009 1476 1035; x_wconf 81' lang='lat' dir='ltr'>Haec</span> <span class='ocrx_word' id='word_1_287' title='bbox 1490 1007 1531 1035; x_wconf 80' lang='lat' dir='ltr'>lex</span> <span class='ocrx_word' id='word_1_288' title='bbox 1545 1008 1617 1036; x_wconf 90' lang='lat' dir='ltr'>varie</span> <span class='ocrx_word' id='word_1_289' title='bbox 1632 1007 1645 1035; x_wconf 69' lang='lat' dir='ltr'>a</span> <span class='ocrx_word' id='word_1_290' title='bbox 1661 1007 1766 1036; x_wconf 87' lang='lat' dir='ltr'>diverfis</span> <span class='ocrx_word' id='word_1_291' title='bbox 1778 1008 1912 1037; x_wconf 86' lang='lat' dir='ltr'>recitatur.</span> <span class='ocrx_word' id='word_1_292' title='bbox 1941 1007 2020 1044; x_wconf 82' lang='lat' dir='ltr'>Apud</span> 
     </span>
     <span class='ocr_line' id='line_1_26' title="bbox 435 1042 2023 1085; baseline 0.001 -13"><span class='ocrx_word' id='word_1_293' title='bbox 435 1046 570 1082; x_wconf 77' lang='lat' dir='ltr'>Agellium</span> <span class='ocrx_word' id='word_1_294' title='bbox 585 1046 620 1073; x_wconf 84' lang='lat' dir='ltr'>fic</span> <span class='ocrx_word' id='word_1_295' title='bbox 632 1045 740 1082; x_wconf 84' lang='lat' dir='ltr'>legitur:</span> <span class='ocrx_word' id='word_1_296' title='bbox 761 1044 850 1083; x_wconf 74' lang='lat' dir='ltr'>Qisi</span> <span class='ocrx_word' id='word_1_297' title='bbox 856 1044 906 1071; x_wconf 76' lang='lat' dir='ltr'>erit</span> <span class='ocrx_word' id='word_1_298' title='bbox 920 1042 1035 1079; x_wconf 61' lang='lat' dir='ltr'>testator:</span> <span class='ocrx_word' id='word_1_299' title='bbox 1054 1043 1197 1079; x_wconf 68' lang='lat' dir='ltr'>lrbrtpenfte</span> <span class='ocrx_word' id='word_1_300' title='bbox 1205 1043 1305 1081; x_wconf 80' lang='lat' dir='ltr'>suerit,</span> <span class='ocrx_word' id='word_1_301' title='bbox 1326 1045 1353 1070; x_wconf 76' lang='lat' dir='ltr'>in</span> <span class='ocrx_word' id='word_1_302' title='bbox 1366 1042 1535 1081; x_wconf 64' lang='lat' dir='ltr'>testimonium</span> <span class='ocrx_word' id='word_1_303' title='bbox 1545 1046 1678 1081; x_wconf 75' lang='lat' dir='ltr'>feriatur,</span> <span class='ocrx_word' id='word_1_304' title='bbox 1696 1045 1818 1081; x_wconf 72' lang='lat' dir='ltr'>improbus</span> <span class='ocrx_word' id='word_1_305' title='bbox 1830 1043 2023 1085; x_wconf 60' lang='lat' dir='ltr'>intestabilisque</span> 
     </span>
     <span class='ocr_line' id='line_1_27' title="bbox 436 1082 2020 1121; baseline 0.001 -10"><span class='ocrx_word' id='word_1_306' title='bbox 436 1083 492 1121; x_wconf 76' lang='lat' dir='ltr'>esto.</span> <span class='ocrx_word' id='word_1_307' title='bbox 532 1085 582 1112; x_wconf 82' lang='lat' dir='ltr'>Sed</span> <span class='ocrx_word' id='word_1_308' title='bbox 597 1084 641 1112; x_wconf 90' lang='lat' dir='ltr'>ubi</span> <span class='ocrx_word' id='word_1_309' title='bbox 654 1085 743 1121; x_wconf 85' lang='lat' dir='ltr'>priora</span> <span class='ocrx_word' id='word_1_310' title='bbox 758 1083 838 1111; x_wconf 82' lang='lat' dir='ltr'>verba</span> <span class='ocrx_word' id='word_1_311' title='bbox 849 1082 948 1110; x_wconf 88' lang='lat' dir='ltr'>nullam</span> <span class='ocrx_word' id='word_1_312' title='bbox 964 1082 1020 1110; x_wconf 91' lang='lat' dir='ltr'>fere</span> <span class='ocrx_word' id='word_1_313' title='bbox 1034 1082 1255 1120; x_wconf 79' lang='lat' dir='ltr'>significationem</span> <span class='ocrx_word' id='word_1_314' title='bbox 1269 1082 1365 1110; x_wconf 87' lang='lat' dir='ltr'>habere</span> <span class='ocrx_word' id='word_1_315' title='bbox 1378 1082 1484 1118; x_wconf 77' lang='lat' dir='ltr'>possunt</span> <span class='ocrx_word' id='word_1_316' title='bbox 1498 1094 1504 1110; x_wconf 88' lang='grc'>;</span> <span class='ocrx_word' id='word_1_317' title='bbox 1523 1093 1575 1120; x_wconf 87' lang='lat' dir='ltr'>ego</span> <span class='ocrx_word' id='word_1_318' title='bbox 1587 1084 1622 1111; x_wconf 83' lang='lat' dir='ltr'>sic</span> <span class='ocrx_word' id='word_1_319' title='bbox 1636 1085 1747 1112; x_wconf 83' lang='lat' dir='ltr'>recitavi</span> <span class='ocrx_word' id='word_1_320' title='bbox 1762 1085 1861 1120; x_wconf 88' lang='lat' dir='ltr'>partim</span> <span class='ocrx_word' id='word_1_321' title='bbox 1883 1094 1914 1112; x_wconf 87' lang='lat' dir='ltr'>ex</span> <span class='ocrx_word' id='word_1_322' title='bbox 1930 1093 2020 1112; x_wconf 88' lang='lat' dir='ltr'>corre-</span> 
     </span>
     <span class='ocr_line' id='line_1_28' title="bbox 436 1120 2020 1159; baseline 0.001 -10"><span class='ocrx_word' id='word_1_323' title='bbox 436 1122 528 1150; x_wconf 76' lang='lat' dir='ltr'>Ctione</span> <span class='ocrx_word' id='word_1_324' title='bbox 542 1121 637 1159; x_wconf 72' lang='lat' dir='ltr'>Jacobi</span> <span class='ocrx_word' id='word_1_325' title='bbox 650 1120 762 1156; x_wconf 75' lang='lat' dir='ltr'>Cujacii‚</span> <span class='ocrx_word' id='word_1_326' title='bbox 782 1121 880 1158; x_wconf 86' lang='lat' dir='ltr'>partim</span> <span class='ocrx_word' id='word_1_327' title='bbox 896 1120 1020 1148; x_wconf 83' lang='lat' dir='ltr'>aliorum.</span> <span class='ocrx_word' id='word_1_328' title='bbox 1059 1121 1173 1148; x_wconf 86' lang='lat' dir='ltr'>Videtur</span> <span class='ocrx_word' id='word_1_329' title='bbox 1185 1129 1276 1149; x_wconf 85' lang='lat' dir='ltr'>autem</span> <span class='ocrx_word' id='word_1_330' title='bbox 1291 1120 1364 1157; x_wconf 87' lang='lat' dir='ltr'>loqui</span> <span class='ocrx_word' id='word_1_331' title='bbox 1377 1121 1410 1148; x_wconf 92' lang='lat' dir='ltr'>de</span> <span class='ocrx_word' id='word_1_332' title='bbox 1425 1120 1531 1149; x_wconf 88' lang='lat' dir='ltr'>testibus</span> <span class='ocrx_word' id='word_1_333' title='bbox 1549 1122 1582 1149; x_wconf 89' lang='lat' dir='ltr'>ad</span> <span class='ocrx_word' id='word_1_334' title='bbox 1597 1122 1753 1150; x_wconf 82' lang='lat' dir='ltr'>testamenta</span> <span class='ocrx_word' id='word_1_335' title='bbox 1768 1122 1891 1150; x_wconf 80' lang='lat' dir='ltr'>adhibitis</span> <span class='ocrx_word' id='word_1_336' title='bbox 1901 1143 1909 1154; x_wconf 88' lang='lat'><em>‚</em></span> <span class='ocrx_word' id='word_1_337' title='bbox 1931 1121 2020 1159; x_wconf 84' lang='lat' dir='ltr'>quales</span> 
     </span>
     <span class='ocr_line' id='line_1_29' title="bbox 437 1158 2019 1198; baseline 0.001 -10"><span class='ocrx_word' id='word_1_338' title='bbox 437 1161 556 1198; x_wconf 85' lang='lat' dir='ltr'>quinque</span> <span class='ocrx_word' id='word_1_339' title='bbox 575 1162 646 1188; x_wconf 85' lang='lat' dir='ltr'>cives</span> <span class='ocrx_word' id='word_1_340' title='bbox 661 1162 802 1188; x_wconf 78' lang='lat' dir='ltr'>Romanos</span> <span class='ocrx_word' id='word_1_341' title='bbox 814 1158 925 1196; x_wconf 86' lang='lat' dir='ltr'>puberes</span> <span class='ocrx_word' id='word_1_342' title='bbox 943 1168 1005 1186; x_wconf 84' lang='lat' dir='ltr'>cum</span> <span class='ocrx_word' id='word_1_343' title='bbox 1025 1158 1172 1195; x_wconf 85' lang='lat' dir='ltr'>libripende</span> <span class='ocrx_word' id='word_1_344' title='bbox 1185 1158 1304 1187; x_wconf 85' lang='lat' dir='ltr'>adhiberi</span> <span class='ocrx_word' id='word_1_345' title='bbox 1323 1158 1365 1185; x_wconf 79' lang='lat' dir='ltr'>lex</span> <span class='ocrx_word' id='word_1_346' title='bbox 1378 1158 1522 1186; x_wconf 66' lang='lat' dir='ltr'>duodecima</span> <span class='ocrx_word' id='word_1_347' title='bbox 1538 1160 1606 1191; x_wconf 89' lang='lat' dir='ltr'>vult,</span> <span class='ocrx_word' id='word_1_348' title='bbox 1625 1160 1643 1187; x_wconf 87' lang='lat' dir='ltr'>fi</span> <span class='ocrx_word' id='word_1_349' title='bbox 1662 1161 1683 1188; x_wconf 87' lang='lat' dir='ltr'>ii</span> <span class='ocrx_word' id='word_1_350' title='bbox 1696 1161 1783 1198; x_wconf 89' lang='lat' dir='ltr'>rogati</span> <span class='ocrx_word' id='word_1_351' title='bbox 1798 1161 1885 1189; x_wconf 88' lang='lat' dir='ltr'>nolint</span> <span class='ocrx_word' id='word_1_352' title='bbox 1898 1161 2019 1189; x_wconf 83' lang='lat' dir='ltr'>testimo-</span> 
     </span>
     <span class='ocr_line' id='line_1_30' title="bbox 435 1196 2020 1235; baseline 0 -10"><span class='ocrx_word' id='word_1_353' title='bbox 435 1199 512 1226; x_wconf 87' lang='lat' dir='ltr'>nium</span> <span class='ocrx_word' id='word_1_354' title='bbox 528 1199 679 1235; x_wconf 88' lang='lat' dir='ltr'>perhibere,</span> <span class='ocrx_word' id='word_1_355' title='bbox 700 1208 731 1226; x_wconf 81' lang='lat' dir='ltr'>ac</span> <span class='ocrx_word' id='word_1_356' title='bbox 745 1197 820 1225; x_wconf 79' lang='lat' dir='ltr'>fateri</span> <span class='ocrx_word' id='word_1_357' title='bbox 837 1198 1025 1226; x_wconf 85' lang='lat' dir='ltr'>testamentum</span> <span class='ocrx_word' id='word_1_358' title='bbox 1039 1196 1074 1225; x_wconf 91' lang='lat' dir='ltr'>ita</span> <span class='ocrx_word' id='word_1_359' title='bbox 1084 1197 1224 1225; x_wconf 87' lang='lat' dir='ltr'>conditum</span> <span class='ocrx_word' id='word_1_360' title='bbox 1239 1196 1329 1227; x_wconf 79' lang='lat' dir='ltr'>fuiffe3</span> <span class='ocrx_word' id='word_1_361' title='bbox 1351 1196 1429 1233; x_wconf 87' lang='lat' dir='ltr'>seque</span> <span class='ocrx_word' id='word_1_362' title='bbox 1443 1198 1520 1225; x_wconf 83' lang='lat' dir='ltr'>testes</span> <span class='ocrx_word' id='word_1_363' title='bbox 1534 1196 1547 1225; x_wconf 68' lang='lat' dir='ltr'>a</span> <span class='ocrx_word' id='word_1_364' title='bbox 1560 1198 1701 1226; x_wconf 80' lang='lat' dir='ltr'>conditore</span> <span class='ocrx_word' id='word_1_365' title='bbox 1714 1200 1770 1234; x_wconf 87' lang='lat' dir='ltr'>ejus</span> <span class='ocrx_word' id='word_1_366' title='bbox 1780 1199 1912 1227; x_wconf 86' lang='lat' dir='ltr'>adhibitos</span> <span class='ocrx_word' id='word_1_367' title='bbox 1927 1198 2020 1234; x_wconf 64' lang='lat' dir='ltr'>fuiffe,</span> 
     </span>
     <span class='ocr_line' id='line_1_31' title="bbox 436 1234 2021 1274; baseline 0.001 -11"><span class='ocrx_word' id='word_1_368' title='bbox 436 1236 507 1273; x_wconf 78' lang='lat' dir='ltr'>quali</span> <span class='ocrx_word' id='word_1_369' title='bbox 521 1245 630 1274; x_wconf 85' lang='lat' dir='ltr'>propter</span> <span class='ocrx_word' id='word_1_370' title='bbox 644 1236 777 1273; x_wconf 82' lang='lat' dir='ltr'>ejufinodi</span> <span class='ocrx_word' id='word_1_371' title='bbox 791 1236 983 1264; x_wconf 83' lang='lat' dir='ltr'>inficiationem</span> <span class='ocrx_word' id='word_1_372' title='bbox 999 1244 1079 1271; x_wconf 79' lang='lat' dir='ltr'>poena</span> <span class='ocrx_word' id='word_1_373' title='bbox 1092 1234 1134 1263; x_wconf 89' lang='lat' dir='ltr'>vel</span> <span class='ocrx_word' id='word_1_374' title='bbox 1149 1235 1248 1262; x_wconf 72' lang='lat' dir='ltr'>mulCta</span> <span class='ocrx_word' id='word_1_375' title='bbox 1262 1235 1311 1262; x_wconf 87' lang='lat' dir='ltr'>fint</span> <span class='ocrx_word' id='word_1_376' title='bbox 1325 1234 1466 1263; x_wconf 80' lang='lat' dir='ltr'>afficiendi.</span> <span class='ocrx_word' id='word_1_377' title='bbox 1506 1237 1595 1272; x_wconf 86' lang='lat' dir='ltr'>Atque</span> <span class='ocrx_word' id='word_1_378' title='bbox 1609 1236 1644 1263; x_wconf 81' lang='lat' dir='ltr'>sic</span> <span class='ocrx_word' id='word_1_379' title='bbox 1657 1237 1739 1264; x_wconf 79' lang='lat' dir='ltr'>etiam</span> <span class='ocrx_word' id='word_1_380' title='bbox 1754 1235 1781 1263; x_wconf 85' lang='lat' dir='ltr'>in</span> <span class='ocrx_word' id='word_1_381' title='bbox 1793 1235 1861 1263; x_wconf 76' lang='lat' dir='ltr'>civili</span> <span class='ocrx_word' id='word_1_382' title='bbox 1868 1238 1926 1269; x_wconf 75' lang='lat' dir='ltr'>jure</span> <span class='ocrx_word' id='word_1_383' title='bbox 1939 1237 2021 1264; x_wconf 82' lang='lat' dir='ltr'>tradi·</span> 
     </span>
     <span class='ocr_line' id='line_1_32' title="bbox 436 1272 2018 1312; baseline -0.001 -10"><span class='ocrx_word' id='word_1_384' title='bbox 436 1279 496 1303; x_wconf 88' lang='lat' dir='ltr'>tum</span> <span class='ocrx_word' id='word_1_385' title='bbox 512 1275 561 1307; x_wconf 87' lang='lat' dir='ltr'>est,</span> <span class='ocrx_word' id='word_1_386' title='bbox 584 1282 614 1304; x_wconf 87' lang='lat' dir='ltr'>ut</span> <span class='ocrx_word' id='word_1_387' title='bbox 627 1283 710 1312; x_wconf 89' lang='lat' dir='ltr'>quum</span> <span class='ocrx_word' id='word_1_388' title='bbox 725 1275 758 1302; x_wconf 88' lang='lat' dir='ltr'>ab</span> <span class='ocrx_word' id='word_1_389' title='bbox 772 1275 850 1302; x_wconf 88' lang='lat' dir='ltr'>initio</span> <span class='ocrx_word' id='word_1_390' title='bbox 864 1273 1015 1302; x_wconf 76' lang='lat' dir='ltr'>testamenti</span> <span class='ocrx_word' id='word_1_391' title='bbox 1028 1272 1121 1301; x_wconf 85' lang='lat' dir='ltr'>tabulae</span> <span class='ocrx_word' id='word_1_392' title='bbox 1133 1274 1281 1310; x_wconf 77' lang='lat' dir='ltr'>aperiendae</span> <span class='ocrx_word' id='word_1_393' title='bbox 1294 1274 1353 1300; x_wconf 77' lang='lat' dir='ltr'>lunt</span> <span class='ocrx_word' id='word_1_394' title='bbox 1367 1294 1374 1304; x_wconf 92' lang='lat'>,</span> <span class='ocrx_word' id='word_1_395' title='bbox 1389 1281 1478 1306; x_wconf 70' lang='lat' dir='ltr'>prator</span> <span class='ocrx_word' id='word_1_396' title='bbox 1491 1282 1542 1309; x_wconf 87' lang='lat' dir='ltr'>pro</span> <span class='ocrx_word' id='word_1_397' title='bbox 1555 1273 1602 1301; x_wconf 73' lang='lat' dir='ltr'>luo</span> <span class='ocrx_word' id='word_1_398' title='bbox 1614 1273 1706 1301; x_wconf 83' lang='lat' dir='ltr'>officio</span> <span class='ocrx_word' id='word_1_399' title='bbox 1718 1282 1797 1311; x_wconf 89' lang='lat' dir='ltr'>cogat</span> <span class='ocrx_word' id='word_1_400' title='bbox 1802 1273 1942 1312; x_wconf 73' lang='lat' dir='ltr'>fignatmes</span> <span class='ocrx_word' id='word_1_401' title='bbox 1954 1283 2018 1302; x_wconf 86' lang='lat' dir='ltr'>con-</span> 
     </span>
     <span class='ocr_line' id='line_1_33' title="bbox 434 1310 2018 1350; baseline 0.001 -11"><span class='ocrx_word' id='word_1_402' title='bbox 434 1314 540 1344; x_wconf 88' lang='lat' dir='ltr'>venire,</span> <span class='ocrx_word' id='word_1_403' title='bbox 562 1315 587 1341; x_wconf 64' lang='grc' dir='ltr'>ὃς</span> <span class='ocrx_word' id='word_1_404' title='bbox 603 1313 682 1350; x_wconf 81' lang='lat' dir='ltr'>iigilla</span> <span class='ocrx_word' id='word_1_405' title='bbox 696 1312 739 1341; x_wconf 71' lang='lat' dir='ltr'>fila</span> <span class='ocrx_word' id='word_1_406' title='bbox 751 1312 957 1350; x_wconf 87' lang='lat' dir='ltr'>recognoscere,</span> <span class='ocrx_word' id='word_1_407' title='bbox 977 1311 1018 1340; x_wconf 90' lang='lat' dir='ltr'>vel</span> <span class='ocrx_word' id='word_1_408' title='bbox 1033 1321 1130 1350; x_wconf 89' lang='lat' dir='ltr'>negare</span> <span class='ocrx_word' id='word_1_409' title='bbox 1148 1311 1172 1340; x_wconf 73' lang='lat' dir='ltr'>l&#39;e</span> <span class='ocrx_word' id='word_1_410' title='bbox 1185 1311 1305 1348; x_wconf 81' lang='lat' dir='ltr'>fignaffe:</span> <span class='ocrx_word' id='word_1_411' title='bbox 1326 1312 1455 1348; x_wconf 79' lang='lat' dir='ltr'>quoniam</span> <span class='ocrx_word' id='word_1_412' title='bbox 1470 1310 1575 1348; x_wconf 87' lang='lat' dir='ltr'>publice</span> <span class='ocrx_word' id='word_1_413' title='bbox 1587 1312 1695 1348; x_wconf 86' lang='lat' dir='ltr'>expedit</span> <span class='ocrx_word' id='word_1_414' title='bbox 1707 1333 1715 1344; x_wconf 92' lang='lat'><em>,</em></span> <span class='ocrx_word' id='word_1_415' title='bbox 1735 1312 1859 1348; x_wconf 86' lang='lat' dir='ltr'>suprema</span> <span class='ocrx_word' id='word_1_416' title='bbox 1872 1312 2018 1341; x_wconf 87' lang='lat' dir='ltr'>hominum</span> 
     </span>
     <span class='ocr_line' id='line_1_34' title="bbox 433 1348 2017 1389; baseline 0 -12"><span class='ocrx_word' id='word_1_417' title='bbox 433 1350 532 1386; x_wconf 74' lang='lat' dir='ltr'>judicia</span> <span class='ocrx_word' id='word_1_418' title='bbox 546 1353 648 1379; x_wconf 81' lang='lat' dir='ltr'>exitum</span> <span class='ocrx_word' id='word_1_419' title='bbox 662 1350 767 1379; x_wconf 88' lang='lat' dir='ltr'>habere.</span> <span class='ocrx_word' id='word_1_420' title='bbox 806 1351 856 1378; x_wconf 88' lang='lat' dir='ltr'>Sed</span> <span class='ocrx_word' id='word_1_421' title='bbox 877 1352 905 1379; x_wconf 87' lang='lat' dir='ltr'>in</span> <span class='ocrx_word' id='word_1_422' title='bbox 918 1360 1017 1389; x_wconf 86' lang='lat' dir='ltr'>genere</span> <span class='ocrx_word' id='word_1_423' title='bbox 1030 1350 1060 1377; x_wconf 79' lang='lat' dir='ltr'>de</span> <span class='ocrx_word' id='word_1_424' title='bbox 1073 1349 1185 1377; x_wconf 78' lang='lat' dir='ltr'>omnibus</span> <span class='ocrx_word' id='word_1_425' title='bbox 1198 1348 1296 1387; x_wconf 77' lang='lat' dir='ltr'>testtbus</span> <span class='ocrx_word' id='word_1_426' title='bbox 1310 1350 1393 1386; x_wconf 80' lang='lat' dir='ltr'>accipi</span> <span class='ocrx_word' id='word_1_427' title='bbox 1413 1351 1512 1385; x_wconf 84' lang='lat' dir='ltr'>potest,</span> <span class='ocrx_word' id='word_1_428' title='bbox 1533 1351 1579 1387; x_wconf 88' lang='lat' dir='ltr'>qui</span> <span class='ocrx_word' id='word_1_429' title='bbox 1598 1351 1625 1377; x_wconf 89' lang='lat' dir='ltr'>in</span> <span class='ocrx_word' id='word_1_430' title='bbox 1639 1349 1728 1387; x_wconf 90' lang='lat' dir='ltr'>aliquo</span> <span class='ocrx_word' id='word_1_431' title='bbox 1748 1351 1859 1388; x_wconf 87' lang='lat' dir='ltr'>negotio</span> <span class='ocrx_word' id='word_1_432' title='bbox 1871 1370 1878 1382; x_wconf 94' lang='lat'><strong>,</strong></span> <span class='ocrx_word' id='word_1_433' title='bbox 1899 1349 1941 1378; x_wconf 83' lang='lat' dir='ltr'>vel</span> <span class='ocrx_word' id='word_1_434' title='bbox 1953 1359 2017 1378; x_wconf 88' lang='lat' dir='ltr'>con-</span> 
     </span>
     <span class='ocr_line' id='line_1_35' title="bbox 434 1388 2016 1426; baseline -0.001 -10"><span class='ocrx_word' id='word_1_435' title='bbox 434 1389 520 1416; x_wconf 67' lang='lat' dir='ltr'>trae‘tu</span> <span class='ocrx_word' id='word_1_436' title='bbox 534 1390 624 1418; x_wconf 86' lang='lat' dir='ltr'>vocari</span> <span class='ocrx_word' id='word_1_437' title='bbox 643 1388 669 1416; x_wconf 92' lang='lat' dir='ltr'>se</span> <span class='ocrx_word' id='word_1_438' title='bbox 684 1389 710 1417; x_wconf 90' lang='lat' dir='ltr'>in</span> <span class='ocrx_word' id='word_1_439' title='bbox 725 1390 801 1418; x_wconf 85' lang='lat' dir='ltr'>testes</span> <span class='ocrx_word' id='word_1_440' title='bbox 814 1389 877 1425; x_wconf 78' lang='lat' dir='ltr'>passi</span> <span class='ocrx_word' id='word_1_441' title='bbox 890 1388 948 1417; x_wconf 86' lang='lat' dir='ltr'>sunt</span> <span class='ocrx_word' id='word_1_442' title='bbox 964 1410 970 1420; x_wconf 92' lang='lat'>‚</span> <span class='ocrx_word' id='word_1_443' title='bbox 990 1389 1009 1416; x_wconf 85' lang='lat' dir='ltr'>fi</span> <span class='ocrx_word' id='word_1_444' title='bbox 1027 1389 1061 1416; x_wconf 88' lang='lat' dir='ltr'>de</span> <span class='ocrx_word' id='word_1_445' title='bbox 1075 1388 1208 1425; x_wconf 85' lang='lat' dir='ltr'>perhibito</span> <span class='ocrx_word' id='word_1_446' title='bbox 1227 1388 1383 1416; x_wconf 83' lang='lat' dir='ltr'>testimonio</span> <span class='ocrx_word' id='word_1_447' title='bbox 1401 1389 1509 1426; x_wconf 86' lang='lat' dir='ltr'>rogati,</span> <span class='ocrx_word' id='word_1_448' title='bbox 1530 1388 1593 1416; x_wconf 90' lang='lat' dir='ltr'>illud</span> <span class='ocrx_word' id='word_1_449' title='bbox 1614 1388 1703 1416; x_wconf 85' lang='lat' dir='ltr'>dicere</span> <span class='ocrx_word' id='word_1_450' title='bbox 1716 1409 1726 1421; x_wconf 92' lang='lat'><em>,</em></span> <span class='ocrx_word' id='word_1_451' title='bbox 1751 1390 1857 1426; x_wconf 70' lang='lat' dir='ltr'>ejuique</span> <span class='ocrx_word' id='word_1_452' title='bbox 1870 1388 2016 1425; x_wconf 85' lang='lat' dir='ltr'>approbare</span> 
     </span>
     <span class='ocr_line' id='line_1_36' title="bbox 434 1426 1163 1463; baseline -0.001 -9"><span class='ocrx_word' id='word_1_453' title='bbox 434 1427 517 1454; x_wconf 86' lang='lat' dir='ltr'>fidem</span> <span class='ocrx_word' id='word_1_454' title='bbox 531 1438 584 1455; x_wconf 91' lang='lat' dir='ltr'>non</span> <span class='ocrx_word' id='word_1_455' title='bbox 601 1428 698 1458; x_wconf 85' lang='lat' dir='ltr'>velint,</span> <span class='ocrx_word' id='word_1_456' title='bbox 719 1435 749 1456; x_wconf 85' lang='lat' dir='ltr'>ut</span> <span class='ocrx_word' id='word_1_457' title='bbox 762 1426 867 1460; x_wconf 57' lang='lat' dir='ltr'>improbi</span> <span class='ocrx_word' id='word_1_458' title='bbox 881 1426 1088 1463; x_wconf 80' lang='lat' dir='ltr'>intestabilesque</span> <span class='ocrx_word' id='word_1_459' title='bbox 1104 1426 1163 1454; x_wconf 84' lang='lat' dir='ltr'>fint.</span> 
     </span>
    </p>

    <p class='ocr_par' dir='ltr' id='par_1_14' title="bbox 434 1461 2018 1577">
     <span class='ocr_line' id='line_1_37' title="bbox 474 1461 2016 1503; baseline -0.001 -11"><span class='ocrx_word' id='word_1_460' title='bbox 474 1464 650 1503; x_wconf 74' lang='lat' dir='ltr'>Qififtiret</span> <span class='ocrx_word' id='word_1_461' title='bbox 662 1464 803 1502; x_wconf 55' lang='lat' dir='ltr'>testarier]</span> <span class='ocrx_word' id='word_1_462' title='bbox 824 1466 854 1493; x_wconf 48' lang='lat' dir='ltr'>Iti</span> <span class='ocrx_word' id='word_1_463' title='bbox 870 1466 921 1496; x_wconf 88' lang='lat' dir='ltr'>est,</span> <span class='ocrx_word' id='word_1_464' title='bbox 942 1466 988 1502; x_wconf 88' lang='lat' dir='ltr'>qui</span> <span class='ocrx_word' id='word_1_465' title='bbox 1002 1465 1028 1492; x_wconf 80' lang='lat' dir='ltr'>se</span> <span class='ocrx_word' id='word_1_466' title='bbox 1041 1465 1067 1492; x_wconf 91' lang='lat' dir='ltr'>in</span> <span class='ocrx_word' id='word_1_467' title='bbox 1081 1465 1174 1492; x_wconf 80' lang='lat' dir='ltr'>testem</span> <span class='ocrx_word' id='word_1_468' title='bbox 1190 1463 1371 1501; x_wconf 78' lang='lat' dir='ltr'>vocaripaffus</span> <span class='ocrx_word' id='word_1_469' title='bbox 1386 1463 1474 1492; x_wconf 87' lang='lat' dir='ltr'>fuerit.</span> <span class='ocrx_word' id='word_1_470' title='bbox 1493 1464 1537 1492; x_wconf 86' lang='lat' dir='ltr'>Sic</span> <span class='ocrx_word' id='word_1_471' title='bbox 1552 1464 1661 1500; x_wconf 89' lang='lat' dir='ltr'>corrigit</span> <span class='ocrx_word' id='word_1_472' title='bbox 1674 1464 1840 1491; x_wconf 73' lang='lat' dir='ltr'>doffiffimm</span> <span class='ocrx_word' id='word_1_473' title='bbox 1856 1461 2016 1500; x_wconf 77' lang='lat' dir='ltr'>virJacobus</span> 
     </span>
     <span class='ocr_line' id='line_1_38' title="bbox 434 1499 2018 1540; baseline -0.001 -12"><span class='ocrx_word' id='word_1_474' title='bbox 434 1503 555 1536; x_wconf 73' lang='lat' dir='ltr'>Cujacius</span> <span class='ocrx_word' id='word_1_475' title='bbox 569 1504 674 1538; x_wconf 80' lang='lat' dir='ltr'>adjutus</span> <span class='ocrx_word' id='word_1_476' title='bbox 689 1506 702 1530; x_wconf 65' lang='lat' dir='ltr'>a*</span> <span class='ocrx_word' id='word_1_477' title='bbox 717 1504 820 1530; x_wconf 91' lang='lat' dir='ltr'>vetusto</span> <span class='ocrx_word' id='word_1_478' title='bbox 833 1504 935 1530; x_wconf 88' lang='lat' dir='ltr'>codice.</span> <span class='ocrx_word' id='word_1_479' title='bbox 953 1502 1083 1530; x_wconf 72' lang='lat' dir='ltr'>Adrianus</span> <span class='ocrx_word' id='word_1_480' title='bbox 1096 1501 1239 1532; x_wconf 80' lang='lat' dir='ltr'>Turnebus,</span> <span class='ocrx_word' id='word_1_481' title='bbox 1259 1503 1338 1539; x_wconf 84' lang='lat' dir='ltr'>legit,</span> <span class='ocrx_word' id='word_1_482' title='bbox 1358 1500 1448 1540; x_wconf 76' lang='lat' dir='ltr'>Qifi</span> <span class='ocrx_word' id='word_1_483' title='bbox 1455 1499 1504 1528; x_wconf 83' lang='lat' dir='ltr'>erit</span> <span class='ocrx_word' id='word_1_484' title='bbox 1517 1500 1637 1537; x_wconf 79' lang='lat' dir='ltr'>testatus.</span> <span class='ocrx_word' id='word_1_485' title='bbox 1659 1503 1698 1529; x_wconf 89' lang='lat' dir='ltr'>Ut</span> <span class='ocrx_word' id='word_1_486' title='bbox 1710 1500 1817 1538; x_wconf 76' lang='lat' dir='ltr'>testatus</span> <span class='ocrx_word' id='word_1_487' title='bbox 1830 1503 1904 1529; x_wconf 90' lang='lat' dir='ltr'>idem</span> <span class='ocrx_word' id='word_1_488' title='bbox 1919 1502 2018 1539; x_wconf 79' lang='lat' dir='ltr'>fignifi.</span> 
     </span>
     <span class='ocr_line' id='line_1_39' title="bbox 437 1539 986 1577; baseline -0.002 -10"><span class='ocrx_word' id='word_1_489' title='bbox 437 1547 495 1569; x_wconf 82' lang='lat' dir='ltr'>cet.</span> <span class='ocrx_word' id='word_1_490' title='bbox 516 1541 587 1577; x_wconf 84' lang='lat' dir='ltr'>quod</span> <span class='ocrx_word' id='word_1_491' title='bbox 601 1539 752 1574; x_wconf 72' lang='lat' dir='ltr'>antestatus,</span> <span class='ocrx_word' id='word_1_492' title='bbox 774 1541 807 1567; x_wconf 92' lang='lat' dir='ltr'>de</span> <span class='ocrx_word' id='word_1_493' title='bbox 822 1549 875 1574; x_wconf 85' lang='lat' dir='ltr'>quo</span> <span class='ocrx_word' id='word_1_494' title='bbox 890 1540 986 1576; x_wconf 85' lang='lat' dir='ltr'>postea.</span> 
     </span>
    </p>

    <p class='ocr_par' dir='ltr' id='par_1_15' title="bbox 426 1574 2018 1804">
     <span class='ocr_line' id='line_1_40' title="bbox 475 1574 2018 1615; baseline -0.002 -10"><span class='ocrx_word' id='word_1_495' title='bbox 475 1577 513 1606; x_wconf 79' lang='lat' dir='ltr'>Ni</span> <span class='ocrx_word' id='word_1_496' title='bbox 524 1576 838 1615; x_wconf 72' lang='lat' dir='ltr'>testimoniumfizciasm.]</span> <span class='ocrx_word' id='word_1_497' title='bbox 861 1578 936 1613; x_wconf 79' lang='lat' dir='ltr'>Apud</span> <span class='ocrx_word' id='word_1_498' title='bbox 951 1575 1081 1613; x_wconf 78' lang='lat' dir='ltr'>Agellium</span> <span class='ocrx_word' id='word_1_499' title='bbox 1096 1577 1131 1604; x_wconf 90' lang='lat' dir='ltr'>est</span> <span class='ocrx_word' id='word_1_500' title='bbox 1146 1598 1152 1607; x_wconf 84' lang='lat'>‚</span> <span class='ocrx_word' id='word_1_501' title='bbox 1179 1577 1207 1604; x_wconf 89' lang='lat' dir='ltr'>in</span> <span class='ocrx_word' id='word_1_502' title='bbox 1221 1577 1406 1605; x_wconf 85' lang='lat' dir='ltr'>testimonium</span> <span class='ocrx_word' id='word_1_503' title='bbox 1423 1576 1540 1604; x_wconf 85' lang='lat' dir='ltr'>feriatur.</span> <span class='ocrx_word' id='word_1_504' title='bbox 1579 1575 1696 1611; x_wconf 73' lang='lat' dir='ltr'>Cujaciu:</span> <span class='ocrx_word' id='word_1_505' title='bbox 1710 1575 1775 1612; x_wconf 84' lang='lat' dir='ltr'>legit</span> <span class='ocrx_word' id='word_1_506' title='bbox 1792 1595 1799 1607; x_wconf 91' lang='lat'><strong><em>,</em></strong></span> <span class='ocrx_word' id='word_1_507' title='bbox 1824 1575 1854 1602; x_wconf 84' lang='lat' dir='ltr'>Si</span> <span class='ocrx_word' id='word_1_508' title='bbox 1866 1575 1893 1602; x_wconf 83' lang='lat' dir='ltr'>in</span> <span class='ocrx_word' id='word_1_509' title='bbox 1906 1574 2018 1612; x_wconf 72' lang='lat' dir='ltr'>testimo-</span> 
     </span>
     <span class='ocr_line' id='line_1_41' title="bbox 434 1613 2017 1652; baseline 0 -10"><span class='ocrx_word' id='word_1_510' title='bbox 434 1613 507 1643; x_wconf 86' lang='lat' dir='ltr'>nium</span> <span class='ocrx_word' id='word_1_511' title='bbox 512 1615 641 1651; x_wconf 80' lang='lat' dir='ltr'>feriatur,</span> <span class='ocrx_word' id='word_1_512' title='bbox 661 1616 687 1643; x_wconf 90' lang='lat' dir='ltr'>id</span> <span class='ocrx_word' id='word_1_513' title='bbox 703 1616 752 1647; x_wconf 87' lang='lat' dir='ltr'>est,</span> <span class='ocrx_word' id='word_1_514' title='bbox 773 1615 791 1642; x_wconf 83' lang='lat' dir='ltr'>fi</span> <span class='ocrx_word' id='word_1_515' title='bbox 806 1624 930 1652; x_wconf 77' lang='lat' dir='ltr'>cogatur,</span> <span class='ocrx_word' id='word_1_516' title='bbox 951 1618 976 1643; x_wconf 65' lang='grc' dir='ltr'>ἃ</span> <span class='ocrx_word' id='word_1_517' title='bbox 990 1613 1118 1650; x_wconf 75' lang='lat' dir='ltr'>pulsetur,</span> <span class='ocrx_word' id='word_1_518' title='bbox 1138 1623 1166 1642; x_wconf 90' lang='lat' dir='ltr'>ut</span> <span class='ocrx_word' id='word_1_519' title='bbox 1179 1615 1364 1643; x_wconf 86' lang='lat' dir='ltr'>testimonium</span> <span class='ocrx_word' id='word_1_520' title='bbox 1376 1615 1455 1642; x_wconf 88' lang='lat' dir='ltr'>dicat.</span> <span class='ocrx_word' id='word_1_521' title='bbox 1477 1613 1606 1641; x_wconf 69' lang='lat' dir='ltr'>Adrianus</span> <span class='ocrx_word' id='word_1_522' title='bbox 1617 1619 1640 1641; x_wconf 88' lang='grc' dir='ltr'><em>Τ</em></span> <span class='ocrx_word' id='word_1_523' title='bbox 1639 1614 1758 1640; x_wconf 66' lang='lat' dir='ltr'>zat-nebus:</span> <span class='ocrx_word' id='word_1_524' title='bbox 1781 1615 1804 1640; x_wconf 46' lang='grc' dir='ltr'>ΣΥ</span> <span class='ocrx_word' id='word_1_525' title='bbox 1809 1615 1818 1642; x_wconf 92' lang='lat' dir='ltr'>i</span> <span class='ocrx_word' id='word_1_526' title='bbox 1831 1615 2017 1643; x_wconf 76' lang='lat' dir='ltr'>testimonium</span> 
     </span>
     <span class='ocr_line' id='line_1_42' title="bbox 426 1651 2016 1691; baseline 0 -10"><span class='ocrx_word' id='word_1_527' title='bbox 426 1654 562 1691; x_wconf 61' lang='lat' dir='ltr'>fitentur,</span> <span class='ocrx_word' id='word_1_528' title='bbox 586 1653 626 1680; x_wconf 91' lang='lat' dir='ltr'>vel</span> <span class='ocrx_word' id='word_1_529' title='bbox 641 1654 716 1681; x_wconf 88' lang='lat' dir='ltr'>ferat.</span> <span class='ocrx_word' id='word_1_530' title='bbox 740 1653 826 1681; x_wconf 83' lang='lat' dir='ltr'>Potest</span> <span class='ocrx_word' id='word_1_531' title='bbox 840 1660 928 1680; x_wconf 78' lang='lat' dir='ltr'>autem</span> <span class='ocrx_word' id='word_1_532' title='bbox 945 1652 1131 1688; x_wconf 71' lang='lat' dir='ltr'>effefizrmtur,</span> <span class='ocrx_word' id='word_1_533' title='bbox 1151 1662 1202 1680; x_wconf 87' lang='lat' dir='ltr'>una</span> <span class='ocrx_word' id='word_1_534' title='bbox 1216 1651 1291 1680; x_wconf 88' lang='lat' dir='ltr'>litera</span> <span class='ocrx_word' id='word_1_535' title='bbox 1307 1660 1417 1680; x_wconf 78' lang='lat' dir='ltr'>mutata.</span> <span class='ocrx_word' id='word_1_536' title='bbox 1439 1655 1551 1680; x_wconf 89' lang='lat' dir='ltr'>Veteres</span> <span class='ocrx_word' id='word_1_537' title='bbox 1565 1653 1637 1679; x_wconf 89' lang='lat' dir='ltr'>enim</span> <span class='ocrx_word' id='word_1_538' title='bbox 1644 1651 1742 1688; x_wconf 68' lang='lat' dir='ltr'>sariari</span> <span class='ocrx_word' id='word_1_539' title='bbox 1754 1660 1805 1688; x_wconf 90' lang='lat' dir='ltr'>pro</span> <span class='ocrx_word' id='word_1_540' title='bbox 1824 1652 1878 1684; x_wconf 80' lang='lat' dir='ltr'>ari,</span> <span class='ocrx_word' id='word_1_541' title='bbox 1900 1653 1935 1680; x_wconf 84' lang='lat' dir='ltr'>ufi</span> <span class='ocrx_word' id='word_1_542' title='bbox 1948 1653 2016 1685; x_wconf 73' lang='lat' dir='ltr'>sunt.</span> 
     </span>
     <span class='ocr_line' id='line_1_43' title="bbox 435 1689 2015 1730; baseline -0.001 -10"><span class='ocrx_word' id='word_1_543' title='bbox 435 1693 499 1721; x_wconf 85' lang='lat' dir='ltr'>teste</span> <span class='ocrx_word' id='word_1_544' title='bbox 513 1691 652 1724; x_wconf 78' lang='lat' dir='ltr'>Diomede,</span> <span class='ocrx_word' id='word_1_545' title='bbox 672 1692 717 1730; x_wconf 86' lang='lat' dir='ltr'>qui</span> <span class='ocrx_word' id='word_1_546' title='bbox 731 1691 862 1727; x_wconf 76' lang='lat' dir='ltr'>ejusmodi</span> <span class='ocrx_word' id='word_1_547' title='bbox 877 1700 982 1718; x_wconf 84' lang='lat' dir='ltr'>morem</span> <span class='ocrx_word' id='word_1_548' title='bbox 999 1691 1112 1725; x_wconf 80' lang='lat' dir='ltr'>antiquis</span> <span class='ocrx_word' id='word_1_549' title='bbox 1127 1689 1201 1718; x_wconf 83' lang='lat' dir='ltr'>fuiffe</span> <span class='ocrx_word' id='word_1_550' title='bbox 1214 1691 1279 1718; x_wconf 84' lang='lat' dir='ltr'>dicit</span> <span class='ocrx_word' id='word_1_551' title='bbox 1291 1699 1319 1718; x_wconf 84' lang='lat' dir='ltr'>ut</span> <span class='ocrx_word' id='word_1_552' title='bbox 1335 1692 1362 1718; x_wconf 89' lang='lat' dir='ltr'>in</span> <span class='ocrx_word' id='word_1_553' title='bbox 1377 1690 1537 1718; x_wconf 61' lang='lat' dir='ltr'>dictionibus</span> <span class='ocrx_word' id='word_1_554' title='bbox 1551 1690 1706 1727; x_wconf 78' lang='lat' dir='ltr'>quibuldam</span> <span class='ocrx_word' id='word_1_555' title='bbox 1720 1689 1874 1718; x_wconf 71' lang='lat' dir='ltr'>{ermonem</span> <span class='ocrx_word' id='word_1_556' title='bbox 1889 1700 1919 1719; x_wconf 87' lang='lat' dir='ltr'>ex</span> <span class='ocrx_word' id='word_1_557' title='bbox 1933 1692 2015 1719; x_wconf 83' lang='lat' dir='ltr'>abun-</span> 
     </span>
     <span class='ocr_line' id='line_1_44' title="bbox 434 1728 2015 1767; baseline -0.001 -8"><span class='ocrx_word' id='word_1_558' title='bbox 434 1731 508 1759; x_wconf 80' lang='lat' dir='ltr'>danti</span> <span class='ocrx_word' id='word_1_559' title='bbox 521 1730 664 1761; x_wconf 80' lang='lat' dir='ltr'>adderent,</span> <span class='ocrx_word' id='word_1_560' title='bbox 685 1729 803 1767; x_wconf 83' lang='lat' dir='ltr'>nihilque</span> <span class='ocrx_word' id='word_1_561' title='bbox 817 1729 919 1766; x_wconf 65' lang='lat' dir='ltr'>adjecta</span> <span class='ocrx_word' id='word_1_562' title='bbox 934 1728 1029 1766; x_wconf 78' lang='lat' dir='ltr'>syllaba</span> <span class='ocrx_word' id='word_1_563' title='bbox 1048 1729 1208 1756; x_wconf 54' lang='lat' dir='ltr'>dictionibus</span> <span class='ocrx_word' id='word_1_564' title='bbox 1223 1728 1367 1757; x_wconf 88' lang='lat' dir='ltr'>conferret.</span> <span class='ocrx_word' id='word_1_565' title='bbox 1408 1730 1558 1765; x_wconf 81' lang='lat' dir='ltr'>Qoinodo</span> <span class='ocrx_word' id='word_1_566' title='bbox 1571 1728 1698 1766; x_wconf 79' lang='lat' dir='ltr'>aggrediri</span> <span class='ocrx_word' id='word_1_567' title='bbox 1710 1748 1718 1758; x_wconf 90' lang='grc'><strong><em>,</em></strong></span> <span class='ocrx_word' id='word_1_568' title='bbox 1737 1737 1787 1765; x_wconf 88' lang='lat' dir='ltr'>pro</span> <span class='ocrx_word' id='word_1_569' title='bbox 1801 1729 1927 1766; x_wconf 84' lang='lat' dir='ltr'>aggredi,</span> <span class='ocrx_word' id='word_1_570' title='bbox 1946 1730 2015 1758; x_wconf 87' lang='lat' dir='ltr'>item</span> 
     </span>
     <span class='ocr_line' id='line_1_45' title="bbox 432 1768 859 1804; baseline -0.002 -8"><span class='ocrx_word' id='word_1_571' title='bbox 432 1768 535 1801; x_wconf 78' lang='lat' dir='ltr'>moriri,</span> <span class='ocrx_word' id='word_1_572' title='bbox 556 1777 606 1804; x_wconf 86' lang='lat' dir='ltr'>pro</span> <span class='ocrx_word' id='word_1_573' title='bbox 620 1769 704 1798; x_wconf 86' lang='lat' dir='ltr'>mori,</span> <span class='ocrx_word' id='word_1_574' title='bbox 725 1768 859 1796; x_wconf 83' lang='lat' dir='ltr'>dixerunt.</span> 
     </span>
    </p>

    <p class='ocr_par' dir='ltr' id='par_1_16' title="bbox 432 1803 2047 1957">
     <span class='ocr_line' id='line_1_46' title="bbox 472 1803 2014 1845; baseline 0 -12"><span class='ocrx_word' id='word_1_575' title='bbox 472 1806 608 1842; x_wconf 74' lang='lat' dir='ltr'>Improbat,</span> <span class='ocrx_word' id='word_1_576' title='bbox 629 1805 822 1845; x_wconf 54' lang='lat' dir='ltr'>intestabilisque</span> <span class='ocrx_word' id='word_1_577' title='bbox 834 1805 908 1843; x_wconf 53' lang='lat' dir='ltr'>csta]</span> <span class='ocrx_word' id='word_1_578' title='bbox 929 1804 1076 1843; x_wconf 73' lang='lat' dir='ltr'>Intestabilis</span> <span class='ocrx_word' id='word_1_579' title='bbox 1087 1805 1195 1841; x_wconf 80' lang='lat' dir='ltr'>proprie</span> <span class='ocrx_word' id='word_1_580' title='bbox 1210 1805 1321 1838; x_wconf 85' lang='lat' dir='ltr'>dicitur,</span> <span class='ocrx_word' id='word_1_581' title='bbox 1342 1804 1539 1832; x_wconf 87' lang='lat' dir='ltr'>cuitestimonii</span> <span class='ocrx_word' id='word_1_582' title='bbox 1552 1803 1657 1832; x_wconf 88' lang='lat' dir='ltr'>dicendi</span> <span class='ocrx_word' id='word_1_583' title='bbox 1670 1803 1711 1839; x_wconf 86' lang='lat' dir='ltr'>jus</span> <span class='ocrx_word' id='word_1_584' title='bbox 1725 1814 1781 1832; x_wconf 88' lang='lat' dir='ltr'>non</span> <span class='ocrx_word' id='word_1_585' title='bbox 1796 1805 1844 1832; x_wconf 90' lang='lat' dir='ltr'>est:</span> <span class='ocrx_word' id='word_1_586' title='bbox 1865 1804 2014 1833; x_wconf 85' lang='lat' dir='ltr'>ficuticon-</span> 
     </span>
     <span class='ocr_line' id='line_1_47' title="bbox 433 1842 2047 1884; baseline -0.001 -10"><span class='ocrx_word' id='word_1_587' title='bbox 433 1853 475 1874; x_wconf 86' lang='lat' dir='ltr'>tra</span> <span class='ocrx_word' id='word_1_588' title='bbox 489 1843 607 1884; x_wconf 67' lang='lat' dir='ltr'>testabtlis</span> <span class='ocrx_word' id='word_1_589' title='bbox 618 1845 732 1876; x_wconf 81' lang='lat' dir='ltr'>dicitur,</span> <span class='ocrx_word' id='word_1_590' title='bbox 752 1846 794 1872; x_wconf 91' lang='lat' dir='ltr'>cui</span> <span class='ocrx_word' id='word_1_591' title='bbox 806 1845 849 1881; x_wconf 86' lang='lat' dir='ltr'>jus</span> <span class='ocrx_word' id='word_1_592' title='bbox 863 1844 915 1872; x_wconf 81' lang='lat' dir='ltr'>hcc</span> <span class='ocrx_word' id='word_1_593' title='bbox 926 1846 1017 1873; x_wconf 68' lang='lat' dir='ltr'>datum</span> <span class='ocrx_word' id='word_1_594' title='bbox 1033 1844 1078 1871; x_wconf 85' lang='lat' dir='ltr'>est.</span> <span class='ocrx_word' id='word_1_595' title='bbox 1107 1843 1193 1870; x_wconf 57' lang='lat' dir='ltr'>Postea</span> <span class='ocrx_word' id='word_1_596' title='bbox 1207 1851 1297 1870; x_wconf 89' lang='lat' dir='ltr'>autem</span> <span class='ocrx_word' id='word_1_597' title='bbox 1313 1842 1463 1876; x_wconf 58' lang='lat' dir='ltr'>intestabiles</span> <span class='ocrx_word' id='word_1_598' title='bbox 1477 1843 1557 1871; x_wconf 88' lang='lat' dir='ltr'>etiam</span> <span class='ocrx_word' id='word_1_599' title='bbox 1572 1843 1599 1870; x_wconf 92' lang='lat' dir='ltr'>in</span> <span class='ocrx_word' id='word_1_600' title='bbox 1613 1843 1730 1878; x_wconf 74' lang='lat' dir='ltr'>patiendi</span> <span class='ocrx_word' id='word_1_601' title='bbox 1743 1843 1932 1880; x_wconf 75' lang='lat' dir='ltr'>iignificatione</span> <span class='ocrx_word' id='word_1_602' title='bbox 1946 1844 2013 1872; x_wconf 68' lang='lat' dir='ltr'>dieti</span> <span class='ocrx_word' id='word_1_603' title='bbox 2043 1858 2047 1861; x_wconf 87' lang='lat'><em>·</em></span> 
     </span>
     <span class='ocr_line' id='line_1_48' title="bbox 432 1879 2012 1920; baseline -0.004 -9"><span class='ocrx_word' id='word_1_604' title='bbox 432 1883 506 1917; x_wconf 88' lang='lat' dir='ltr'>sunt,</span> <span class='ocrx_word' id='word_1_605' title='bbox 527 1882 620 1920; x_wconf 90' lang='lat' dir='ltr'>quibus</span> <span class='ocrx_word' id='word_1_606' title='bbox 632 1884 817 1911; x_wconf 85' lang='lat' dir='ltr'>testimonium</span> <span class='ocrx_word' id='word_1_607' title='bbox 833 1892 888 1910; x_wconf 92' lang='lat' dir='ltr'>non</span> <span class='ocrx_word' id='word_1_608' title='bbox 902 1884 1006 1910; x_wconf 82' lang='lat' dir='ltr'>dicitur.</span> <span class='ocrx_word' id='word_1_609' title='bbox 1035 1882 1105 1908; x_wconf 86' lang='lat' dir='ltr'>Hinc</span> <span class='ocrx_word' id='word_1_610' title='bbox 1119 1883 1198 1916; x_wconf 78' lang='lat' dir='ltr'>cajus</span> <span class='ocrx_word' id='word_1_611' title='bbox 1210 1882 1246 1909; x_wconf 83' lang='lat' dir='ltr'>ait</span> <span class='ocrx_word' id='word_1_612' title='bbox 1259 1893 1263 1907; x_wconf 82' lang='lat' dir='ltr'>z</span> <span class='ocrx_word' id='word_1_613' title='bbox 1291 1883 1362 1909; x_wconf 88' lang='lat' dir='ltr'>Cum</span> <span class='ocrx_word' id='word_1_614' title='bbox 1379 1882 1436 1919; x_wconf 85' lang='lat' dir='ltr'>lege</span> <span class='ocrx_word' id='word_1_615' title='bbox 1450 1882 1507 1918; x_wconf 87' lang='lat' dir='ltr'>quis</span> <span class='ocrx_word' id='word_1_616' title='bbox 1519 1879 1665 1918; x_wconf 74' lang='lat' dir='ltr'>intestabtln</span> <span class='ocrx_word' id='word_1_617' title='bbox 1677 1880 1784 1915; x_wconf 82' lang='lat' dir='ltr'>jubetur</span> <span class='ocrx_word' id='word_1_618' title='bbox 1796 1880 1861 1911; x_wconf 79' lang='lat' dir='ltr'>effe,</span> <span class='ocrx_word' id='word_1_619' title='bbox 1882 1890 1915 1907; x_wconf 90' lang='lat' dir='ltr'>eo</span> <span class='ocrx_word' id='word_1_620' title='bbox 1930 1883 2012 1917; x_wconf 71' lang='lat' dir='ltr'>perti-</span> 
     </span>
     <span class='ocr_line' id='line_1_49' title="bbox 432 1917 1992 1957; baseline -0.002 -6"><span class='ocrx_word' id='word_1_621' title='bbox 432 1930 494 1955; x_wconf 84' lang='lat' dir='ltr'>net,</span> <span class='ocrx_word' id='word_1_622' title='bbox 514 1931 548 1950; x_wconf 86' lang='lat' dir='ltr'>ne</span> <span class='ocrx_word' id='word_1_623' title='bbox 562 1921 618 1957; x_wconf 80' lang='lat' dir='ltr'>ejus</span> <span class='ocrx_word' id='word_1_624' title='bbox 634 1922 817 1949; x_wconf 84' lang='lat' dir='ltr'>testimonium</span> <span class='ocrx_word' id='word_1_625' title='bbox 831 1921 986 1957; x_wconf 84' lang='lat' dir='ltr'>recipiatur,</span> <span class='ocrx_word' id='word_1_626' title='bbox 1009 1922 1036 1948; x_wconf 82' lang='lat'>&amp;</span> <span class='ocrx_word' id='word_1_627' title='bbox 1050 1929 1082 1947; x_wconf 89' lang='lat' dir='ltr'>co</span> <span class='ocrx_word' id='word_1_628' title='bbox 1098 1919 1226 1956; x_wconf 86' lang='lat' dir='ltr'>amplius,</span> <span class='ocrx_word' id='word_1_629' title='bbox 1247 1926 1276 1948; x_wconf 88' lang='lat' dir='ltr'>ut</span> <span class='ocrx_word' id='word_1_630' title='bbox 1289 1920 1399 1957; x_wconf 87' lang='lat' dir='ltr'>quidam</span> <span class='ocrx_word' id='word_1_631' title='bbox 1413 1925 1522 1956; x_wconf 82' lang='lat' dir='ltr'>putant,</span> <span class='ocrx_word' id='word_1_632' title='bbox 1542 1928 1609 1947; x_wconf 89' lang='lat' dir='ltr'>neve</span> <span class='ocrx_word' id='word_1_633' title='bbox 1622 1917 1669 1955; x_wconf 79' lang='lat' dir='ltr'>ipfi</span> <span class='ocrx_word' id='word_1_634' title='bbox 1682 1919 1784 1946; x_wconf 87' lang='lat' dir='ltr'>dicatur</span> <span class='ocrx_word' id='word_1_635' title='bbox 1797 1919 1992 1950; x_wconf 81' lang='lat' dir='ltr'>testimonium.</span> 
     </span>
    </p>
   </div>
   <div class='ocr_carea' id='block_1_10' title="bbox 597 1986 1863 2042">
    <p class='ocr_par' dir='ltr' id='par_1_17' title="bbox 597 1986 1863 2042">
     <span class='ocr_line' id='line_1_50' title="bbox 597 1986 1863 2042; baseline -0.005 -16"><span class='ocrx_word' id='word_1_636' title='bbox 597 1992 674 2028; x_wconf 89' lang='lat' dir='ltr'>XV.</span> <span class='ocrx_word' id='word_1_637' title='bbox 700 1991 808 2038; x_wconf 72' lang='lat' dir='ltr'>Utique</span> <span class='ocrx_word' id='word_1_638' title='bbox 813 1988 885 2036; x_wconf 84' lang='lat' dir='ltr'>filii</span> <span class='ocrx_word' id='word_1_639' title='bbox 900 2015 909 2032; x_wconf 89' lang='lat'><em>,</em></span> <span class='ocrx_word' id='word_1_640' title='bbox 925 1988 1059 2038; x_wconf 49' lang='lat' dir='ltr'>filiaeque</span> <span class='ocrx_word' id='word_1_641' title='bbox 1066 1990 1217 2038; x_wconf 76' lang='lat' dir='ltr'>familias</span> <span class='ocrx_word' id='word_1_642' title='bbox 1234 1988 1376 2025; x_wconf 80' lang='lat' dir='ltr'>bonorum</span> <span class='ocrx_word' id='word_1_643' title='bbox 1384 1989 1433 2037; x_wconf 59' lang='lat' dir='ltr'>fiii</span> <span class='ocrx_word' id='word_1_644' title='bbox 1448 2017 1458 2034; x_wconf 93' lang='lat'>‚</span> <span class='ocrx_word' id='word_1_645' title='bbox 1476 1990 1588 2042; x_wconf 70' lang='lat' dir='ltr'>[itaque</span> <span class='ocrx_word' id='word_1_646' title='bbox 1601 1986 1728 2022; x_wconf 77' lang='lat' dir='ltr'>haeredes</span> <span class='ocrx_word' id='word_1_647' title='bbox 1741 1987 1836 2034; x_wconf 77' lang='lat' dir='ltr'>efflnt.</span> <span class='ocrx_word' id='word_1_648' title='bbox 1854 2031 1863 2040; x_wconf 49' lang='lat'><strong>·</strong></span> 
     </span>
    </p>
   </div>
   <div class='ocr_carea' id='block_1_11' title="bbox 431 2062 2038 2440">
    <p class='ocr_par' dir='ltr' id='par_1_18' title="bbox 473 2062 1530 2100">
     <span class='ocr_line' id='line_1_51' title="bbox 473 2062 1530 2100; baseline -0.002 -9"><span class='ocrx_word' id='word_1_649' title='bbox 473 2064 673 2091; x_wconf 87' lang='lat' dir='ltr'>Testimonium</span> <span class='ocrx_word' id='word_1_650' title='bbox 688 2063 765 2097; x_wconf 81' lang='lat' dir='ltr'>hujus</span> <span class='ocrx_word' id='word_1_651' title='bbox 780 2063 871 2098; x_wconf 81' lang='lat' dir='ltr'>capitis</span> <span class='ocrx_word' id='word_1_652' title='bbox 884 2069 955 2091; x_wconf 86' lang='lat' dir='ltr'>extat</span> <span class='ocrx_word' id='word_1_653' title='bbox 968 2063 1037 2099; x_wconf 86' lang='lat' dir='ltr'>apud</span> <span class='ocrx_word' id='word_1_654' title='bbox 1054 2062 1225 2100; x_wconf 71' lang='lat' dir='ltr'>justinianum</span> <span class='ocrx_word' id='word_1_655' title='bbox 1239 2063 1323 2091; x_wconf 82' lang='lat' dir='ltr'>Instit.</span> <span class='ocrx_word' id='word_1_656' title='bbox 1334 2062 1379 2091; x_wconf 85' lang='lat' dir='ltr'>lib.</span> <span class='ocrx_word' id='word_1_657' title='bbox 1395 2072 1419 2090; x_wconf 85' lang='lat'>2.</span> <span class='ocrx_word' id='word_1_658' title='bbox 1434 2064 1475 2092; x_wconf 90' lang='lat' dir='ltr'>tit.</span> <span class='ocrx_word' id='word_1_659' title='bbox 1489 2072 1530 2099; x_wconf 84' lang='lat'>19.</span> 
     </span>
    </p>

    <p class='ocr_par' dir='ltr' id='par_1_19' title="bbox 436 2097 2038 2176">
     <span class='ocr_line' id='line_1_52' title="bbox 475 2097 2038 2139; baseline 0.001 -11"><span class='ocrx_word' id='word_1_660' title='bbox 475 2104 624 2138; x_wconf 80' lang='lat' dir='ltr'>Sequuntur</span> <span class='ocrx_word' id='word_1_661' title='bbox 639 2111 710 2130; x_wconf 90' lang='lat' dir='ltr'>nunc</span> <span class='ocrx_word' id='word_1_662' title='bbox 723 2101 794 2137; x_wconf 87' lang='lat' dir='ltr'>leges</span> <span class='ocrx_word' id='word_1_663' title='bbox 808 2100 908 2138; x_wconf 83' lang='lat' dir='ltr'>aliquot</span> <span class='ocrx_word' id='word_1_664' title='bbox 920 2101 951 2128; x_wconf 78' lang='lat' dir='ltr'>de</span> <span class='ocrx_word' id='word_1_665' title='bbox 963 2101 1109 2133; x_wconf 61' lang='lat' dir='ltr'>haereafibm,</span> <span class='ocrx_word' id='word_1_666' title='bbox 1131 2112 1185 2139; x_wconf 93' lang='lat' dir='ltr'>quo</span> <span class='ocrx_word' id='word_1_667' title='bbox 1198 2103 1293 2130; x_wconf 86' lang='lat' dir='ltr'>ordine</span> <span class='ocrx_word' id='word_1_668' title='bbox 1305 2101 1341 2129; x_wconf 93' lang='lat' dir='ltr'>illi</span> <span class='ocrx_word' id='word_1_669' title='bbox 1355 2101 1401 2129; x_wconf 82' lang='lat' dir='ltr'>fibi</span> <span class='ocrx_word' id='word_1_670' title='bbox 1412 2101 1528 2129; x_wconf 88' lang='lat' dir='ltr'>invicem</span> <span class='ocrx_word' id='word_1_671' title='bbox 1541 2098 1679 2128; x_wconf 88' lang='lat' dir='ltr'>succedere</span> <span class='ocrx_word' id='word_1_672' title='bbox 1694 2097 1816 2126; x_wconf 85' lang='lat' dir='ltr'>debeant.</span> <span class='ocrx_word' id='word_1_673' title='bbox 1841 2100 1907 2127; x_wconf 88' lang='lat' dir='ltr'>Haec</span> <span class='ocrx_word' id='word_1_674' title='bbox 1919 2105 2010 2129; x_wconf 82' lang='lat' dir='ltr'>autem</span> <span class='ocrx_word' id='word_1_675' title='bbox 2032 2111 2038 2124; x_wconf 66' lang='grc'>’-</span> 
     </span>
     <span class='ocr_line' id='line_1_53' title="bbox 436 2135 2036 2176; baseline -0.001 -11"><span class='ocrx_word' id='word_1_676' title='bbox 436 2147 518 2176; x_wconf 83' lang='lat' dir='ltr'>quam</span> <span class='ocrx_word' id='word_1_677' title='bbox 531 2140 638 2167; x_wconf 80' lang='lat' dir='ltr'>recitavi</span> <span class='ocrx_word' id='word_1_678' title='bbox 652 2140 710 2171; x_wconf 79' lang='lat' dir='ltr'>lex,</span> <span class='ocrx_word' id='word_1_679' title='bbox 732 2139 789 2167; x_wconf 91' lang='lat' dir='ltr'>vult</span> <span class='ocrx_word' id='word_1_680' title='bbox 802 2147 830 2166; x_wconf 89' lang='lat' dir='ltr'>ut</span> <span class='ocrx_word' id='word_1_681' title='bbox 844 2139 963 2176; x_wconf 84' lang='lat' dir='ltr'>primum</span> <span class='ocrx_word' id='word_1_682' title='bbox 982 2139 1073 2167; x_wconf 88' lang='lat' dir='ltr'>locum</span> <span class='ocrx_word' id='word_1_683' title='bbox 1089 2141 1158 2168; x_wconf 90' lang='lat' dir='ltr'>inter</span> <span class='ocrx_word' id='word_1_684' title='bbox 1171 2140 1274 2167; x_wconf 64' lang='lat' dir='ltr'>haeredes</span> <span class='ocrx_word' id='word_1_685' title='bbox 1285 2139 1397 2168; x_wconf 85' lang='lat' dir='ltr'>habeant</span> <span class='ocrx_word' id='word_1_686' title='bbox 1411 2138 1473 2171; x_wconf 83' lang='lat' dir='ltr'>filii,</span> <span class='ocrx_word' id='word_1_687' title='bbox 1482 2136 1596 2176; x_wconf 69' lang='lat' dir='ltr'>filiaque</span> <span class='ocrx_word' id='word_1_688' title='bbox 1610 2137 1731 2165; x_wconf 84' lang='lat' dir='ltr'>familias.</span> <span class='ocrx_word' id='word_1_689' title='bbox 2026 2135 2036 2173; x_wconf 55' lang='grc' dir='ltr'><em>ξ</em></span> 
     </span>
    </p>

    <p class='ocr_par' dir='ltr' id='par_1_20' title="bbox 437 2173 2037 2292">
     <span class='ocr_line' id='line_1_54' title="bbox 474 2173 2010 2215; baseline 0 -13"><span class='ocrx_word' id='word_1_690' title='bbox 474 2175 624 2215; x_wconf 59' lang='lat' dir='ltr'>Suifieaeque</span> <span class='ocrx_word' id='word_1_691' title='bbox 635 2178 738 2204; x_wconf 62' lang='lat' dir='ltr'>har-edes</span> <span class='ocrx_word' id='word_1_692' title='bbox 749 2175 833 2214; x_wconf 77' lang='lat' dir='ltr'>essent.</span> <span class='ocrx_word' id='word_1_693' title='bbox 849 2178 862 2213; x_wconf 95' lang='lat'>]</span> <span class='ocrx_word' id='word_1_694' title='bbox 891 2177 955 2205; x_wconf 90' lang='lat' dir='ltr'>Tria</span> <span class='ocrx_word' id='word_1_695' title='bbox 967 2178 1092 2205; x_wconf 68' lang='lat' dir='ltr'>haredum</span> <span class='ocrx_word' id='word_1_696' title='bbox 1105 2188 1202 2215; x_wconf 85' lang='lat' dir='ltr'>genera</span> <span class='ocrx_word' id='word_1_697' title='bbox 1216 2177 1229 2205; x_wconf 70' lang='grc' dir='ltr'>ἐι</span> <span class='ocrx_word' id='word_1_698' title='bbox 1246 2177 1435 2215; x_wconf 79' lang='lat' dir='ltr'>jurisconsultis</span> <span class='ocrx_word' id='word_1_699' title='bbox 1453 2178 1601 2204; x_wconf 82' lang='lat' dir='ltr'>traduntur.</span> <span class='ocrx_word' id='word_1_700' title='bbox 1641 2177 1695 2204; x_wconf 90' lang='lat' dir='ltr'>Aut</span> <span class='ocrx_word' id='word_1_701' title='bbox 1709 2175 1781 2202; x_wconf 86' lang='lat' dir='ltr'>enim</span> <span class='ocrx_word' id='word_1_702' title='bbox 1796 2173 1856 2203; x_wconf 87' lang='lat' dir='ltr'>sunt</span> <span class='ocrx_word' id='word_1_703' title='bbox 1867 2174 2010 2212; x_wconf 63' lang='lat' dir='ltr'>neceffixrii:</span> 
     </span>
     <span class='ocr_line' id='line_1_55' title="bbox 438 2213 2037 2254; baseline 0 -12"><span class='ocrx_word' id='word_1_704' title='bbox 438 2221 482 2242; x_wconf 76' lang='lat' dir='ltr'>aut</span> <span class='ocrx_word' id='word_1_705' title='bbox 495 2213 533 2240; x_wconf 88' lang='lat' dir='ltr'>sui</span> <span class='ocrx_word' id='word_1_706' title='bbox 548 2217 573 2242; x_wconf 70' lang='grc' dir='ltr'>ὃ(</span> <span class='ocrx_word' id='word_1_707' title='bbox 587 2216 719 2243; x_wconf 69' lang='lat' dir='ltr'>necessarii</span> <span class='ocrx_word' id='word_1_708' title='bbox 733 2225 739 2242; x_wconf 69' lang='grc' dir='ltr'><strong><em>ι</em></strong></span> <span class='ocrx_word' id='word_1_709' title='bbox 760 2223 804 2244; x_wconf 86' lang='lat' dir='ltr'>aut</span> <span class='ocrx_word' id='word_1_710' title='bbox 823 2214 948 2243; x_wconf 70' lang='lat' dir='ltr'>extranei.</span> <span class='ocrx_word' id='word_1_711' title='bbox 987 2215 1139 2254; x_wconf 72' lang='lat' dir='ltr'>Neceffzrius</span> <span class='ocrx_word' id='word_1_712' title='bbox 1158 2217 1230 2244; x_wconf 71' lang='lat' dir='ltr'>hares</span> <span class='ocrx_word' id='word_1_713' title='bbox 1244 2217 1281 2244; x_wconf 89' lang='lat' dir='ltr'>est</span> <span class='ocrx_word' id='word_1_714' title='bbox 1298 2215 1386 2245; x_wconf 88' lang='lat' dir='ltr'>servus</span> <span class='ocrx_word' id='word_1_715' title='bbox 1398 2215 1478 2244; x_wconf 83' lang='lat' dir='ltr'>haeres</span> <span class='ocrx_word' id='word_1_716' title='bbox 1491 2215 1622 2243; x_wconf 83' lang='lat' dir='ltr'>institutus</span> <span class='ocrx_word' id='word_1_717' title='bbox 1637 2224 1642 2241; x_wconf 86' lang='lat'><strong>:</strong></span> <span class='ocrx_word' id='word_1_718' title='bbox 1662 2214 1778 2250; x_wconf 84' lang='lat' dir='ltr'>ideoque</span> <span class='ocrx_word' id='word_1_719' title='bbox 1797 2213 1832 2240; x_wconf 84' lang='lat' dir='ltr'>fic</span> <span class='ocrx_word' id='word_1_720' title='bbox 1848 2213 2007 2251; x_wconf 82' lang='lat' dir='ltr'>appellatur,</span> <span class='ocrx_word' id='word_1_721' title='bbox 2029 2214 2037 2219; x_wconf 74' lang='grc'><strong>”</strong></span> 
     </span>
     <span class='ocr_line' id='line_1_56' title="bbox 437 2251 1875 2292; baseline -0.001 -12"><span class='ocrx_word' id='word_1_722' title='bbox 437 2252 497 2290; x_wconf 81' lang='lat' dir='ltr'>quia</span> <span class='ocrx_word' id='word_1_723' title='bbox 510 2251 562 2279; x_wconf 84' lang='lat' dir='ltr'>five</span> <span class='ocrx_word' id='word_1_724' title='bbox 577 2251 652 2282; x_wconf 84' lang='lat' dir='ltr'>velit,</span> <span class='ocrx_word' id='word_1_725' title='bbox 673 2253 723 2280; x_wconf 85' lang='lat' dir='ltr'>five</span> <span class='ocrx_word' id='word_1_726' title='bbox 737 2254 819 2286; x_wconf 78' lang='lat' dir='ltr'>nolit,</span> <span class='ocrx_word' id='word_1_727' title='bbox 840 2255 956 2282; x_wconf 85' lang='lat' dir='ltr'>omnino</span> <span class='ocrx_word' id='word_1_728' title='bbox 969 2255 1027 2292; x_wconf 88' lang='lat' dir='ltr'>post</span> <span class='ocrx_word' id='word_1_729' title='bbox 1042 2263 1162 2284; x_wconf 84' lang='lat' dir='ltr'>mortem</span> <span class='ocrx_word' id='word_1_730' title='bbox 1175 2255 1306 2283; x_wconf 82' lang='lat' dir='ltr'>testatoris</span> <span class='ocrx_word' id='word_1_731' title='bbox 1318 2255 1439 2292; x_wconf 86' lang='lat' dir='ltr'>protinus</span> <span class='ocrx_word' id='word_1_732' title='bbox 1454 2253 1520 2281; x_wconf 87' lang='lat' dir='ltr'>liber</span> <span class='ocrx_word' id='word_1_733' title='bbox 1535 2256 1561 2282; x_wconf 73' lang='grc' dir='ltr'>δε</span> <span class='ocrx_word' id='word_1_734' title='bbox 1577 2252 1731 2280; x_wconf 74' lang='lat' dir='ltr'>necessarius</span> <span class='ocrx_word' id='word_1_735' title='bbox 1745 2251 1825 2278; x_wconf 83' lang='lat' dir='ltr'>haeres</span> <span class='ocrx_word' id='word_1_736' title='bbox 1838 2251 1875 2279; x_wconf 81' lang='lat' dir='ltr'>fit.</span> 
     </span>
    </p>

    <p class='ocr_par' dir='ltr' id='par_1_21' title="bbox 431 2288 2022 2408">
     <span class='ocr_line' id='line_1_57' title="bbox 475 2288 2008 2332; baseline -0.001 -14"><span class='ocrx_word' id='word_1_737' title='bbox 475 2290 522 2318; x_wconf 85' lang='lat' dir='ltr'>Sui</span> <span class='ocrx_word' id='word_1_738' title='bbox 532 2297 624 2318; x_wconf 90' lang='lat' dir='ltr'>autem</span> <span class='ocrx_word' id='word_1_739' title='bbox 639 2291 664 2317; x_wconf 67' lang='grc' dir='ltr'>ὃ(</span> <span class='ocrx_word' id='word_1_740' title='bbox 677 2291 912 2327; x_wconf 72' lang='lat' dir='ltr'>neceffiiriihaeredes</span> <span class='ocrx_word' id='word_1_741' title='bbox 924 2292 997 2325; x_wconf 86' lang='lat' dir='ltr'>sunt,</span> <span class='ocrx_word' id='word_1_742' title='bbox 1017 2292 1194 2332; x_wconf 72' lang='lat' dir='ltr'>volutifiliur,</span> <span class='ocrx_word' id='word_1_743' title='bbox 1204 2292 1284 2332; x_wconf 74' lang='lat' dir='ltr'>filia,</span> <span class='ocrx_word' id='word_1_744' title='bbox 1305 2301 1401 2329; x_wconf 85' lang='lat' dir='ltr'>nepos,</span> <span class='ocrx_word' id='word_1_745' title='bbox 1410 2291 1530 2328; x_wconf 86' lang='lat' dir='ltr'>neptisve</span> <span class='ocrx_word' id='word_1_746' title='bbox 1541 2301 1573 2320; x_wconf 90' lang='lat' dir='ltr'>ex</span> <span class='ocrx_word' id='word_1_747' title='bbox 1587 2291 1636 2319; x_wconf 78' lang='lat' dir='ltr'>filia</span> <span class='ocrx_word' id='word_1_748' title='bbox 1646 2311 1652 2321; x_wconf 90' lang='lat'><em>,</em></span> <span class='ocrx_word' id='word_1_749' title='bbox 1661 2290 1818 2325; x_wconf 88' lang='lat' dir='ltr'>&amp;deinceps</span> <span class='ocrx_word' id='word_1_750' title='bbox 1825 2289 1911 2316; x_wconf 84' lang='lat' dir='ltr'>caeteri</span> <span class='ocrx_word' id='word_1_751' title='bbox 1921 2288 2008 2322; x_wconf 78' lang='lat' dir='ltr'>liberi.</span> 
     </span>
     <span class='ocr_line' id='line_1_58' title="bbox 434 2325 2008 2369; baseline -0.001 -14"><span class='ocrx_word' id='word_1_752' title='bbox 434 2331 480 2368; x_wconf 87' lang='lat' dir='ltr'>qui</span> <span class='ocrx_word' id='word_1_753' title='bbox 494 2330 521 2356; x_wconf 89' lang='lat' dir='ltr'>in</span> <span class='ocrx_word' id='word_1_754' title='bbox 533 2327 661 2364; x_wconf 84' lang='lat' dir='ltr'>potestate</span> <span class='ocrx_word' id='word_1_755' title='bbox 673 2330 810 2356; x_wconf 83' lang='lat' dir='ltr'>morientis</span> <span class='ocrx_word' id='word_1_756' title='bbox 821 2331 907 2358; x_wconf 89' lang='lat' dir='ltr'>modo</span> <span class='ocrx_word' id='word_1_757' title='bbox 921 2331 1036 2360; x_wconf 86' lang='lat' dir='ltr'>fuerunt.</span> <span class='ocrx_word' id='word_1_758' title='bbox 1063 2332 1151 2369; x_wconf 88' lang='lat' dir='ltr'>Atque</span> <span class='ocrx_word' id='word_1_759' title='bbox 1161 2331 1187 2360; x_wconf 91' lang='lat' dir='ltr'>hi</span> <span class='ocrx_word' id='word_1_760' title='bbox 1200 2332 1309 2368; x_wconf 87' lang='lat' dir='ltr'>quidem</span> <span class='ocrx_word' id='word_1_761' title='bbox 1315 2330 1359 2365; x_wconf 71' lang='lat' dir='ltr'>fia‘</span> <span class='ocrx_word' id='word_1_762' title='bbox 1372 2331 1475 2358; x_wconf 78' lang='lat' dir='ltr'>luredes</span> <span class='ocrx_word' id='word_1_763' title='bbox 1486 2331 1548 2358; x_wconf 84' lang='lat' dir='ltr'>ideo</span> <span class='ocrx_word' id='word_1_764' title='bbox 1560 2328 1738 2366; x_wconf 85' lang='lat' dir='ltr'>appellantur,</span> <span class='ocrx_word' id='word_1_765' title='bbox 1758 2327 1818 2363; x_wconf 81' lang='lat' dir='ltr'>quia</span> <span class='ocrx_word' id='word_1_766' title='bbox 1829 2325 1954 2364; x_wconf 51' lang='lat' dir='ltr'>domestici·</span> <span class='ocrx_word' id='word_1_767' title='bbox 1963 2329 2008 2355; x_wconf 66' lang='lat' dir='ltr'>hae-</span> 
     </span>
     <span class='ocr_line' id='line_1_59' title="bbox 431 2363 2022 2408; baseline -0.004 -12"><span class='ocrx_word' id='word_1_768' title='bbox 431 2369 501 2397; x_wconf 72' lang='lat' dir='ltr'>redes</span> <span class='ocrx_word' id='word_1_769' title='bbox 510 2367 584 2400; x_wconf 83' lang='lat' dir='ltr'>sunt,</span> <span class='ocrx_word' id='word_1_770' title='bbox 604 2365 701 2405; x_wconf 66' lang='lat' dir='ltr'>&amp;vivo</span> <span class='ocrx_word' id='word_1_771' title='bbox 709 2374 815 2404; x_wconf 74' lang='lat' dir='ltr'>quoque</span> <span class='ocrx_word' id='word_1_772' title='bbox 821 2375 896 2404; x_wconf 83' lang='lat' dir='ltr'>patre</span> <span class='ocrx_word' id='word_1_773' title='bbox 903 2370 1109 2407; x_wconf 77' lang='lat' dir='ltr'>quodammodo</span> <span class='ocrx_word' id='word_1_774' title='bbox 1117 2370 1223 2400; x_wconf 83' lang='lat' dir='ltr'>domini</span> <span class='ocrx_word' id='word_1_775' title='bbox 1230 2369 1425 2399; x_wconf 79' lang='lat' dir='ltr'>existimantur:</span> <span class='ocrx_word' id='word_1_776' title='bbox 1445 2369 1516 2397; x_wconf 88' lang='lat' dir='ltr'>unde</span> <span class='ocrx_word' id='word_1_777' title='bbox 1527 2367 1631 2398; x_wconf 75' lang='lat' dir='ltr'>etiamfi</span> <span class='ocrx_word' id='word_1_778' title='bbox 1646 2366 1702 2403; x_wconf 87' lang='lat' dir='ltr'>quis</span> <span class='ocrx_word' id='word_1_779' title='bbox 1715 2363 1847 2402; x_wconf 71' lang='lat' dir='ltr'>intestatus</span> <span class='ocrx_word' id='word_1_780' title='bbox 1861 2366 2006 2408; x_wconf 56' lang='lat' dir='ltr'>moriatur,</span> <span class='ocrx_word' id='word_1_781' title='bbox 2020 2387 2022 2389; x_wconf 73' lang='grc'><strong>,</strong></span> 
     </span>
    </p>

    <p class='ocr_par' dir='ltr' id='par_1_22' title="bbox 1917 2411 2007 2440">
     <span class='ocr_line' id='line_1_60' title="bbox 1917 2411 2007 2440; baseline 0.033 -10"><span class='ocrx_word' id='word_1_782' title='bbox 1917 2411 2007 2440; x_wconf 65' lang='lat' dir='ltr'>prima</span> 
     </span>
    </p>
   </div>
  </div>
 </body>
</html>
