2075 2734
277 87 1424 119 Denarrouanocsunnnumstouffen-‚a
1593 97 1641 126 551

107 147 191 175 Porro
199 141 265 179 juris
278 141 360 170 civilis
376 141 464 178 scripti
480 141 526 176 (de
540 139 588 167 hac
602 137 679 178 enim·
689 137 798 173 proprie
811 136 928 176 agimus)
942 135 1039 170 species
1053 136 1222 165 recensentur
1235 136 1248 164 ὲ
1261 136 1403 173 festiniano
1416 139 1461 167 lib.
1476 141 1581 169 1.tit.2.
1592 141 1648 171 sex:

70 185 127 217 lex,
142 181 310 218 plebifiitum‚
322 179 575 217 finatch'orglioltum,
595 181 739 209 I’rmctpum
748 174 858 209 pluma,
878 172 1072 210 magstratuum
1085 173 1182 206 edidh,
1203 175 1243 208 <⁶5
1255 176 1534 211 responfiuprudemum.

109 227 163 250 Lex
184 221 220 247 est
234 241 241 251 ‚
267 219 407 248 definitore
427 216 577 255 Justiniano
591 235 599 246 ,
625 214 698 250 quod
709 212 810 247 populus
825 217 951 239 Romanus
963 211 1088 245 finatorio
1105 212 1254 250 magistratu
1273 222 1443 252 mterrogante
1463 216 1557 251 (veluti
1577 219 1652 246 Con-

71 260 135 296 sule)
149 256 315 296 constituebat.
338 257 441 292 Attejus
456 255 552 291 Capito
565 252 633 293 apud
652 251 779 288 Agellzum
794 250 838 278 lib.
859 260 899 277 10.
913 258 969 285 cap.
987 259 1031 279 22.
1043 250 1083 277 his
1098 252 1183 279 verbis
1198 252 1284 289 legem
1299 253 1434 282 definivit:
1457 259 1527 287 Lex,
1548 257 1651 293 inquit,

70 297 102 336 4st
113 296 233 336 generale
238 295 335 333 jaffum
343 293 441 329 populi,
461 300 506 319 aut
513 289 611 326 plebe„
626 298 728 328 rogante
741 287 891 327 magistratu
901 300 909 315 .·
929 297 986 325 quae
1000 288 1121 317 definitio
1136 288 1148 317 a
1163 291 1245 326 priori
1259 291 1375 319 dillentit
1386 312 1394 324 ‚
1415 294 1486 330 quod
1500 293 1599 323 scilicet
1613 295 1650 322 est

71 335 238 375 generalior,
261 337 286 363 ὅ(
300 334 332 361 ad
348 330 481 369 plebiscita
495 330 576 358 etiam
592 330 717 365 pertinet.

110 372 269 404 Plebrftitum
283 372 318 399 est
330 392 338 403 ,
365 369 435 407 quod
450 368 524 405 plebs
536 367 643 404 plebejo
658 366 812 403 magistratu
825 365 1006 401 interrogante
1019 363 1116 399 (veluti
1128 365 1247 400 tribuno)
1265 367 1438 396 constituebat
1452 379 1457 396 :
1477 368 1545 403 plebs
1557 377 1648 398 autem

72 411 86 440 ὲ
101 411 186 446 populo
203 420 235 438 eo
250 409 340 437 differt
350 429 358 439 ,
379 417 433 444 quo
447 406 544 443 species
558 406 571 433 a
584 414 691 443 genere.
732 406 805 432 Nam
818 402 995 440 appellatione
1004 402 1087 436 populi
1097 423 1104 433 ‚
1124 404 1237 431 univerfi
1251 405 1321 432 cives
1336 405 1513 442 fignificantur
1523 428 1531 440 ,
1549 417 1650 436 connu-

70 451 179 478 meratis
200 449 280 476 etiam
299 446 414 483 patriciis
429 466 435 476 ,
463 447 489 473 ὃ(
510 443 689 471 senatoribus:
710 441 788 476 plebis
806 449 896 470 autem
914 439 1090 477 appellatione
1109 439 1163 467 fine
1183 442 1298 474 plnum}
1318 446 1348 471 &-
1361 444 1536 478 frontonem,
1563 447 1651 475 caeteri

70 487 134 515 cives
147 486 331 524 fignificantur.
372 484 443 511 Hinc
456 482 469 510 εὶ
485 484 616 519 Capitone
623 480 778 516 plebifizmm
793 479 931 510 definitur,
950 478 991 504 lex
1005 486 1082 515 quam
1095 477 1173 511 plebs,
1196 489 1244 505 ⁷³02}
1254 481 1355 513 populus
1368 481 1462 516 accipit.
1497 487 1601 512 Verum
1616 486 1649 513 dc

71 526 223 553 discrimine
236 524 303 550 inter
312 520 408 556 plebem
424 524 449 550 ἔκ*
458 521 589 555 populum,
610 519 679 547 libro
692 520 783 555 primo
798 518 855 546 satis
870 517 953 544 multa
967 517 1092 543 diximus.

109 560 347 596 Senmusc'mlioltum
365 560 401 587 est
415 580 424 591 ‚
449 560 516 598 quod
527 560 633 593 jonatus
644 557 719 593 jubet
732 577 740 589 ‚
763 565 841 596 atque
859 552 991 592 constituit.
1034 555 1107 581 Nam
1128 563 1189 581 cum
1205 555 1295 582 aristus
1311 557 1372 585 esset
1386 559 1495 596 populus
1510 561 1651 588 Romanus

70 602 98 629 in
111 609 173 628 eum
189 598 302 626 modum
313 618 319 629 ‚
345 604 374 625 ut
389 597 499 625 difficile
512 597 576 625 effet
591 598 618 624 in
632 605 716 625 unum
730 605 793 623 eum
808 592 950 623 convocari
965 592 1030 630 legis
1046 591 1190 620 sancienda.-
1205 602 1293 625 cau.a‚
1319 604 1425 632 aequum
1440 597 1524 626 visum
1542 599 1592 631 est,
1610 599 1653 634 ft-

68 646 160 667 natum
173 637 230 664 vice
243 636 337 672 populi
350 635 458 664 consuli.
478 636 528 662 Sed
543 638 569 663 ὃ(
584 636 617 662 de
630 634 670 662 his
683 633 734 661 alio
746 634 807 661 loco
821 632 945 661 diximus.

108 673 254 709 Principum
269 673 364 709 placita
384 673 444 702 sunt
458 695 465 707 ‚
491 682 654 710 quotcunque
667 676 804 707 Imperator
816 680 863 708 per
877 668 1012 706 epistolam
1027 668 1164 697 constituit
1177 690 1185 701 ‚
1211 668 1253 696 vel
1269 670 1431 707 cognoscens
1445 672 1562 703 decrevit
1576 695 1584 706 ‚
1609 674 1652 702 vel

70 714 158 743 edidto
172 714 296 749 praecepit
310 733 317 743 ,
343 721 426 749 eaque
442 713 524 740 etiarn
540 710 599 739 sunt
613 712 685 749 leges
697 731 704 742 ,
725 709 841 747 legisque
854 710 977 745 vigorem
990 707 1097 734 habent.
1138 706 1244 741 Populus
1258 710 1332 736 enim
1346 709 1406 747 lege
1421 712 1506 748 Regia
1518 732 1524 743 ‚
1546 722 1602 750 quae
1618 713 1652 741 de

70 753 126 790 ejus
140 751 257 787 imperio
271 750 369 781 fertur,
390 751 428 781 eh
449 753 475 778 δε
488 751 515 777 in
529 759 592 778 eum
607 759 690 777 omne
705 749 849 785 imperium
864 748 954 778 suum,
977 747 1004 774 δε
1018 746 1175 782 potestatem
1190 747 1323 775 concedit.

108 794 247 816 l’rasorum
261 797 368 825 quoque
378 787 461 815 edim
475 798 530 815 non
546 788 681 815 modicam
698 786 821 814 obtinent
834 785 900 820 juris
911 783 1112 812 authoritatem.
1141 786 1203 811 Hoc
1216 786 1298 812 etiam
1305 786 1351 819 jus
1363 785 1521 814 honorarium
1536 787 1650 817 solemus

70 828 210 865 appellare,
235 827 307 864 quod
325 827 370 862 qui
390 826 504 854 honores
523 833 634 862 gerunt,
654 826 680 853 id
694 825 744 855 est,
765 822 928 862 magrstratus
941 822 1132 850 authoritatem
1147 821 1208 850 huic
1218 822 1271 859 juri
1285 824 1424 852 dederunt.
1464 826 1651 861 Proponebant

70 869 98 897 ὃ(
111 866 191 893 adtlcs
204 864 298 892 curules
311 864 430 892 edistum
445 865 478 892 de
491 862 649 901 quibusdam
665 863 758 894 cautis,
779 862 852 899 quod
866 863 892 889 δε
904 860 989 897 ipsum
998 859 1065 895 juris
1078 860 1202 887 honorarii
1211 859 1290 894 portio
1301 861 1344 899 est.

109 905 226 938 Responffi
233 903 388 937 prudentum
403 902 461 930 lunt
472 901 607 930 sententiae
617 923 624 934 ,
651 903 677 930 ὃς
691 901 832 937 opiniones
847 909 941 927 eorum
955 919 962 930 ,
982 899 1078 936 quibus
1092 899 1248 934 permiss'um
1263 908 1318 928 erat
1329 921 1336 932 ‚
1363 899 1468 936 dejure
1483 900 1650 937 respondere,

70 942 146 970 Nam
159 942 304 978 antiquitus
318 940 491 968 constitutum
507 946 578 972 erat,
598 947 628 968 ut
640 939 737 971 essent,
757 940 802 976 qui
813 939 872 975 jura
884 937 989 974 publice
1002 938 1251 975 interpretarentur:
1273 937 1535 975 quibusaCafizrejus
1542 940 1651 976 respon-

69 979 150 1009 dendi
163 979 257 1007 datum
269 979 306 1006 est
316 999 323 1010 ‚
344 979 389 1015 qui
400 978 569 1013 jurtsconficlti
583 977 783 1015 appellabantur
795 998 802 1009 ‚
822 985 939 1013 quorum
951 976 1077 1003 omnium
1090 975 1225 1003 sententie:
1238 977 1264 1004 ὃς
1279 978 1418 1013 opiniones
1434 987 1492 1004 eam
1507 978 1651 1006 authorita-

70 1024 128 1046 tem
141 1017 281 1049 tenebant,
299 1023 329 1045 ut
341 1017 424 1052 judici
437 1017 560 1044 recedere
575 1015 589 1044 a
604 1015 731 1052 responlis
744 1025 839 1043 eorum
854 1024 909 1042 non
922 1013 1028 1045 liceret,
1049 1014 1088 1041 uti
1100 1013 1137 1040 est
1152 1013 1336 1043 constitutum.
1356 1018 1404 1043 Hae
1417 1014 1460 1043 sex
1473 1016 1539 1051 juris
1552 1015 1651 1052 species

69 1054 85 1083 ὲ
99 1054 248 1093 Justt'niano
262 1054 431 1083 recensentur
445 1065 450 1081 ·.
470 1064 519 1082 nos
534 1064 600 1082 vero
613 1054 661 1081 hac
678 1055 705 1081 in
720 1061 795 1090 parte
810 1060 915 1081 tantum
930 1053 964 1080 de
978 1052 1027 1080 illis
1040 1052 1172 1082 dicemus,
1193 1060 1250 1088 quae
1262 1053 1372 1089 proprie
1385 1053 1448 1090 leger
1462 1055 1600 1086 dicuntur,
1622 1062 1651 1082 ut

71 1093 130 1122 sunt
147 1094 209 1131 leges
223 1096 249 1122 ὃς
259 1092 388 1129 plebrscim
401 1114 408 1124 ‚
434 1102 491 1129 qux
507 1093 617 1128 quidem
634 1093 774 1120 communi
788 1094 899 1119 nomine
913 1090 1050 1128 rogationes
1063 1088 1228 1125 appellantur
1242 1110 1249 1121 ‚
1274 1100 1336 1129 qum
1344 1100 1389 1126 per
1404 1090 1565 1128 magrstratus
1578 1091 1598 1119 ὰ
1608 1102 1652 1127 pa-

64 1131 125 1167 pulo
146 1132 189 1158 vel
200 1131 270 1166 plebe
286 1140 421 1168 rogentur:
442 1130 514 1167 quod
536 1140 586 1167 qua
605 1131 707 1157 ratione
720 1130 820 1157 factum
837 1130 868 1158 fit
880 1151 889 1161 ,
911 1131 937 1157 &
951 1129 1027 1164 supra
1042 1129 1158 1155 diximus
1173 1149 1178 1157 ‚
1200 1127 1245 1156 lib.
1257 1132 1282 1158 6.
1297 1130 1330 1157 de
1341 1129 1446 1158 comum
1456 1150 1465 1162 ‚
1489 1132 1515 1159 ὅς
1530 1129 1649 1169 sequenti

70 1171 155 1199 etiam
168 1171 270 1208 capite,
294 1169 381 1198 verbis
394 1168 527 1197 clariffimi
542 1170 591 1197 viri
606 1168 681 1196 Paul}
695 1168 810 1196 Manuti1
821 1168 890 1196 libro
902 1168 933 1194 de
946 1166 1037 1205 legibus
1050 1174 1211 1203 repetemus.

767 1246 873 1273 CAP.
913 1244 956 1272 11.

464 1308 516 1342 De
530 1309 648 1342 ratione
663 1307 869 1356 rogandarum
885 1308 984 1355 legum
1000 1305 1083 1355 apud
1099 1310 1260 1351 Romanos.

71 1387 181 1450 Leges
193 1388 260 1425 apud
277 1389 417 1415 Romanos
430 1385 444 1414 a
458 1385 640 1424 magistratibus
655 1386 760 1416 tantum
773 1408 780 1419 ‚
801 1397 856 1415 non
870 1394 961 1415 tamen
975 1385 1116 1418 omnibus,
1136 1385 1193 1414 latae
1205 1386 1246 1414 vel
1260 1393 1359 1423 rogatae
1371 1385 1440 1416 sunt.
1481 1387 1514 1416 Et
1526 1389 1586 1426 quia
1598 1390 1649 1417 dm

148 1424 342 1464 magtstmtuum
349 1435 443 1462 genera
457 1424 564 1453 fuerunt
577 1445 584 1454 ‚
611 1425 653 1452 alii
669 1427 742 1452 enim
757 1427 862 1460 majores
872 1445 879 1456 ,
904 1426 945 1453 alii
960 1425 1066 1452 minores
1078 1425 1143 1452 dieti
1157 1445 1164 1456 ,
1184 1424 1255 1461 leges
1269 1424 1282 1452 ὲ
1299 1425 1490 1461 magistratibus
1504 1428 1651 1463 majoribus

72 1465 115 1493 fizx
136 1472 256 1495 tantum,
279 1467 385 1489 stratore
403 1461 515 1493 scilicet,
537 1463 655 1497 Confide,
675 1463 824 1491 DiHatore.
848 1466 984 1500 Interrege,
1004 1461 1173 1490 Decemviria.
1195 1465 1221 1490 ὅ(
1237 1452 1352 1489 Τνὶὲιιηιά
1366 1462 1493 1495 militum,
1513 1467 1585 1493 utde
1597 1468 1650 1493 Re-

73 1503 148 1540 gibus
160 1523 167 1534 ,
189 1504 215 1530 δε
231 1501 392 1529 Triumviris
407 1502 441 1528 R.
457 1501 485 1527 P.
498 1501 530 1526 C.
546 1508 648 1528 taceam
663 1511 668 1527 z
689 1503 703 1528 ’ξι
717 1503 824 1528 minore
838 1511 907 1533 uno,
927 1499 1035 1528 Tribuno
1042 1500 1134 1535 plelm,
1154 1509 1253 1537 rogatae
1268 1500 1384 1528 fuerunt.
1417 1502 1512 1529 Praeter
1526 1502 1574 1529 hos
1587 1503 1653 1531 nulli

73 1541 117 1569 alii
130 1541 194 1576 legis
205 1539 331 1575 rogandae
342 1539 455 1574 potessas
469 1537 526 1565 fuit.

114 1579 192 1604 Circa
209 1576 360 1612 rogationem
376 1583 466 1603 autem
487 1575 551 1612 legis
575 1575 629 1604 haec
650 1576 863 1605 observabantur.
903 1578 1006 1614 Legem
1022 1575 1120 1604 laturus
1134 1574 1296 1613 magistratus
1308 1596 1317 1608 ‚
1343 1575 1473 1604 scribebat
1484 1586 1543 1605 eam
1558 1579 1652 1612 domi,

78 1617 104 1645 δε
118 1624 179 1643 cum
195 1614 287 1650 peritis
300 1613 462 1640 consultabat
475 1623 481 1639 t
502 1622 536 1639 ne
550 1615 612 1649 quid
627 1622 719 1643 contra
731 1616 821 1651 populi
834 1624 892 1642 rem
902 1636 909 1647 ‚
928 1622 973 1643 aut
988 1614 1155 1642 voluntatem
1169 1614 1281 1642 sanciret
1292 1634 1299 1645 ‚
1319 1623 1353 1641 ne
1368 1614 1439 1642 forte
1453 1617 1597 1652 pugnantia
1610 1627 1653 1646 ca-

76 1654 132 1689 pita
151 1650 228 1679 simul
249 1651 345 1679 ferret:
366 1660 434 1678 neve
454 1650 533 1688 quid,
554 1652 625 1687 quod
645 1659 720 1680 vetus
738 1652 821 1688 aliqua
833 1652 890 1684 lex,
911 1652 929 1679 fi
943 1653 1070 1684 ferretur,
1090 1653 1183 1684 inane,
1204 1652 1398 1689 infirmumque
1410 1652 1516 1687 juberet
1530 1654 1598 1682 effe:
1617 1666 1652 1684 ne

75 1691 240 1718 curationem
254 1710 262 1722 ,
288 1689 466 1726 potestatem,
493 1690 708 1729 commodumve
727 1689 834 1727 aliquod
854 1689 906 1726 ipse
926 1690 972 1718 fibi
991 1690 1034 1717 sua
1052 1689 1110 1728 lege
1123 1712 1130 1722 ,
1155 1698 1199 1719 aut
1218 1690 1327 1727 collegis
1341 1711 1347 1721 ,
1373 1691 1510 1726 cognatis,
1531 1692 1653 1722 affinibus

75 1729 233 1756 mandaret:
254 1728 326 1764 quod
345 1726 408 1764 leges
423 1727 493 1757 duae,
513 1726 625 1760 Laium,
647 1730 673 1757 ὃς
687 1727 804 1760 ochusia,
825 1728 880 1756 fieri
895 1736 1044 1756 vetuerunt.
1085 1729 1172 1757 Etiam
1194 1728 1258 1756 illud
1277 1730 1304 1755 in
1320 1727 1454 1755 scribenda
1468 1727 1526 1766 lege
1543 1731 1653 1759 caveba-

76 1776 120 1796 tur
133 1787 139 1796 ‚
165 1776 199 1793 ne
214 1765 330 1805 pluribus
346 1766 379 1792 de
393 1765 470 1805 rebus
480 1785 488 1796 ‚
508 1773 565 1800 quae
579 1775 633 1793 non
650 1766 768 1802 ejusdem
783 1767 886 1803 generis
899 1767 1053 1795 viderentur
1065 1787 1071 1797 ,
1092 1776 1143 1794 una
1157 1767 1284 1803 rogatione
1299 1766 1412 1793 ferretur
1425 1776 1430 1792 :
1452 1768 1523 1802 quod
1540 1768 1595 1796 fieri
1608 1769 1651 1796 lex

76 1803 189 1836 Cacilia,
211 1806 238 1833 δι
252 1803 332 1831 Didm
344 1823 353 1834 ,
374 1805 400 1831 ὃς
414 1807 497 1829 thero
510 1802 553 1829 lib.
566 1813 590 1840 3.
605 1804 639 1831 de
650 1804 752 1842 legibus
765 1804 966 1841 prohibuerunt.
1006 1805 1160 1832 Addebatur
1174 1806 1216 1832 illa
1233 1806 1354 1840 exceptio
1368 1823 1376 1835 ‚
1396 1802 1459 1842 utfi
1470 1805 1586 1843 quidjus
1598 1817 1647 1833 non

75 1842 133 1880 effer
146 1852 240 1880 rogan,
260 1852 290 1869 ne
302 1840 360 1878 effer
374 1849 506 1877 rogatum:
525 1841 605 1873 item,
626 1842 644 1869 si
657 1843 720 1880 quid
736 1851 828 1871 contra
841 1842 902 1870 alias
916 1843 989 1880 leges
1002 1844 1058 1879 ejus
1071 1842 1135 1880 legis
1149 1853 1213 1880 ergo
1226 1843 1310 1870 latum
1325 1841 1387 1869 esset
1398 1863 1404 1873 ‚
1425 1850 1454 1869 ut
1470 1843 1506 1872 ei,
1527 1846 1572 1880 qui
1589 1854 1650 1872 eam

75 1881 164 1921 legem
183 1880 310 1917 rogasset,
329 1879 440 1915 impune
453 1879 532 1912 ess'et,
553 1880 624 1916 quod
639 1880 726 1909 fuiilet
739 1881 909 1913 tralatitium,
929 1881 982 1908 hoc
994 1882 1044 1913 est,
1064 1881 1141 1908 scribi
1154 1881 1262 1908 solitum
1277 1881 1304 1907 in
1317 1879 1443 1908 omnibus
1455 1879 1556 1918 legibus
1570 1904 1578 1916 ,
1598 1890 1653 1911 tra·

76 1920 116 1948 dit
130 1923 214 1946 thero
226 1917 272 1946 lib.
283 1929 306 1955 3.
317 1917 446 1953 epistolar.
461 1918 494 1944 :id
508 1917 637 1945 Atticum.

116 1957 220 1993 Scripta
235 1956 286 1993 lege
298 1977 305 1988 ‚
325 1956 458 1992 legissator
475 1955 541 1982 bene
555 1957 590 1983 de
602 1956 736 1992 republica
748 1957 877 1989 sentiens,
899 1963 976 1988 ante,
997 1965 1078 1993 quam
1092 1965 1151 1984 eam
1165 1955 1348 1992 promulgaret
1362 1976 1369 1987 ‚
1390 1952 1521 1984 referebat
1536 1958 1567 1985 ad
1575 1959 1651 1993 sena.

78 2003 135 2024 tum
148 2016 154 2027 ‚
181 2001 210 2021 ut
223 2003 278 2031 quo
291 1993 348 2029 plus
361 1995 484 2029 ponderis
497 2015 504 2025 ‚
530 1994 717 2031 majoremque
732 1997 788 2023 vim
804 1995 846 2022 lex
860 1995 986 2026 haberet,
1015 1995 1048 2021 de
1061 1993 1162 2021 senatus
1177 2002 1236 2020 eam
1252 1992 1380 2022 sententia
1394 1993 1474 2023 ferret
1489 2006 1495 2022 2
1524 1997 1651 2031 Popularis

79 2044 144 2062 vero
157 2054 166 2065 ,
193 2041 223 2060 ac
241 2031 375 2059 seditiosus
394 2031 556 2068 magistratus
575 2042 629 2060 non
649 2033 733 2060 modo
747 2033 918 2070 praetermiss'a
930 2031 1031 2060 senatus
1047 2031 1207 2060 authoritate
1218 2051 1226 2063 ,
1253 2031 1296 2059 sed
1311 2032 1447 2060 interdum
1461 2034 1541 2062 etiam
1558 2043 1651 2064 contra

76 2072 179 2101 stnatus
189 2069 377 2099 authoritatem
390 2069 467 2107 legem
479 2069 590 2107 rogabat.

118 2108 339 2145 Promulgabatur
352 2108 446 2135 deinde
459 2108 515 2140 lex,
538 2110 563 2137 id
579 2110 628 2140 est,
649 2110 675 2137 in
690 2108 796 2146 publico
810 2109 958 2145 ponebatur
970 2108 1019 2142 (est
1033 2109 1104 2135 enim
1114 2129 1120 2139 ‚
1131 2115 1160 2136 ut
1175 2109 1210 2135 ait
1226 2106 1321 2144 Festus,
1332 2108 1509 2146 promulgari,
1522 2110 1651 2147 quafipro-

77 2148 190 2187 vulgum)
200 2155 227 2175 ut
235 2145 374 2183 inspiceret
382 2166 389 2177 ,
403 2147 448 2183 qui
456 2145 534 2175 vellet
542 2167 549 2178 ,
563 2148 707 2184 inspectam
717 2147 904 2176 consideraret:
921 2156 975 2174 non
985 2145 1071 2174 solum
1082 2154 1109 2173 ut
1118 2147 1245 2174 intercedi
1255 2146 1340 2182 poslet
1348 2153 1421 2178 ante,
1431 2157 1511 2184 quam
1520 2148 1650 2179 terretur:

79 2196 174 2216 vemm
187 2186 269 2213 ctiam
278 2205 286 2217 ,
307 2192 336 2212 ut
349 2183 482 2221 aliquanto
496 2193 556 2213 ante
569 2187 678 2214 statuere
687 2186 881 2218 cuivisliceret‚
895 2193 984 2212 utrum
993 2206 1000 2216 ,
1014 2194 1075 2212 cum
1085 2184 1211 2216 ferretur,
1229 2183 1388 2223 antiquanda
1395 2184 1522 2224 suffragiis
1531 2207 1538 2218 ,
1551 2196 1650 2214 anacet-

72 2225 166 2260 prendo
177 2224 218 2250 lex
234 2223 306 2250 effet.
325 2223 395 2250 Item
411 2230 439 2250 ut
453 2224 536 2259 quivis
552 2234 663 2252 monere
676 2224 854 2261 legissatorem
870 2223 968 2260 pollet,
989 2223 1031 2250 vel
1039 2224 1071 2250 de
1078 2222 1249 2259 corrigenda,
1271 2222 1534 2252 velomninodenon
1543 2224 1650 2252 ferenda

78 2263 146 2301 lege.
167 2266 281 2296 Spanum
294 2268 382 2288 autem
399 2260 636 2297 promulgationis,
656 2271 812 2299 quacunque
826 2262 859 2289 de
874 2271 902 2288 re
915 2260 1028 2289 ferretur
1041 2261 1096 2292 lex,
1117 2269 1171 2288 erat
1184 2259 1375 2293 trinundinum,
1397 2262 1422 2289 id
1439 2263 1488 2295 est,
1508 2272 1556 2299 per
1569 2264 1650 2290 trinas

79 2301 224 2331 nundinas,
243 2298 285 2326 vel
303 2299 358 2326 dies
371 2298 467 2335 viginti
478 2298 589 2334 septem.
630 2301 699 2328 Cum
715 2301 787 2328 enim
804 2300 981 2327 nundinarum
998 2298 1072 2326 causa
1084 2308 1115 2327 ex
1129 2300 1199 2335 agris
1213 2299 1240 2325 in
1255 2298 1357 2326 Urbem
1372 2301 1444 2328 cives
1459 2301 1651 2333 convenirent²

75 2349 120 2376 per
133 2337 311 2368 u·1'nundinam
325 2336 411 2374 leges,
431 2344 461 2366 ut
474 2337 487 2365 a
500 2337 594 2365 rustica
607 2337 684 2375 plebe
695 2338 809 2376 perlegi,
831 2337 1008 2376 cognoscique
1022 2337 1139 2375 possent,
1158 2344 1248 2374 patere
1261 2336 1411 2367 voluerunt.

1593 2375 1653 2404 1³0st
