2075 2734
618 133 702 160 De
761 132 960 170 Jove.
1018 131 1171 168 CAr.5.
1644 151 1697 179 ¹03

156 192 197 230 Jo
206 199 239 218 vr
249 199 261 218 s
283 189 322 216 IN
332 197 348 217 v
357 196 372 216 ε
381 196 400 215 u
409 195 475 215 τοκ
485 194 515 213 rs
535 181 678 220 appellatio
692 182 724 211 ab
738 182 857 211 Hercule
872 183 1008 220 originem
1022 185 1103 213 traxit
1117 195 1124 212 :
1150 192 1213 212 cum
1228 185 1303 214 enim
1325 186 1446 214 Hercules
1467 197 1530 217 cum
1545 189 1630 219 bobus
1644 194 1699 220 Ge-

116 230 208 266 ryonis
223 230 251 256 in
263 236 358 265 agrum
373 224 522 253 Palatinum
536 221 696 258 pervenisset
708 242 716 254 ,
738 224 765 250 ὃς
781 222 818 249 ibi
831 221 897 249 boni
911 221 1000 258 pabuli
1013 222 1105 250 naetus
1119 223 1226 259 copiam
1240 235 1248 255 ,-
1277 233 1399 253 armenta
1420 233 1468 261 per
1479 227 1574 263 pascua
1587 230 1700 258 dimifis.

117 267 170 299 set-3
191 266 246 304 ipse
260 273 349 293 autem
364 263 453 291 labore
467 260 543 288 fessus
556 259 737 296 procubuisset
752 281 759 292 ‚
779 259 930 297 somnoque
950 259 976 286 se
990 260 1099 289 dedisset
1114 282 1122 293 ,
1143 261 1211 289 latro
1225 262 1335 298 quidam
1348 263 1405 300 ejus
1418 263 1471 292 loci
1486 285 1492 296 ‚
1513 270 1593 294 Cacus
1606 269 1697 296 nomi-

117 314 167 337 ne,
188 313 283 342 paucas
297 303 398 340 aliquot
409 321 417 332 ‚
437 298 555 328 Hercule
568 298 724 327 dormiente
738 319 745 330 ,
767 298 858 336 abegit
872 319 880 331 ,
901 300 929 326 &
943 299 971 325 in
986 300 1165 336 propinquam
1180 299 1332 336 speluncam
1345 323 1353 335 ,
1373 302 1418 329 ubi
1430 302 1560 340 degebat,
1582 305 1700 338 abdidit3

118 352 182 374 quas
196 341 297 371 aversas
309 348 391 368 unam
404 337 462 375 post
476 336 555 364 aliam
565 357 572 368 ,
594 338 683 365 caudis
697 336 730 364 eo
744 345 860 365 traxerat
875 358 883 370 ‚
903 343 934 365 ut
947 345 1111 373 quaerentem
1125 338 1256 366 indicium
1271 339 1373 369 falleret
1387 362 1394 373 ,
1422 342 1537 379 vestigiis
1550 343 1577 370 in
1592 352 1698 372 contra-

119 376 190 408 r-iam
205 389 309 418 Partem
323 375 484 406 ducentibus.
525 374 644 402 Hercules
664 375 762 404 somno
775 377 895 404 excitus:
915 383 981 402 cum
995 374 1162 404 recensuiss‘et
1183 386 1328 406 numerum
1342 399 1351 410 ,
1372 381 1400 407 ὃς
1419 379 1521 417 aliquot
1541 380 1623 409 boves
1643 382 1700 410 sen·

119 419 187 447 fifl'ct
201 418 298 449 deeffe,
317 416 350 444 ad
363 413 516 451 speluncam
529 411 590 441 Caci
604 415 745 443 contendit
758 435 766 446 ‚
787 417 815 443 ὃς
830 417 896 441 Caco
909 413 1018 441 deviEio
1032 420 1111 450 atque
1125 414 1157 441 ad
1171 422 1271 443 terram
1287 417 1417 452 prostrato
1432 438 1439 449 ‚
1458 418 1540 447 boves
1554 419 1609 448 suas
1625 430 1698 449 rece-

116 458 173 494 pit,
194 460 220 487 &
235 455 339 486 eduxit,
360 452 513 490 speluncam
532 452 614 481 etiam
628 453 722 481 diruit:
745 462 862 490 cumque
876 452 976 481 caedem
991 451 1116 488 expiasset
1130 461 1197 488 aqua
1211 453 1330 482 fluminis
1345 466 1350 482 :
1372 456 1400 483 in
1414 459 1542 492 proximo
1555 467 1629 486 aram
1643 458 1699 495 Jo-

117 494 146 523 φὶ
160 492 283 523 inventori
295 491 398 529 posuit,
419 500 476 528 quae
490 492 527 519 est
542 493 640 518 Romae
652 501 737 529 prope
751 499 860 528 portam
876 491 1032 530 geminam,
1054 491 1082 518 ὃ(
1096 489 1132 517 ob
1146 491 1266 519 inventas
1280 493 1363 520 boves
1376 495 1438 522 Deo
1448 495 1597 531 juvencum
1612 506 1697 526 unum

119 532 278 562 sacrificavit.
304 533 369 558 Haec
382 529 467 561 sacra,
486 530 574 567 inquit
587 529 732 568 Dionyffiu,
752 531 834 558 etiam
847 537 924 558 aetate
938 538 1000 556 mea
1014 528 1134 568 Rotnani
1147 529 1244 557 Graeco
1258 531 1310 558 ritu
1323 531 1422 560 faciunt
1431 553 1438 564 ,
1459 535 1691 570 quemadmodum

117 571 148 599 ab
161 571 207 598 illo
219 569 337 597 instituta
351 567 419 596 sunt.
458 568 586 596 Meminit
599 567 677 605 hujus
690 568 803 597 historiae
815 567 893 596 ovid.
906 567 952 595 lib.
966 567 1032 595 Fast.
1046 571 1114 604 Vtrg.
1128 565 1172 594 lib·
1187 568 1213 595 8-
1235 569 1341 597 AEneid.
1362 569 1451 597 Livius
1470 572 1515 600 lib.
1532 584 1554 601 1·
1577 576 1639 600 Ara
1653 578 1697 606 ‚7⁹-

112 608 152 636 -ιὶιὲτ
163 606 302 636 inventoris
315 607 422 634 mentio
435 607 466 635 fit
487 606 501 635 ’ὲ
516 609 546 634 Ρ.
565 604 662 634 Vic‘Yore
676 609 703 636 &
717 606 843 642 onuphrio
863 605 990 634 panvinio
1005 607 1034 634 in
1048 606 1159 643 regione
1171 605 1255 633 Urbis
1267 616 1312 634 xi.
1331 616 1388 644 quae
1401 609 1498 638 dicitur
1511 610 1598 639 Circus
1611 612 1697 639 maxi-

111 656 176 674 mus.

149 685 191 722 Ju
200 694 231 712 ιη
242 694 258 711 τ
268 693 282 711 e
291 695 307 712 R
328 685 347 711 F
358 694 372 712 e
382 695 398 712 n
409 693 422 712 ε
431 694 448 711 τ
458 695 474 712 R
484 695 492 712 1
504 693 522 712 u
531 693 543 710 s
561 682 574 710 a
589 682 694 719 serendo
714 684 757 712 vel
771 682 886 721 feriendo
905 683 1010 711 hostem
1031 682 1117 710 dictus
1132 703 1139 714 ,
1166 681 1180 710 a
1194 682 1316 711 Romulo
1330 684 1495 714 consecratus
1511 688 1547 715 est
1560 708 1568 720 ‚
1587 687 1696 716 testibus

109 719 196 755 Livio,
216 720 345 760 Dionysio,
366 722 499 750 Plutarcho
513 724 540 750 δί
553 721 616 749 aliis.
635 726 708 750 Sext.
721 727 836 758 Pompon.
849 720 934 760 Festus
947 733 955 748 :
976 719 1103 749 Feretrius
1115 719 1226 757 Jupiter
1237 721 1323 749 dietus
1337 723 1350 750 ὲ
1366 723 1472 759 serendo
1483 744 1491 755 ,
1511 726 1584 762 quod
1598 735 1694 762 pacem

108 759 180 788 ferre
193 768 337 798 putaretur.
376 762 418 788 De
430 761 535 798 templo
549 758 630 797 Joris
644 759 754 788 Feretrii
767 782 774 793 ,
794 761 868 798 quod
883 759 1015 788 Romulus
1032 759 1154 788 condidit
1173 759 1200 787 in
1217 768 1313 789 monte
1328 761 1484 798 Capitolino
1498 783 1505 794 ,
1525 764 1653 800 quodque
1668 765 1697 792 in

109 807 142 826 v1
152 809 160 825 1
169 809 191 826 1.
207 798 287 826 Urbis
301 799 424 836 Regione
438 798 453 826 ὲ
467 804 497 827 1².
511 798 606 827 Victore
620 798 768 827 collocatur
781 820 789 831 ‚
809 799 843 827 fic
855 798 946 827 scribit
959 797 1048 826 Livius
1062 809 1071 824 .-
1098 797 1231 826 Romulus
1246 799 1314 827 duce
1326 798 1443 828 hostium
1459 801 1548 829 occiso
1562 822 1570 833 ,
1588 803 1692 829 Urbem

108 837 201 872 primo
214 838 318 874 impetu
333 838 419 874 capit,
439 838 501 866 inde
515 838 633 865 exercitu
648 837 751 864 victore
765 837 892 869 reduCto,
913 836 968 874 ipse
981 847 1044 865 cum
1059 836 1135 865 factis
1151 837 1191 864 vir
1204 838 1377 874 magnificus,
1399 846 1458 866 tum
1466 838 1601 866 fastorum
1608 840 1694 868 osten-

109 882 180 903 tator
193 874 262 902 haud
279 876 381 907 minor,
402 875 482 912 spolia
496 877 568 904 ducis
582 875 697 903 hostium
714 876 769 903 caefi
783 874 918 912 suspensa,
938 875 1067 904 fabricato
1080 876 1112 902 ad
1127 875 1154 902 id
1171 873 1231 912 apte
1246 875 1362 908 ferculo,
1385 885 1480 914 gerens
1488 878 1515 904 in
1525 877 1694 913 Capitolium

108 912 238 940 ascendit:
258 913 346 950 ibique
360 923 389 941 ea
404 924 467 942 cum
482 916 514 942 ad
529 923 659 951 quercum
674 913 822 950 pastoribus
836 913 936 941 (acram
951 913 1111 951 deposuisset
1123 934 1130 944 ,
1157 913 1233 940 sunu]
1249 923 1312 942 cum
1326 915 1400 942 dono
1421 915 1569 953 designavit
1588 915 1693 952 templo

107 949 193 983 Jovis,
213 950 293 984 fines,
314 961 520 990 cognomenque
534 953 636 980 addidit
650 954 719 980 Deo.
759 950 869 989 Jupiter
885 952 983 979 Feretri
996 973 1004 984 ,
1024 952 1111 989 inquit
1123 971 1130 982 ‚
1150 951 1194 977 haec
1206 951 1252 979 tibi
1270 952 1349 980 viHor
1362 953 1485 980 Romulus
1497 956 1554 980 Rex
1566 953 1635 990 regia
1650 964 1692 980 ar-

107 999 152 1016 ma
157 988 228 1024 sera,
248 989 417 1030 templumque
430 990 463 1019 iis
475 990 626 1030 regionibus,
644 1000 708 1029 quas
721 991 792 1018 modo
803 990 887 1018 animo
901 992 1091 1025 metaturficm‚
1112 988 1196 1016 dedico
1201 990 1290 1024 sedem
1305 990 1481 1026 opimisspoliis
1489 1013 1497 1024 ‚
1516 1002 1568 1030 quae
1579 990 1694 1029 Regibus,

68 1041 75 1043 ν
107 1025 256 1066 ducibusque
268 1027 373 1064 hostium
385 1028 444 1068 casis
456 1040 496 1057 me
509 1028 637 1070 audior-em·
638 1034 774 1068 sequentes
780 1027 869 1066 postem
878 1028 974 1064 serent.
995 1031 1060 1056 Haec
1074 1027 1169 1064 templi
1185 1028 1220 1055 est
1235 1031 1329 1072 origou,
1345 1031 1418 1067 quod
1430 1039 1552 1067 primum
1566 1039 1693 1057 omnium

108 1065 207 1093 Romae
219 1065 351 1095 sacratum
364 1068 408 1095 est.
427 1068 562 1096 Hactenus
576 1067 675 1095 Livius.
695 1068 767 1094 Cum
781 1076 836 1104 quo
848 1064 988 1104 Diomfius.
1027 1066 1163 1098 Romulus,
1184 1066 1271 1103 inquit
1284 1088 1292 1100 ,
1312 1077 1341 1094 1n
1355 1069 1509 1105 Capitolino
1523 1070 1624 1096 vertice
1637 1067 1691 1105 Jo-

107 1102 137 1130 ’ιεί
154 1102 265 1131 Feretrio
281 1105 379 1141 templi
396 1105 509 1142 spatium
523 1106 684 1143 designavit,
704 1115 759 1133 non
773 1114 914 1142 magnum.
940 1105 1035 1133 Adhuc
1048 1105 1122 1132 enim
1136 1104 1255 1132 servatur
1268 1113 1344 1133 vetus
1358 1106 1414 1142 ejus
1429 1108 1570 1144 vestigium
1585 1107 1630 1134 vix
1646 1116 1691 1134 xv.

107 1142 210 1177 pedum
224 1141 408 1180 longitudine,
430 1154 485 1182 quo
498 1145 580 1172 infert
595 1145 689 1180 opima
703 1145 737 1172 de
751 1143 947 1171 Caeninenfium
963 1145 1040 1180 Rege
1053 1143 1144 1180 spolia.
1169 1143 1253 1171 Tecta
1267 1143 1344 1180 hujus
1357 1145 1453 1182 templi
1466 1145 1502 1173 ob
1516 1145 1673 1172 vetustatem
1684 1165 1691 1175 ,

107 1181 136 1208 &
150 1181 340 1209 Romanorum
355 1182 550 1220 negligentiam
564 1181 690 1218 collapsa,
714 1183 827 1210 restituit
841 1183 910 1218 Aug.
924 1181 1024 1208 Cornel.
1036 1185 1113 1215 Nepos
1127 1183 1155 1209 in
1170 1182 1223 1210 vita
1235 1182 1328 1211 Attici.
1367 1184 1407 1211 Ex
1419 1183 1473 1212 hoc
1485 1182 1588 1219 templo
1603 1182 1691 1210 sume-

107 1216 172 1245 bant
188 1220 307 1247 Romani
312 1221 452 1254 fieprrzm,
474 1230 522 1256 per
536 1221 607 1255 quod
621 1220 757 1254 jurarent,
777 1222 804 1246 δί
816 1216 1041 1254 [videm-filicem,
1061 1228 1115 1255 quo
1130 1219 1216 1248 foedus
1229 1218 1348 1248 ferirent.
1388 1222 1431 1249 De
1446 1225 1503 1249 lore
1518 1220 1629 1248 Feretrio
1644 1230 1690 1249 ex-

107 1261 148 1284 tat
161 1255 245 1294 elegia
259 1256 383 1291 Propertii
398 1257 468 1284 lectu
479 1257 651 1296 digniffima,
666 1266 747 1294 quam
761 1256 796 1284 fic
810 1255 961 1284 concludit.-

456 1299 479 1321 C
479 1297 538 1330 atqu
552 1299 664 1326 Feretm,

337 1331 430 1359 Omine
441 1334 510 1371 quod
519 1341 582 1358 certo
595 1331 720 1368 dux-ferit
731 1340 792 1360 ante
802 1331 898 1359 ducem.

297 1374 348 1397 Seu
359 1370 420 1411 quia
432 1369 501 1397 τὶεῗη
507 1370 560 1404 Juis
570 1370 682 1397 humeris
690 1371 736 1396 hac
745 1368 940 1405 nrmaserebant
948 1387 957 1401 ,

335 1411 402 1435 Hmc
415 1408 511 1435 Feretri
522 1407 592 1434 Ᾰιὲῗιι
605 1406 638 1443 est
651 1417 708 1435 arca
713 1406 820 1441 fizperba
831 1407 906 1434 Iovis.

147 1451 191 1487 Ju
200 1459 214 1476 p
229 1459 238 1476 1
249 1459 266 1476 τ
275 1456 314 1475 tn
335 1447 352 1472 S
361 1457 377 1473 τ
389 1457 405 1473 Α
416 1456 432 1473 τ
441 1456 457 1473 0
468 1457 482 1473 n
494 1467 501 1477 ‚
521 1443 648 1482 afistemlo
662 1446 748 1473 dietus
762 1446 812 1477 est,
836 1446 914 1482 eique
929 1446 1027 1473 Romae
1040 1445 1176 1483 templum
1191 1447 1311 1476 dicatum
1326 1447 1376 1477 hac
1388 1448 1423 1477 de
1436 1448 1518 1477 causa.
1559 1447 1634 1476 Cum
1643 1450 1687 1478 Sa-

108 1486 165 1514 bini
179 1487 212 1514 ad
224 1483 403 1514 ulciscendam
419 1485 545 1521 injuriam
560 1484 607 1511 fibi
622 1485 649 1511 in
666 1491 741 1520 raptu
756 1484 872 1512 filiarum
887 1482 901 1511 ὲ
915 1485 1047 1511 Romanis
1067 1484 1168 1513 illatam
1183 1506 1191 1518 ,
1219 1496 1294 1514 arma
1308 1487 1449 1515 adversum
1469 1497 1514 1514 eos
1529 1487 1689 1518 movissent,

109 1527 138 1553 ὃ(
151 1525 262 1561 quidem
278 1531 368 1551 arcem
383 1524 528 1559 Tarpejam
542 1523 600 1559 jam
615 1523 741 1558 cepiss‘ent
754 1543 761 1554 ,
783 1524 927 1550 Romanos
941 1523 1023 1550 etiam
1044 1522 1072 1549 in
1086 1523 1179 1560 fugam
1193 1525 1329 1553 vertiffent
1342 1545 1349 1556 ‚
1371 1524 1493 1552 Romulus
1507 1545 1514 1556 ,
1535 1526 1580 1561 qui
1595 1527 1621 1553 δί
1634 1526 1689 1560 ipre

105 1562 269 1599 fugientium
284 1560 360 1590 turba
374 1561 515 1598 agebatur,
537 1570 632 1588 manus
648 1561 680 1588 ad
695 1560 795 1588 coelum
809 1560 949 1593 attollens,
973 1561 1028 1588 sere
1042 1560 1081 1588 his
1093 1562 1180 1589 verbis
1194 1563 1246 1590 Dei
1258 1572 1339 1599 opem
1355 1563 1525 1599 imploravit,
1548 1565 1574 1591 &
1589 1570 1687 1591 votum

105 1600 140 1627 de
153 1600 308 1628 aedificando
322 1600 346 1626 ei
361 1599 466 1637 templo
480 1599 558 1627 fecit:
578 1602 674 1634 Iupiter
687 1600 739 1627 tuis
751 1599 831 1635 jussus
845 1599 936 1626 avibus
948 1598 992 1627 hic
1005 1600 1032 1627 in
1048 1599 1168 1629 Palatino
1186 1601 1276 1638 prima
1290 1601 1360 1629 Urbi
1375 1600 1550 1629 fundamenta
1562 1600 1632 1636 jeci,
1646 1610 1687 1628 ar-

107 1647 169 1665 cem
182 1639 240 1674 jam
254 1638 350 1667 scelere
364 1646 487 1674 emptam
502 1637 591 1665 Sabini
604 1637 701 1665 habent
716 1658 723 1669 ,
752 1637 814 1665 inde
827 1636 878 1665 huc
897 1638 994 1665 armati
1007 1636 1126 1674 superata
1145 1639 1235 1666 media
1256 1638 1324 1667 valle
1343 1640 1465 1668 tendunt.
1505 1642 1548 1666 At
1565 1645 1595 1666 tu
1609 1647 1687 1672 pater

104 1675 193 1703 Deam
204 1677 380 1714 hominumque
395 1697 403 1707 ,
421 1675 578 1713 hincfizlteff
591 1685 645 1702 arce
657 1674 731 1713 hostes
745 1697 753 1708 ,
772 1677 844 1702 deme
855 1683 974 1703 terrorem
987 1675 1105 1703 Romanis
1118 1698 1127 1709 ‚
1147 1676 1288 1715 fitgamque
1299 1677 1400 1714 foedam
1410 1676 1479 1717 fiste.
1521 1676 1571 1703 Hic
1583 1686 1626 1713 ego
1640 1675 1687 1704 tibi

105 1714 227 1748 templum
240 1719 339 1742 Statori
351 1717 416 1744 on-t,
438 1714 506 1752 quod
518 1712 701 1741 monimentum
707 1710 745 1748 fit
753 1712 853 1749 posteris
865 1722 911 1740 ma
919 1713 1032 1749 prasenti
1043 1723 1085 1748 ope
1094 1716 1227 1749 strumam
1243 1713 1288 1751 esse
1299 1714 1390 1743 Urbem
1406 1736 1412 1747 ,
1431 1724 1518 1745 voveo.
1536 1714 1599 1747 &a
1618 1717 1684 1742 Haec
1704 1741 1705 1744 ,

105 1750 162 1779 fert}
176 1751 278 1785 Livius,
302 1753 344 1779 cui
357 1752 490 1780 consentit
504 1752 661 1778 Plutarchus.
686 1752 720 1778 Et
734 1749 864 1789 Diotrffucs
878 1750 983 1784 scribit,
1002 1755 1086 1779 Iovem
1098 1757 1226 1780 Statorem
1238 1752 1357 1785 dietum,
1379 1754 1451 1789 quod
1467 1753 1616 1780 exercitum
1625 1753 1683 1780 Ro-

105 1790 175 1818 muli
188 1790 336 1828 fugientem
353 1791 411 1826 post
425 1799 516 1826 preces
530 1790 595 1817 stare
609 1789 724 1821 fecisset,
746 1793 771 1818 ὃς
785 1791 823 1817 uti
836 1789 943 1818 viribus.
985 1789 1038 1818 Alii
1057 1789 1072 1817 ὲ
1084 1789 1177 1828 stando
1192 1800 1293 1819 nornen
1306 1800 1369 1818 eum
1382 1791 1480 1819 habere
1494 1790 1597 1819 volunt.
1638 1794 1684 1818 Sc-

105 1837 164 1855 neca
177 1837 271 1857 contra
283 1829 398 1856 historiae
413 1828 508 1861 fidem,
531 1827 575 1856 sed
589 1837 682 1856 tamen
695 1838 751 1855 non
765 1828 850 1859 male,
870 1831 996 1855 Statorem
1011 1828 1115 1856 dictum
1129 1829 1180 1860 ait,
1193 1827 1267 1865 quod
1282 1829 1337 1864 ejus
1351 1829 1483 1857 beneficio
1496 1829 1564 1856 stent
1578 1829 1681 1857 omnia.

107 1866 140 1892 In
152 1867 264 1904 antiquis
277 1868 398 1894 nummis
413 1867 574 1903 conspititur
588 1867 645 1903 ejus
660 1867 695 1894 fin
710 1866 847 1894 ulachrum
858 1887 864 1897 ‚
886 1865 975 1894 forma
988 1867 1072 1898 nuda,
1093 1867 1185 1894 dextra
1198 1866 1268 1893 hasta
1281 1868 1383 1899 nitens,
1404 1868 1503 1895 finistra
1519 1867 1623 1894 fulmen
1636 1866 1682 1894 ha-

106 1902 181 1930 bens.
199 1905 347 1942 Templum
366 1906 438 1942 quod
453 1907 477 1932 ei
492 1905 506 1932 a
521 1905 645 1932 Romulo
658 1905 810 1932 extmtium
828 1905 878 1936 est,
898 1905 977 1933 fitum
992 1905 1043 1932 fuit
1057 1906 1085 1932 in
1098 1905 1188 1933 Palatii
1203 1904 1304 1937 radice,
1317 1906 1358 1933 uti
1371 1903 1454 1932 Cicero
1466 1905 1680 1942 testatur,quan-

106 1950 188 1978 quam
201 1941 250 1971 fint
261 1945 306 1981 qui
320 1954 376 1972 non
391 1944 542 1980 templum,
562 1943 605 1971 sed
620 1942 761 1971 delubrum
777 1943 790 1970 a
806 1943 928 1971 Romulo
941 1943 1101 1972 aedificatum
1117 1943 1167 1970 esse
1181 1943 1264 1971 velint
1285 1944 1312 1970 in
1327 1945 1399 1971 circo
1413 1943 1554 1971 Flaminio.
1596 1945 1682 1970 Tem-

106 1978 182 2015 plum
196 1988 284 2009 autem
298 1983 349 2010 hoc
362 1982 376 2010 ὲ
389 1987 428 2009 M.
440 1981 532 2009 Attilio
547 1981 640 2019 Regulo
655 1981 761 2010 consule
775 1982 802 2008 in
816 1981 888 2009 bello
901 1982 1051 2009 Samnitico
1065 1989 1161 2009 votum
1176 2002 1182 2013 ‚
1205 1984 1232 2009 ὅ(
1247 1980 1335 2017 posted
1348 1981 1514 2010 extmetum:
1534 1990 1586 2018 qua
1601 1981 1636 2009 de
1649 1990 1679 2009 re

106 2017 177 2044 Livii
189 2019 268 2047 verba
280 2020 426 2048 adscribere
439 2020 512 2049 libet.
553 2024 623 2047 Inter
637 2020 693 2052 hac,
716 2021 802 2057 inquit
812 2040 819 2050 ‚
839 2020 888 2053 (de
896 2018 978 2054 prelio
990 2029 1046 2046 cum
1059 2018 1219 2046 Samnitibus
1229 2019 1347 2057 loquens)
1370 2019 1462 2051 Conlul
1476 2029 1567 2047 manus
1577 2019 1681 2053 adpra-

104 2053 169 2082 lium
180 2057 294 2084 attollens
304 2078 313 2091 ,
332 2069 387 2086 voce
400 2058 469 2086 clara
483 2079 490 2090 ‚
509 2057 548 2085 ita
561 2067 590 2085 ut
603 2058 767 2084 exaudiretur
779 2077 786 2091 ,
807 2057 928 2091 templum
939 2055 1007 2093 Jovi
1023 2056 1118 2084 Statori
1138 2065 1210 2084 roret
1224 2077 1231 2088 ‚
1250 2055 1281 2094 fi
1295 2055 1434 2095 constitiffi‘t
1454 2056 1471 2084 ax
1483 2058 1547 2095 sitga
1564 2061 1680 2084 Romana

103 2092 180 2124 acies,
199 2094 415 2136 redintegratoque
424 2096 504 2131 pralio
516 2095 635 2133 cecrdiffl⁹t
647 2117 654 2128 ,
674 2094 816 2134 i*iciffi=tque
827 2095 930 2132 legiones
944 2094 1108 2123 Samnitium.
1148 2095 1181 2122 Et
1194 2094 1273 2131 paulo
1287 2096 1346 2131 post
1360 2106 1364 2122 :
1393 2095 1504 2123 Fabium
1518 2097 1554 2123 ait
1567 2095 1681 2123 scribere

106 2130 207 2158 bellum
221 2131 235 2159 a
249 2134 409 2162 Samnitibus
424 2136 451 2162 in
467 2135 601 2162 Etruriam
617 2133 774 2161 transsatum
791 2153 798 2165 ‚
827 2135 855 2161 ὃς
875 2133 907 2160 ad
921 2133 1063 2160 Luceriam
1077 2140 1227 2170 pugnatum
1241 2144 1246 2160 :
1273 2134 1302 2161 in
1314 2142 1365 2170 qua
1376 2142 1467 2171 pugna
1485 2133 1550 2161 Iovis
1567 2133 1679 2161 Statoris

104 2170 171 2197 aedes
185 2178 247 2198 vota
260 2171 306 2203 fit,
326 2180 356 2199 ut
370 2173 504 2200 Romulus
518 2171 579 2200 ante
589 2180 713 2200 voverat:
735 2171 778 2198 sed
795 2170 887 2198 fanum
902 2179 1007 2200 tantum
1017 2193 1024 2204 ,
1046 2171 1073 2199 id
1087 2173 1138 2203 est,
1157 2171 1249 2199 locum
1263 2171 1367 2207 templo
1381 2173 1492 2200 eflatum
1501 2193 1508 2204 ‚
1528 2172 1586 2208 jam
1599 2171 1681 2199 sacra-

104 2216 163 2237 tum
178 2208 260 2236 fuifle.
282 2211 415 2239 Caeterum
428 2210 480 2239 hoc
495 2211 607 2238 demum
620 2219 705 2242 anno,
727 2218 756 2238 ut
769 2210 854 2237 aedem
870 2211 951 2238 etiam
969 2210 1025 2237 fieri
1039 2211 1148 2238 Senatus
1161 2209 1266 2246 juberet
1279 2230 1288 2241 ,
1308 2209 1348 2237 bis
1362 2209 1482 2247 ejusdem
1496 2210 1554 2238 voti
1568 2211 1678 2237 damna-

100 2245 160 2274 tam
176 2246 322 2283 Rempubl.
336 2248 363 2274 in
376 2248 534 2286 religionem
548 2248 654 2276 veniss'e.
679 2251 744 2276 Haec
759 2247 812 2276 ille.
839 2254 864 2274 A
880 2253 910 2276 P.
924 2247 1018 2275 ViHore
1031 2247 1172 2276 delubrum
1187 2247 1333 2276 collocatur
1346 2249 1375 2276 in
1388 2250 1500 2286 regione
1512 2259 1552 2276 ix.
1567 2257 1624 2285 quae
1640 2248 1680 2274 di-

103 2287 172 2314 citur
186 2289 272 2312 Circus
287 2285 438 2313 flaminius.
476 2287 624 2323 Templum
638 2288 666 2314 in
680 2288 790 2324 regione
805 2296 830 2313 x.
845 2287 887 2314 cui
900 2296 1003 2314 nomen
1017 2285 1158 2314 Palatium.
1199 2286 1342 2314 Marlianus
1358 2286 1464 2319 scribit,
1486 2287 1558 2324 quod
1573 2294 1680 2321 tempo-

102 2333 132 2351 re
147 2324 265 2351 Neronis
279 2323 331 2351 hoc
344 2324 477 2360 templum
492 2326 626 2358 exustum,
646 2334 783 2362 nunquam
798 2324 878 2352 fuerit
892 2325 1050 2352 restitutum.
1080 2324 1231 2352 Delubrum
1247 2324 1309 2352 Iovis
1326 2323 1437 2352 Statoris
1452 2326 1533 2352 etiam
1550 2328 1574 2351 T
1573 2322 1682 2350 eremius

102 2366 199 2395 Varro,
220 2364 319 2390 citante
333 2360 468 2393 Macrobio,
489 2363 515 2389 in
531 2364 602 2391 circo
616 2363 747 2390 Flaminio
763 2363 837 2390 fuiffe
853 2363 942 2389 icribit
959 2384 966 2394 ,
986 2362 1057 2399 quod
1071 2361 1216 2390 Vidiruvius
1231 2372 1316 2399 prope
1332 2364 1472 2390 porticum
1488 2361 1591 2390 Metelli
1608 2361 1683 2388 fuiss'e

100 2401 172 2429 dicit.
212 2402 247 2428 Et
261 2400 313 2428 hoc
329 2399 433 2429 forrass'e
448 2399 461 2427 -21
474 2405 514 2428 M.
529 2401 623 2428 Attilio
641 2401 734 2439 Regulo
751 2401 811 2428 Cos.
827 2410 922 2429 votum
936 2401 980 2428 est.
1022 2401 1052 2428 In
1068 2401 1171 2438 templo
1192 2400 1273 2438 Joris
1295 2405 1405 2428 Statoris
1428 2403 1537 2428 Senarus
1556 2409 1679 2427 nonnun-

98 2447 179 2477 quam
193 2438 352 2470 habebatur,
375 2441 402 2467 ὃς
416 2438 643 2468 Senatusconsulta
658 2439 770 2471 fiebant,
791 2439 829 2467 uti
844 2449 876 2467 ex
893 2438 1008 2467 Cicerone
1020 2438 1155 2467 discimus.

1573 2478 1669 2513 Juri-
