2075 2734
467 89 516 118 DE
539 86 732 123 L·oco{u1³1
752 89 845 117 Luni
867 98 950 116 sin-r
973 97 1155 124 exurat-ri,
1176 92 1230 122 διε,
1270 85 1352 121 cn:
1369 92 1398 129 ᾗ
1661 97 1718 136 *313

149 141 226 179 {ujus
240 138 279 168 rei
292 137 444 168 testimonia
457 137 571 174 plurima
584 139 611 167 in
625 139 731 167 historia
743 136 812 166 Livii
827 140 854 167 &
869 138 982 166 aliorum
994 147 1093 168 extant.
1132 140 1184 168 Sed
1199 143 1225 170 δε
1239 142 1271 169 ad
1286 142 1400 170 Paron}
1412 141 1510 171 Urbani
1520 144 1626 179 officium
1640 149 1724 182 perti-

151 181 224 211 nuit,
241 177 346 214 iignum
360 176 422 204 dare
436 177 575 205 mittendis
589 178 722 215 quadrigis
735 188 741 204 :
769 177 904 214 roirca
915 175 971 213 ipso
986 187 1180 214 nonnunquam
1197 179 1271 207 bellis
1284 190 1431 218 occupato,
1450 190 1530 219 atque
1543 183 1665 217 absente,
1686 186 1727 214 di-

149 218 208 245 {tus
221 214 340 243 Dicvator
353 214 420 245 fuit,
442 215 488 251 qui
508 216 535 242 in
551 215 672 242 Praetoris
692 215 782 242 locum
797 214 922 242 ludorum
938 222 1062 250 tempore
1077 216 1182 253 fignum
1197 218 1337 247 mittendis
1344 220 1478 257 quadrigis
1485 221 1569 249 daret.
1591 223 1673 259 Qod
1680 234 1725 251 au-

150 261 208 282 tem
223 254 255 281 ad
267 253 337 280 ludos
343 251 460 287 funebres
474 253 569 279 attinet
581 272 590 284 ,
616 262 661 279 eos
673 252 710 280 illi
724 258 848 280 curarunt
862 273 869 283 ‚
897 253 924 279 &
942 250 1120 281 exhibuerunt
1134 274 1141 285 ‚
1169 255 1213 291 qui
1234 258 1352 292 proximi
1374 257 1565 286 defunctorum
1580 281 1586 289 ‚
1614 261 1643 287 in
1657 271 1723 298 quo-

147 301 210 319 rum
231 291 364 318 honorem
385 288 439 316 ludi
453 289 647 317 celebrabantur
659 311 667 322 ,
694 290 810 317 haeredes
825 289 941 317 fuerunt.
980 291 1183 327 Nonnunquam
1200 298 1291 321 tamen
1307 297 1333 323 ὃς
1347 294 1375 322 hi
1389 295 1421 323 ab
1434 295 1556 323 AEds‘lr'bus
1569 300 1652 326 curati
1670 299 1726 327 fu-e-

148 336 227 360 runt,
248 330 275 357 id
289 329 361 366 quod
374 337 407 356 ex
420 327 497 367 omni
511 328 635 354 Romana
647 327 755 355 historia
767 327 931 365 intelligitur.
959 327 1083 363 Exceptis
1098 329 1179 364 igitur
1192 329 1260 357 ludis
1266 332 1427 366 funebribus,
1447 333 1565 371 reliquos
1581 335 1621 363 vel
1638 338 1727 374 Reges

149 367 324 395 exhibuerunt
337 387 344 398 ,
372 373 402 393 ut
421 364 532 398 ctrcenst‘s
543 384 552 395 ,
578 365 620 392 vel
640 365 768 393 Consules
789 367 816 393 ὃς
839 367 966 393 Praetores
981 385 988 396 ‚
1016 374 1046 393 ut
1060 366 1169 393 eosdem
1186 387 1193 398 ,
1220 369 1286 395 item
1293 370 1423 403 saculares
1438 374 1465 400 &
1478 371 1656 406 Apollinares:
1683 375 1725 402 ve'l

146 404 247 432 AEdiles
260 404 357 441 plebeji
370 424 378 436 ,
403 409 433 431 ut
440 400 543 435 plebejos
557 421 564 433 ‚
593 403 636 431 vel
651 403 751 432 AEdiles
765 402 876 430 Curules
890 422 898 432 .
917 410 947 430 ut
960 413 1062 439 magnos
1074 403 1234 441 megalenses,
1255 405 1315 438 (avc.
1357 410 1481 437 Tandem
1496 411 1574 438 omni
1591 412 1727 448 Reipubli-

146 452 183 470 cae
195 443 324 479 potestate
336 441 363 467 in
376 448 460 467 unum
475 439 596 467 transsata
611 461 618 472 ‚
646 442 825 479 Imperatores
838 442 920 470 etiarn
934 439 988 468 hoc
1001 450 1099 469 munus
1112 441 1159 469 fibi
1173 441 1340 479 sumpserunt
1354 465 1360 477 ,
1381 448 1454 484 quod
1470 457 1502 476 ex
1516 448 1631 476 Suetonio
1646 452 1673 479 ὅς
1687 451 1725 478 se-

143 480 285 517 quentibus
300 478 427 508 historicis
440 476 618 514 cognoscitur.

839 540 863 566 C
884 549 898 566 A
922 549 944 566 r.
985 539 1035 566 IV.

173 601 228 635 De
241 600 324 639 loco,
348 596 397 632 ubi
414 595 482 631 ludi
491 598 553 644 sint
567 596 706 632 exhibiti.
733 600 877 633 Decirco
895 601 1052 640 maximo,
1077 599 1190 642 circis,
1216 596 1363 642 theatris,
1389 605 1436 633 ἐφ’
1453 601 1686 648 amphitheatro.

135 678 241 740 Ludi
255 680 376 715 primum
389 679 417 705 in
430 677 511 713 infida
525 676 644 705 Tiberina
657 678 766 706 exhibiti
784 677 856 706 sunt,
878 677 952 706 nullo
968 678 1000 705 ad
1015 678 1040 705 id
1054 684 1129 706 certo
1143 678 1287 706 constituto
1300 677 1375 710 loco,
1394 677 1438 705 sed
1452 678 1483 705 ab
1496 678 1576 708 altera
1589 690 1664 718 parte
1674 685 1721 713 Ti-

214 717 283 745 beris
296 727 346 754 pro
361 725 435 744 meta
448 724 518 748 erat,
538 715 570 743 ab
584 716 665 743 altera
673 715 746 744 enses
753 715 932 752 ponebantur,
954 716 1016 744 teste
1023 716 1112 743 Servio
1120 716 1227 754 Virgilii
1235 716 1387 753 interprete.
1409 716 1513 744 Primus
1521 721 1645 747 omnium
1654 726 1719 748 Tar.

138 754 242 794 quinius
261 755 359 789 Priscus
380 758 415 782 V.
428 756 617 781 Romanorum
635 756 693 782 Rex
706 773 713 782 .
740 755 843 782 circum
859 755 1010 782 maximum
1027 755 1151 782 extruxit.
1178 755 1220 782 Sic
1232 755 1306 782 enim
1319 753 1379 781 Liv.
1393 753 1438 782 lib.
1458 765 1480 782 1.
1509 758 1582 782 Turn
1597 759 1718 792 primurn

138 792 215 824 circo,
236 795 281 830 qui
302 803 373 821 nunc
388 793 521 820 maximus
535 792 644 823 dicitur,
664 792 812 829 designatus
825 791 898 820 locus
911 793 960 819 est:
980 791 1038 819 loca
1053 791 1134 820 divisa
1147 792 1280 826 Patribus,
1301 792 1508 830 Equitibusque,
1529 793 1573 821 ubi
1587 795 1720 831 spectacu-

137 830 163 858 la
176 831 222 858 fibi
236 831 346 868 quisque
357 830 475 858 facerent
490 850 497 861 ‚
516 828 570 865 sori
583 829 704 866 appellati
717 851 723 861 ‚
751 829 900 866 spectavere
915 851 921 861 ‚
948 829 1028 857 furcis
1039 830 1177 858 duodenos
1192 851 1200 862 ‚
1221 830 1252 858 ab
1268 838 1338 858 terra
1352 831 1496 867 spectacula
1510 830 1561 858 alta
1573 832 1718 862 sustinenti-

136 869 186 897 bus
199 870 287 905 pedes.
314 871 377 896 Haec
392 867 450 895 Liv.
463 866 566 903 Dionys?
577 874 668 895 tamen
685 868 754 895 libro
766 878 789 904 3.
802 877 858 895 non
872 870 938 895 rude
952 876 1056 895 tantum
1069 868 1210 896 :edificium
1226 868 1312 905 ipsum
1327 868 1480 898 extruxiffe.
1503 868 1546 896 std
1561 869 1717 907 elegantissi-

136 916 185 935 me
204 907 284 934 etiarn
299 906 434 934 exornasse
445 904 535 933 scribit
549 915 555 932 ε
583 906 658 942 cujus
671 906 726 933 haec
742 905 800 933 sunt
814 916 846 933 ex
860 906 979 934 verlione
992 904 1147 943 Siglsmundt
1161 906 1258 934 Gelenis'
1270 918 1278 932 ,¹
1306 907 1384 934 Idem
1398 907 1557 944 Tarquinius
1576 908 1676 936 Priscus
1688 911 1715 937 in

135 944 195 972 circo
211 944 325 972 maximo
343 944 413 972 inter
432 943 579 971 Palatinum
596 946 622 972 ὃς
639 943 806 971 Aventinum
822 952 929 972 montes
943 944 993 972 fito
1007 965 1014 975 ‚
1040 945 1142 980 primus
1157 946 1364 982 circumquaque
1377 952 1471 981 operta
1484 945 1558 972 teoto
1573 945 1637 974 fecit
1650 946 1716 975 sedi-

135 983 177 1011 lia.
211 983 285 1010 Nam
305 989 383 1010 antea
403 982 498 1009 stantes
516 981 633 1018 spectare
644 981 762 1010 solebant
776 981 855 1010 furcis
866 980 980 1010 tabulata
993 981 1185 1011 sustinentibus.
1216 987 1289 1010 Locos
1293 982 1490 1018 spediuculorum
1505 984 1532 1011 in
1547 985 1657 1021 triginta
1671 995 1715 1013 cu-

134 1021 186 1048 rias
196 1020 341 1051 distribuit,
361 1027 390 1048 ut
402 1018 535 1046 curialium
548 1019 657 1056 quisque
670 1019 717 1047 suo
732 1019 793 1047 loco
807 1020 967 1056 speshiturus
980 1019 1083 1048 sederet
1098 1031 1102 1047 z
1124 1021 1196 1058 quod
1211 1030 1277 1057 opus
1292 1023 1319 1049 δε
1333 1020 1419 1057 ipsum
1433 1022 1595 1058 procedente
1608 1031 1715 1059 tempo-

134 1068 165 1086 re
179 1059 411 1086 annumerandum
431 1064 487 1085 erat
506 1059 575 1085 inter
588 1057 733 1095 spectacula
746 1059 827 1087 totius
854 1058 925 1086 urbis
940 1057 1128 1094 pulcherrima.
1154 1059 1293 1096 Longzrudo
1308 1060 1380 1086 enim
1397 1060 1453 1095 ejus
1468 1060 1503 1086 est
1520 1061 1602 1087 trium
1618 1061 1714 1088 stadio-

134 1105 197 1124 rum
211 1106 273 1124 cum
289 1097 404 1124 dimidio
417 1116 424 1127 ,
448 1094 558 1122 latitudo
572 1103 686 1132 quatuor
693 1096 821 1134 jugerum
835 1107 842 1127 ς
872 1096 885 1123 a
899 1095 1002 1124 duobus
1016 1097 1162 1132 majoribus
1176 1097 1299 1124 lateribus
1314 1118 1321 1128 ‚
1344 1099 1368 1125 δί
1385 1107 1440 1125 uno
1455 1098 1578 1128 minore,
1597 1099 1713 1135 cingitur

133 1133 218 1168 euripo
227 1155 234 1166 ‚
260 1135 306 1171 qui
325 1143 403 1171 aquas
417 1133 526 1170 recipiat
538 1153 546 1163 ‚
571 1135 755 1171 decempedali
768 1135 951 1170 profunditate
962 1134 1055 1166 fimul,
1084 1137 1111 1163 &
1125 1134 1272 1163 latitudine.
1314 1136 1373 1162 Post
1387 1134 1499 1169 euripum
1514 1137 1639 1164 extruetae
1652 1136 1711 1165 sunt

133 1171 275 1207 triporticus
288 1193 295 1203 ,
321 1173 382 1199 imce
401 1171 500 1199 habent
519 1171 619 1207 lapidea
636 1172 745 1208 paulum
765 1171 916 1199 scandentia
938 1171 1023 1204 (ficut
1041 1173 1068 1198 in
1088 1172 1215 1207 theatris)
1227 1171 1319 1206 jedaia
1335 1193 1342 1204 ‚
1365 1173 1441 1208 super
1462 1173 1560 1209 duplici
1574 1175 1712 1210 contigna-

129 1210 210 1238 tione
223 1209 282 1237 sunt
295 1210 381 1246 lignea
394 1229 403 1238 ,
431 1209 494 1235 duas
507 1209 624 1244 majores
634 1210 752 1244 porticus
771 1209 847 1236 tertia
870 1209 952 1236 minor
972 1210 1113 1245 conjungit
1133 1210 1300 1237 transversim
1314 1210 1402 1238 lunata
1421 1210 1506 1246 specie
1518 1211 1633 1247 apposita
1647 1232 1654 1242 ‚
1680 1220 1710 1239 ut

135 1256 167 1274 ex
188 1247 272 1275 tribus
291 1256 343 1273 una
363 1246 541 1276 conficiatur,
564 1245 780 1280 amphitheatralis
791 1249 817 1275 S.
840 1248 983 1274 stadiorum
1006 1247 1181 1282 amplitudine
1200 1256 1280 1283 capax
1306 1257 1414 1275 centum
1438 1248 1629 1284 quinquaginta
1649 1249 1711 1276 mil-

134 1284 170 1312 lia
185 1284 338 1313 hominum.
379 1283 525 1320 Reliquum
547 1282 562 1310 ἐ
580 1284 728 1311 minoribus
742 1283 809 1312 latus
822 1305 830 1316 ,
857 1285 929 1322 quod
935 1283 1051 1318 subdiale
1064 1285 1099 1311 est
1113 1305 1120 1316 ‚
1148 1284 1227 1312 habet
1242 1285 1387 1313 fornicatos
1400 1295 1516 1313 carceres
1531 1306 1538 1316 ‚
1566 1287 1635 1313 unde
1649 1288 1709 1323 equi

134 1323 296 1351 emittuntur
311 1343 318 1354 ,
344 1331 439 1349 omnes
458 1331 513 1348 uno
533 1321 631 1349 clausos
651 1322 778 1358 repagulo
790 1342 798 1355 ,
825 1331 933 1350 externe
948 1323 1042 1350 ambit.
1081 1322 1181 1349 Circum
1185 1322 1294 1361 simplex
1307 1324 1431 1351 conteeta
1444 1325 1561 1359 porticus
1575 1344 1582 1354 ‚
1610 1323 1722 1357 habens,

132 1360 252 1388 officinas
272 1363 298 1389 &c
317 1359 428 1395 superne
446 1359 523 1386 cellas
536 1380 543 1391 ,
562 1368 610 1395 per
629 1368 691 1396 quas
710 1360 868 1396 limitatur-es
888 1362 1008 1389 intrant,
1030 1363 1055 1388 &
1075 1359 1218 1388 ascendunt
1236 1370 1284 1396 per
1302 1362 1422 1388 officinas
1444 1361 1567 1397 lingulas,
1588 1370 1616 1389 ut
1637 1363 1707 1390 nulla

132 1398 253 1426 confusio
273 1399 407 1425 exoriatur
428 1397 498 1424 inter
516 1403 558 1424 tot
577 1396 720 1424 hominum
742 1397 825 1425 millia
839 1418 846 1429 ‚
873 1407 931 1425 tum
953 1399 1086 1426 venientia
1099 1419 1107 1429 ,
1135 1406 1194 1425 tum
1214 1398 1381 1426 discedentia.
1421 1400 1555 1426 Haetenus
1572 1399 1708 1438 Dtonlfiu.

131 1437 227 1464 Dietus
247 1437 328 1472 igitur
341 1435 376 1462 est
390 1434 466 1460 circus
478 1455 487 1466 ‚
511 1435 583 1471 quod
596 1435 624 1462 in
638 1435 750 1462 circuitu
763 1435 914 1471 speetaculis
930 1436 1062 1463 :edificatis
1076 1435 1129 1462 ludi
1144 1436 1181 1462 ibi
1198 1436 1291 1463 fierent
1307 1457 1314 1468 ‚
1343 1439 1368 1464 ὅ(
1383 1437 1454 1473 quod
1469 1437 1522 1463 illic
1531 1434 1634 1463 circuni
1646 1448 1706 1465 me-

131 1481 170 1502 tas
182 1473 294 1501 ferretur
306 1476 421 1508 pompa,
443 1473 469 1499 &
484 1472 544 1509 equi
557 1480 702 1500 currerent.
728 1473 781 1500 Alii
794 1473 807 1500 ὲ
821 1473 892 1500 Circe
907 1474 1037 1504 venetica,
1058 1473 1118 1500 solis
1133 1473 1199 1504 filia,
1220 1483 1321 1501 nomen
1336 1474 1432 1501 habere
1445 1474 1551 1505 volunt,
1573 1476 1643 1510 quod
1659 1486 1704 1503 an-

129 1519 207 1540 notat
227 1511 374 1538 Tertullian.
394 1509 463 1537 libro
483 1511 604 1547 singulari
624 1511 658 1538 de
672 1510 822 1546 spectaculis
835 1531 842 1542 ‚
868 1511 913 1538 ubi
927 1514 953 1539 δε
968 1511 1023 1539 haec
1036 1512 1069 1538 de
1084 1512 1249 1539 ornamentis
1263 1512 1318 1538 circi
1330 1512 1406 1539 affert
1419 1522 1424 1538 τ
1451 1511 1557 1548 Singula
1567 1533 1573 1542 ,
1602 1513 1704 1548 inquit,

130 1555 290 1577 ornamenta
302 1547 371 1580 circi,
392 1548 490 1585 singula
503 1548 606 1584 templa
617 1548 692 1580 sunt,
712 1558 763 1577 ova
777 1549 873 1576 honori
893 1550 1034 1576 Castorum
1054 1549 1217 1580 adscribunt,
1247 1551 1292 1586 qui
1312 1550 1369 1577 illos
1386 1559 1440 1576 ovo
1462 1550 1547 1576 editos
1566 1550 1700 1578 credendo

129 1588 163 1614 de
176 1595 267 1623 cygno
280 1589 349 1624 Jove
362 1596 416 1613 non
430 1584 595 1614 erubescunt.
635 1586 766 1620 Delphines
783 1588 913 1623 Neptuno
927 1594 1036 1617 vovent,
1050 1586 1261 1622 columnasseffias
1278 1587 1291 1615 a
1304 1586 1554 1618 sementationibus,
1573 1589 1670 1622 meffras
1691 1588 1704 1616 ὰ

128 1623 270 1655 ωεῖῑώυε,
289 1623 408 1652 tutelmas
421 1624 434 1651 ἐι
448 1623 536 1651 tutelis
549 1624 684 1652 fruituum
699 1625 833 1652 sustinent.
851 1634 912 1652 ante
926 1625 969 1652 has
983 1633 1035 1652 tres
1048 1634 1112 1657 arae,
1132 1626 1208 1653 trinis
1220 1626 1276 1653 Diis
1283 1634 1376 1662 parent
1386 1646 1392 1657 ,
1412 1624 1702 1662 magnis,potentibus,

128 1660 283 1692 valentibus.
325 1661 439 1689 Eosdem
455 1662 628 1688 Samothracas
643 1663 800 1690 existimant.
827 1662 929 1697 Obehsti
948 1664 1093 1691 enormitas
1109 1683 1116 1694 ‚
1143 1671 1172 1690 ut
1185 1664 1342 1691 Hermateles
1355 1663 1473 1691 affirmat
1485 1683 1493 1694 ‚
1519 1662 1565 1690 loli
1578 1663 1704 1699 prostitu-

127 1709 167 1730 ta:
188 1700 314 1736 scripmra
334 1700 403 1735 ejus,
423 1700 494 1727 unde
515 1701 541 1728 ὅ(
555 1699 659 1731 censuS,
680 1701 712 1728 de
720 1703 840 1737 AEgypto
854 1699 1002 1736 superstitio
1014 1701 1059 1728 est.
1098 1699 1223 1738 FrigeBat
1234 1703 1397 1729 Daemonum
1411 1700 1571 1731 concilium,
1592 1700 1646 1727 fine
1658 1700 1702 1729 lua

129 1742 219 1768 Matre
238 1748 350 1776 magna,
371 1747 400 1765 ea
421 1739 508 1775 itaque
521 1737 575 1765 illic
587 1737 706 1774 praefidet
719 1740 817 1774 euripo.
850 1740 942 1774 Confhs
954 1739 1022 1775 apud
1039 1746 1124 1767 metas
1143 1738 1190 1766 sub
1210 1747 1280 1768 terra
1298 1739 1436 1767 delitescit.
1469 1737 1581 1764 Murtias
1595 1747 1702 1776 quoque

124 1778 229 1806 idolum
242 1777 314 1805 fecit.
332 1775 459 1803 Martiam
473 1777 546 1803 enim
560 1780 643 1803 Deam
656 1777 756 1804 amoris
769 1776 877 1807 volunt,
899 1778 941 1804 cui
953 1778 980 1804 in
994 1776 1038 1804 illa
1049 1785 1124 1813 parte
1134 1777 1218 1804 aedem
1227 1787 1334 1805 vovere.
1352 1780 1416 1805 Haec
1423 1776 1530 1804 Tenum
1549 1777 1626 1803 Idem
1634 1786 1699 1813 pau·
1737 1775 1743 1781 '

126 1816 155 1844 lo
167 1822 241 1843 ante:
261 1814 348 1843 Circus
362 1814 407 1841 soli
420 1813 600 1852 principaliter
613 1814 794 1842 consecratur:
815 1815 889 1850 cujus
902 1815 969 1842 aedes
981 1816 1073 1842 medio
1086 1814 1184 1852 spatio,
1206 1818 1232 1844 δε
1247 1816 1348 1853 effigies
1362 1814 1506 1851 defastigio
1514 1814 1573 1841 cedis
1582 1816 1696 1848 emicat,

125 1854 199 1891 quod
210 1863 266 1881 non
278 1853 429 1890 putaverint
446 1851 492 1878 sub
506 1852 579 1879 tecto
592 1852 800 1880 consecrandum
817 1873 823 1883 ,
851 1862 932 1889 quem
946 1854 972 1880 in
982 1860 1076 1889 aperto
1087 1852 1194 1882 habent.
1228 1855 1296 1890 Qae
1308 1854 1341 1881 de
1353 1852 1404 1880 ovis
1419 1854 1445 1879 ὅ(
1458 1850 1576 1885 delphinis
1590 1853 1698 1880 Tertul-

125 1892 190 1920 lian.
200 1892 266 1919 dicit
278 1912 286 1923 ‚
311 1891 345 1918 fic
358 1890 417 1918 sunt
429 1889 600 1927 intelligenda
613 1911 620 1921 ‚
647 1892 718 1928 quod
733 1891 832 1918 fuerint
845 1899 925 1926 opera
938 1892 1053 1920 rotunda
1066 1911 1073 1922 ‚
1094 1891 1179 1927 specie
1190 1901 1304 1919 ovorum
1315 1912 1324 1923 ,
1345 1891 1464 1927 quaedam
1481 1890 1562 1917 etiam
1577 1890 1698 1918 animan-

124 1931 195 1958 tium
208 1936 238 1957 ut
250 1928 436 1966 delphinorum
450 1927 546 1956 formis
558 1930 695 1965 expressis,
714 1938 771 1966 quae
783 1929 986 1957 converfionem
1001 1931 1027 1957 δε
1040 1928 1188 1957 flexionem
1202 1929 1289 1957 cursus
1301 1929 1469 1956 ostenderent
1481 1926 1513 1954 ab
1522 1929 1641 1964 Agrippa
1646 1938 1696 1965 po-

125 1968 185 1999 fita,
206 1976 268 1995 cum
280 1974 390 2003 propter
401 1966 603 1994 similitudinem
618 1975 766 1998 metarum,
786 1975 898 2003 quarum
913 1966 1004 1994 multae
1016 1967 1044 1993 in
1056 1965 1120 1993 circo
1132 1974 1221 1999 erant,
1240 1968 1387 2003 aurigantes
1396 1987 1402 1997 ‚
1422 1965 1487 2001 saepe
1500 1975 1555 1993 non
1569 1966 1623 1993 fine
1637 1976 1695 1995 ma-

125 2015 181 2044 gno
201 2004 320 2041 periculo
335 2012 460 2032 errarent.
487 2003 647 2039 Obeliftorum
657 2025 664 2036 ‚
689 2013 805 2041 quorum
823 2005 905 2031 etiam
919 2005 1086 2032 mentionem
1100 2004 1164 2032 facit
1178 2008 1203 2032 T
1200 2005 1284 2033 ertull.
1298 2004 1440 2039 descriptio
1453 2011 1525 2031 extat
1539 2004 1607 2041 apud
1623 2008 1692 2032 Am-

124 2044 241 2071 mianum
260 2041 433 2069 Marcellinum
450 2040 496 2069 lib.
514 2052 553 2077 ¹¹7·
566 2044 640 2078 cujus
652 2051 734 2078 pauca
746 2043 867 2079 quaedam
880 2042 932 2070 huc
943 2042 1066 2069 afferam:
1087 2041 1220 2076 Obeltfius,
1243 2043 1341 2078 inquit,
1362 2043 1399 2068 est
1412 2040 1569 2077 asperrimus
1583 2042 1648 2078 lapis
1663 2044 1690 2071 in

124 2082 239 2119 figuram
260 2087 340 2108 metae
355 2079 488 2115 cujusdam
501 2080 594 2108 sensim
607 2081 638 2108 ad
652 2081 841 2117 proceritatem
855 2080 1015 2118 consurgens
1029 2079 1158 2107 excellam
1173 2101 1181 2111 ,
1206 2088 1288 2116 utque
1302 2079 1407 2107 radium
1418 2079 1555 2111 imitetur,
1580 2081 1692 2117 gracile-

122 2120 197 2148 scens
214 2118 343 2156 paulisper
354 2138 361 2149 ,
388 2117 472 2153 specie
487 2119 612 2155 quadrata
630 2120 658 2146 in
675 2120 802 2146 verticem
818 2118 962 2155 productus
980 2118 1118 2155 angustum
1132 2138 1139 2149 ‚
1165 2127 1247 2145 manu
1260 2118 1386 2155 levigatus
1400 2117 1514 2144 artificis.
1539 2122 1691 2146 Formarum

122 2166 212 2186 autem
233 2158 386 2184 innumems
402 2164 489 2188 notas,
509 2157 692 2194 hrerogljphicas
710 2156 864 2193 appellatas,
885 2165 949 2193 quas
962 2157 986 2184 ei
999 2156 1116 2192 undique
1129 2156 1251 2183 videmus
1263 2156 1367 2186 incitas,
1385 2155 1491 2182 initialis
1502 2155 1633 2191 sapientiae
1646 2166 1691 2184 ve-

121 2205 164 2225 tus
183 2195 317 2232 infignivit
338 2192 488 2221 authoritas.
522 2196 649 2222 Volucrum
670 2196 743 2222 enim
757 2214 764 2224 ,
785 2196 950 2233 ferarumque
963 2195 1045 2222 etiam
1059 2194 1136 2221 alieni
1151 2194 1244 2221 mundi
1257 2203 1353 2231 genera
1366 2193 1451 2220 multa
1465 2192 1610 2229 sculpentes
1621 2215 1630 2226 ,
1656 2196 1689 2222 ad

121 2235 171 2263 aevi
190 2242 297 2271 quoque
316 2232 446 2268 sequentis
461 2238 548 2259 aetates
564 2234 763 2269 Imperatorum
778 2232 907 2270 vulgatius
920 2232 1091 2270 perveniente
1105 2233 1238 2259 memoria
1253 2251 1260 2261 ,
1287 2230 1413 2268 promissa
1427 2231 1468 2258 vel
1482 2230 1566 2259 soluta
1581 2233 1691 2269 Regum

121 2280 186 2301 vota
198 2269 389 2299 monstrabant.
411 2270 477 2296 Non
490 2271 575 2301 enim,
596 2277 624 2298 ut
638 2281 722 2302 nunc,
742 2269 874 2297 literarum
889 2281 1008 2297 numerus·
1020 2270 1192 2306 praestitutus,
1211 2272 1238 2298 &
1253 2270 1334 2298 facilis
1348 2269 1488 2305 exprimit,
1507 2271 1631 2307 quicquid
1641 2271 1690 2298 hu-

120 2320 201 2338 mana
217 2318 293 2337 mens
307 2308 447 2343 concipere
459 2308 544 2343 potest
557 2328 564 2339 ‚
592 2308 628 2335 ita
640 2310 718 2345 prisci
734 2317 839 2345 quoque
852 2308 1031 2345 scriptitarunt
1044 2307 1148 2345 AEgyptii
1159 2320 1168 2335 :
1192 2307 1237 2335 sed
1258 2308 1361 2345 fingulae
1379 2308 1461 2334 literae
1480 2307 1586 2344 singulis
1600 2309 1691 2335 nomi-

120 2348 198 2378 nibus
211 2345 358 2376 serviebant
379 2349 404 2375 ὃς
419 2344 505 2374 verbis
516 2356 522 2377 5
533 2355 724 2384 nonnunquam
734 2345 1143 2413 lignincabantintegrosIsensus‚
1165 2347 1216 2377 &m
1236 2347 1316 2376 Paulo
1321 2346 1379 2384 post
1385 2346 1480 2386 regitat
1487 2346 1691 2409 inscriptiqnleni

1071 2394 1085 2411 r
1597 2393 1610 2411 o
1626 2394 1638 2409 e
1649 2393 1657 2408 r
1669 2393 1691 2413 c,
