2075 2734
607 99 767 130 Lrnnn
809 111 862 130 nr

92 149 118 176 in
129 149 203 175 veri-,uo
209 166 216 178 ‚
232 149 375 181 potestatum,
390 149 600 175 obnuntiationem
613 167 620 178 ‚
637 151 662 174 &
675 150 862 174 interceffionem

92 182 213 214 fignfficari
220 188 286 212 pute,
294 189 344 213 quae
349 183 412 213 leges
419 183 480 206 AEliae
487 181 561 209 fuisse,
567 182 612 211 jam
619 181 733 206 diximus.
745 182 770 205 ὅ(
779 189 859 213 quam·

91 222 164 245 quam
171 231 177 241 ‚
189 214 330 243 auspiciorum
338 230 345 241 ‚
359 214 488 245 potestatum
496 230 503 241 ,
521 213 582 237 dixit
588 229 594 240 ‚
608 213 636 236 ad
642 213 861 243 interpretationem

93 245 248 269 antecedentis
254 244 327 272 verbi,
333 247 468 276 religionum,
476 244 542 276 quod
549 242 604 274 saspe
611 243 665 267 facit
672 253 679 272 3
692 245 749 269 &in
756 245 862 269 diaione

86 277 218 309 potestatum
226 293 233 303 ‚
241 277 265 300 δε
272 276 424 300 obnunciatio
431 293 438 304 ,
451 277 476 299 &
482 275 612 299 intercessio
620 275 688 299 simu!
695 276 847 304 includuntur
856 286 861 300 ι

89 307 164 332 solam
171 315 249 331 tamen
256 307 466 332 obnuntiationem
472 307 499 331 ad
506 308 648 339 religionem
661 307 748 331 refero:
764 316 818 332 narn
827 309 861 332 in—

88 339 221 363 terceffioni
228 347 282 363 cum
290 340 405 371 religione
411 339 472 363 nihil
478 345 537 362 erat:
551 339 617 370 quod
625 340 751 371 paulolante
760 340 861 364 demon-

86 369 160 395 stravi.
176 374 263 395 Verum
270 370 299 394 fic
305 371 388 402 aliquis
394 370 599 402 argumentabitur:
606 370 631 397 fi,
638 378 692 394 cum
700 371 858 398 dixirCicero,

86 404 222 433 religionum,
229 403 379 433 auspiciorum,
384 402 603 432 potestatum‚ffiliam
610 403 687 433 legem
694 409 784 426 tantum
791 402 859 434 figni-

87 433 172 461 fieavit,
179 434 247 457 Fufia:
253 434 368 457 rationem
375 433 465 457 nullam
472 433 562 457 habuit:
576 441 616 457 cur
623 431 730 465 proxime
737 433 785 466 ipse
792 434 814 458 se
821 442 859 458 ex—

89 465 184 496 planans
192 465 272 489 intulit
280 482 286 492 ,
297 473 367 488 omnes
373 466 436 496 leges,
443 474 489 496 qua
497 467 548 493 fiant
555 466 634 497 dejure
642 482 648 492 ‚
664 465 689 489 ύ-
695 467 721 488 de
727 472 819 499 tempore
828 468 858 489 le-

82 504 140 527 gum
147 498 286 528 rogandarum
294 501 305 519 ?
319 503 374 520 nam
382 513 389 523 ‚
402 495 419 519 fi
426 497 534 528 proxima
542 496 656 527 superiora
662 497 761 528 exponit
768 514 774 524 ‚
791 497 858 529 quod

87 535 161 552 nemo
169 527 267 551 dubitat:
283 528 390 558 proxima
397 535 452 551 vero
461 529 488 551 ad
500 527 572 551 solarn
580 529 662 552 AEliam
670 529 747 559 legem
755 527 855 552 referun—

84 564 124 582 tur
131 567 137 582 ;
144 567 183 583 cur
189 567 238 582 non
246 558 341 588 subjecit
347 567 417 582 unam
426 560 588 591 potiuslegem
597 577 603 587 ,
611 568 681 590 quarn
688 567 771 583 omnes
779 560 801 583 le
819 562 854 583 esi

87 590 123 614 Est
130 591 232 614 omnino
240 591 285 614 hac
292 590 365 621 specie
372 591 499 622 probabilis
507 592 674 622 argumentatio
681 608 687 618 ,
703 599 727 614 re
734 599 791 615 vero
807 591 858 615 alsa.

86 629 154 649 nam,
169 622 226 653 quid
234 623 476 653 attinerargumentari
489 623 518 646 de
530 623 640 647 sententia
653 624 788 650 ciceronis,
801 631 855 648 cum

87 652 135 684 ipse
143 653 292 685 semetipsum
300 654 433 684 patefaciat,
449 662 518 686 atque
529 656 642 686 exponat?
658 653 749 678 videbat
761 656 856 683 majoris

85 683 130 708 effe
137 687 270 712 momenti,
286 686 363 716 legem
371 687 453 710 AEliarn
460 687 528 714 tolli,
545 694 616 718 quam
629 686 724 709 Fufiam.
739 687 855 710 namAElia

84 716 122 739 lex
129 716 310 748 perniciosarum
322 718 522 748 legumlationem
536 716 679 749 impediebat
692 717 854 741 obnunciatio-

84 755 114 771 ne
122 749 144 771 δε
152 748 323 772 intercessione:
337 749 398 773 Fufia
405 757 469 777 vero,
478 757 535 776 non,
544 756 568 772 ut
576 750 678 773 omnino
685 748 739 772 ferri
747 756 775 772 ne
783 748 855 780 poss'et

84 779 131 807 lex,
138 779 264 807 efficiebat,
271 780 309 804 sed
318 787 407 805 tantum
416 788 454 809 ‚ut
461 789 490 804 ne
496 781 555 804 fastis
562 780 643 804 diebus
650 780 734 811 posset:
748 781 856 804 comitia-

82 811 146 834 libus
158 818 235 835 autem
245 818 270 835 ut
276 811 349 843 posset
357 830 363 839 ‚
376 820 425 836 non
432 812 529 836 vetabat.
542 814 620 844 itaque
632 819 681 843 quo
688 812 855 842 plusintererat

83 843 226 873 Reipublicae
234 851 354 874 nunquam
361 843 415 867 ferri
423 844 492 867 malas
498 845 561 874 leges
569 860 575 870 ,
589 850 659 874 quam
673 844 722 866 sero
735 842 803 866 ferri:
824 850 853 866 eo

83 881 130 897 erat
138 875 312 898 utiliorcivitari
319 875 375 898 AElia
382 875 420 898 lex
428 891 434 902 ‚
448 882 499 907 quae
512 875 602 897 malum
614 873 751 905 prohibebat
759 891 765 901 ,
783 882 852 905 quam

82 904 144 928 Fufia
153 922 160 932 ,
170 912 220 936 quae
226 911 317 928 tantum
324 904 452 930 differebat.
467 906 544 937 potius
551 906 622 936 igitur
630 906 688 937 legis
694 906 756 929 AEliae
764 905 852 929 senten-

81 936 138 960 tiam
145 936 247 960 ostendit
253 937 338 960 Cicero
346 954 352 965 ‚
371 944 441 969 quam
454 936 522 961 Fufiae
529 953 536 964 ,
549 936 614 968 quod
622 937 646 960 id
655 954 662 964 ,
673 937 698 960 in
707 944 756 969 quo
764 939 854 968 gravius

82 974 209 999 peccaverat
216 968 324 996 Clodius,
332 976 527 996 commemorare,
534 969 584 1000 plus
591 968 618 992 ad
624 969 786 992 concitandam
794 970 854 992 invi-

80 1000 145 1022 diam
152 999 214 1031 posse
220 1000 371 1032 intelligebat.
379 1008 421 1024 nec
428 1007 506 1024 tamen
514 1000 569 1025 ideo
576 1001 635 1032 legis
641 1000 708 1024 Fufiae
715 999 852 1024 sententiam

80 1030 161 1056 omisit
167 1048 174 1058 ‚
188 1038 213 1054 ut
219 1031 267 1061 ejus
274 1032 450 1063 abrogationem
458 1032 548 1056 Clodio
555 1032 707 1056 condonaret.
719 1039 773 1056 nam
780 1031 853 1062 subje-

80 1063 113 1085 cit
121 1062 215 1090 deinde,
231 1064 339 1095 utlegem
347 1070 469 1095 utramque
475 1063 624 1095 significaret:
640 1067 717 1086 Omnes
725 1065 780 1094 leges
789 1081 795 1089 ⁷
808 1072 853 1094 qua

75 1096 128 1124 June
134 1096 159 1117 de
163 1097 221 1127 sure,
228 1094 254 1118 ό·
261 1097 285 1118 de
292 1102 384 1125 tempore
391 1106 398 1118 :
407 1102 510 1127 quorum
517 1096 615 1119 alterum
622 1095 649 1118 ad
655 1095 746 1122 AEiiam,
754 1096 851 1119 alterum

79 1125 107 1149 ad
113 1125 200 1150 Fufiam
208 1125 304 1156 spectare
312 1144 318 1154 ,
328 1127 373 1156 jam
380 1127 492 1151 diximus.
509 1127 581 1157 Quod
595 1126 610 1150 fi
617 1127 670 1157 quis
693 1126 745 1150 aulo
753 1126 852 1150 obstina-

79 1157 127 1180 tior
134 1158 332 1189 repugnatadhuc,
339 1166 381 1182 nec
386 1157 452 1182 facile
460 1166 541 1182 manus
547 1158 584 1181 dat
593 1175 599 1185 ,
606 1158 669 1181 cedat
685 1159 754 1181 altem
762 1158 801 1189 ἱρή
810 1159 851 1182 Ci-

77 1190 171 1213 ceroni:
187 1190 251 1218 cujus
258 1191 282 1213 in
290 1189 459 1214 consuetudine
466 1189 566 1214 notanda
578 1190 620 1213 nisi
628 1190 742 1220 plurimus
748 1189 849 1217 fuissem,

78 1228 199 1252 nunquam
207 1221 252 1245 hacc
260 1239 266 1249 ,
273 1229 322 1253 quat
330 1220 380 1245 sum
387 1221 498 1253 aggressus
505 1238 512 1248 ,
519 1222 565 1245 ulla
571 1229 600 1244 ex
609 1228 669 1253 parte
681 1221 778 1252 prastare
789 1222 848 1245 mihi

77 1252 183 1279 licuisset,
191 1252 298 1279 simodo,
305 1260 330 1276 ut
339 1254 438 1284 praestare
446 1252 539 1284 poffim,
547 1254 578 1280 is,
587 1254 625 1276 cui
632 1260 719 1283 accepta
727 1255 806 1276 omnia
815 1261 846 1276 re-

76 1283 137 1310 fem,
142 1284 276 1308 concesserit
283 1287 352 1308 Dens.
360 1283 408 1315 ipse
414 1285 486 1315 igitur
492 1285 576 1308 Cicero
582 1292 636 1308 cum
644 1285 736 1308 Vatinio
745 1284 801 1316 sape
808 1285 848 1307 ob-

79 1315 149 1342 iiciat,
156 1322 297 1339 cumcontra
304 1317 382 1347 legem
388 1317 470 1340 AEliam
478 1317 502 1339 δι
509 1316 597 1340 Fufiam
604 1314 680 1339 fecisse
688 1333 693 1342 ,
702 1323 779 1339 tamen
792 1317 815 1339 in
824 1324 847 1340 ea

78 1353 122 1377 pro
129 1347 208 1369 Sextio
220 1354 268 1378 cap.
279 1355 316 1375 53.
330 1355 385 1370 cum
398 1348 427 1371 de
438 1346 525 1371 eodem
533 1348 625 1371 Vatinio
637 1348 745 1378 loquatur·
754 1364 760 1374 ,
776 1355 846 1371 unam

79 1378 162 1401 AEliam
169 1379 291 1405 nominat,
303 1379 334 1402 ait
346 1379 410 1402 enim
424 1378 465 1401 fic:
480 1380 532 1410 Qi
542 1380 608 1408 itas}
619 1380 641 1401 in
651 1381 755 1411 populari
767 1381 846 1402 rarione

68 1409 181 1441 jastarar,
189 1411 314 1441 urauspicia
322 1427 328 1436 ‚
336 1412 404 1440 legem
410 1411 505 1433 eAEliam
514 1427 520 1436 ‚
527 1411 617 1440 senatus
623 1412 780 1433 authoritatem
788 1427 794 1437 ,
801 1420 845 1433 con-

73 1441 146 1470 fialem
154 1457 160 1467 ,
172 1442 259 1471 collegas
267 1458 273 1468 ‚
287 1441 505 1474 bonorum-judicium
518 1443 574 1464 nihil
583 1448 679 1471 pararet.
697 1443 755 1464 Etin
763 1449 787 1465 ea
795 1443 845 1473 post

77 1471 180 1495 reditum
187 1473 212 1495 in
219 1472 295 1496 senatu
308 1479 356 1502 cap.
368 1480 388 1498 ς.
399 1480 453 1496 cum
461 1472 564 1501 ejusdem
572 1473 634 1496 AElix
646 1473 696 1496 vim
704 1474 726 1496 &
734 1473 844 1504 fignifica-

76 1503 168 1527 tionem
175 1510 282 1535 exponat,
290 1504 319 1527 de
325 1503 386 1527 Fufia
394 1504 455 1528 nihil
461 1502 534 1527 afferat
541 1520 547 1530 ‚
556 1502 664 1535 proxime
671 1510 748 1527 tamen
761 1511 845 1527 utram-

78 1541 126 1588 qbue
133 1536 255 1560 nominat:
273 1538 360 1567 Legem,
368 1536 454 1568 inquit,
462 1535 561 1559 tribunus
569 1535 639 1568 plebis
646 1537 709 1562 tulit,
716 1544 740 1558 ne
747 1537 846 1566 auspicii:

77 1574 88 1587 ο
105 1572 266 1597 temperaretur,
274 1576 298 1589 ne
306 1566 430 1590 olmumr'are
437 1569 517 1596 confilio
525 1583 531 1594 ‚
538 1574 577 1590 aut
583 1568 676 1590 comitiis
685 1584 691 1594 ‚
699 1575 723 1589 ne
731 1569 772 1597 legi
783 1570 847 1590 inter-

77 1598 147 1620 redere
153 1599 233 1624 liceret,
241 1600 307 1620 urlex
314 1599 395 1625 Asia,
403 1597 428 1621 ὸ-
438 1599 499 1627 Fufia
506 1607 530 1621 ne
538 1601 643 1622 valerent.
660 1599 718 1622 Exin
727 1599 845 1622 Vatinium

78 1635 126 1659 cap.
133 1637 140 1651 1
149 1636 158 1654 ς
165 1643 171 1650 .
180 1630 271 1651 rAudire
277 1627 289 1651 ὰ
296 1636 316 1650 re
322 1631 382 1660 cupio
391 1645 398 1655 ‚
404 1637 469 1659 quare
476 1645 483 1655 ,
496 1637 544 1651 rum
552 1637 586 1659 ego
594 1631 662 1659 legem
669 1631 693 1651 de
699 1630 783 1652 ambitu
791 1639 817 1652 ex
825 1631 848 1654 S.

79 1655 104 1682 C.
112 1661 200 1683 tulerim
208 1676 215 1685 ,
227 1662 304 1691 finer-i
311 1661 399 1682 tulerim
407 1677 413 1686 ‚
423 1661 494 1689 fialvis
506 1661 605 1692 araeffiiriis
618 1661 706 1682 tulerim
715 1677 721 1686 ,
730 1662 795 1689 fizlva
804 1662 847 1692 lege

77 1692 161 1717 afilia,
170 1690 195 1713 ύ-
204 1693 273 1723 Fufia,
281 1699 305 1714 iu
313 1699 360 1713 eam
368 1691 405 1719 effi
411 1693 479 1723 legem
485 1698 598 1721 nanpmes.
613 1689 699 1714 Rursus
706 1691 847 1715 dubitabitur

78 1722 106 1746 in
118 1729 142 1745 ea
150 1729 193 1754 pro
206 1723 297 1749 Sextio,
311 1723 415 1753 primum
424 1740 429 1749 ,
444 1723 594 1754 cureasleges
606 1722 740 1754 significavit
753 1724 831 1755 potius
840 1741 847 1751 ,

77 1761 150 1784 quam
158 1755 300 1778 nominavit:
308 1754 394 1778 deinde
401 1771 407 1781 ,
415 1754 431 1777 fi
439 1754 595 1786 significandas
602 1754 669 1778 duxit
677 1771 683 1781 ,
690 1762 742 1782 cur,
755 1762 810 1778 cum
818 1755 846 1779 de

79 1784 168 1809 duabus
175 1792 264 1809 tantum
272 1786 512 1817 legibusintelligeret
520 1803 527 1813 ,
540 1795 609 1809 omnes
616 1803 622 1813 ,
632 1786 705 1809 dixit:
714 1786 775 1818 quali
787 1787 811 1810 &
819 1787 848 1811 de

76 1817 135 1845 iure,
141 1818 166 1840 &
172 1818 316 1849 detempoie
322 1819 401 1849 legum
408 1818 561 1849 rogandarum
571 1818 714 1849 plureslcges
719 1817 847 1850 effennpla-

77 1855 114 1872 tet
122 1850 146 1872 in
153 1849 189 1873 his
196 1849 380 1873 dubitationibus
388 1850 520 1874 immorari.
536 1857 589 1873 nam
597 1866 603 1875 ‚
612 1857 670 1873 utex
679 1850 782 1881 lapidum
790 1858 847 1874 con-

76 1879 143 1904 flietu
149 1881 219 1911 ignis»,
226 1881 255 1904 src
261 1889 289 1904 ex
296 1881 424 1905 rationibus
431 1882 550 1912 utrimque
556 1882 647 1904 collatis
659 1883 739 1905 veritas
747 1883 844 1906 elicitur.

76 1911 220 1943 significavit
226 1913 316 1943 potius,
323 1920 394 1943 quam
401 1913 548 1939 nominavit,
557 1920 605 1936 non
613 1910 698 1940 solum,
705 1914 759 1944 quia
768 1915 845 1937 nomi·

77 1949 170 1967 naverat
181 1949 251 1969 antea,
259 1951 313 1967 cum
320 1944 381 1966 dixit
388 1951 435 1975 cap.
443 1952 451 1967 r
459 1951 481 1969 ς.
493 1945 570 1971 lisdem
584 1944 701 1972 confidibus
709 1945 845 1973 sed2nr1b11r,

78 1981 145 2006 arque
151 1974 325 2006 1nspdlamrbus,
333 1976 379 1997 lata
386 1977 422 1997 lex
429 1975 464 2003 est,
472 1981 496 1996 ut
503 1976 539 1996 lex
547 1976 619 1997 Aba
628 1991 633 2000 ,
642 1976 678 1997 lex
685 1977 747 2006 Fufia
753 1985 777 1998 ne
785 1978 844 1998 vale*

77 2013 111 2029 ret
119 2014 124 2028 ι
133 2012 165 2032 ut,
172 2013 226 2029 cum
233 2006 260 2029 de
267 2013 291 2029 re
298 2006 342 2032 iam
350 2007 507 2032 nominata,&
516 2004 552 2028 sua
559 2006 640 2036 sponte
647 2005 697 2029 satis
705 2014 757 2029 nora
764 2007 845 2037 loque-

78 2043 149 2064 retur,
156 2037 249 2060 obscura
256 2045 304 2061 non
313 2037 385 2068 posset
392 2037 434 2061 effe
441 2037 592 2068 fignificatio:
606 2044 686 2060 verum
693 2039 763 2060 etiam
772 2055 778 2064 ‚
792 2039 846 2068 quia

78 2068 242 2092 vehementior
249 2070 272 2091 &
279 2069 369 2099 gravior
376 2067 431 2100 sirpe
438 2069 462 2092 fit
469 2069 553 2095 oratio,
560 2076 614 2091 cum
622 2069 722 2098 id,quod
729 2069 846 2098 objicitur,

78 2100 217 2131 fignificatur
226 2101 312 2132 potius,
320 2108 387 2131 quam
395 2102 539 2124 nominatur.
554 2108 602 2131 quo
610 2101 756 2131 potissimum
764 2109 846 2132 genere

78 2131 227 2159 abundantii,
236 2133 279 2163 qui
291 2133 350 2155 inter
360 2139 453 2156 cazteros
460 2132 582 2158 excellunt,
590 2132 768 2159 Demosthenes,
775 2134 797 2156 ἃ
807 2134 847 2157 ci-

78 2171 141 2187 cero.
159 2167 235 2186 Omnes
242 2179 248 2190 ,
256 2171 333 2186 autem
340 2164 418 2194 potius
425 2165 485 2187 dixit
493 2182 499 2192 ,
509 2171 579 2195 quam
587 2181 593 2191 ,
601 2165 654 2188 duas
662 2181 668 2191 ‚
682 2165 717 2187 vel
725 2165 778 2195 quia
786 2172 846 2188 reve-

79 2203 103 2219 xa
111 2212 116 2223 ,
124 2202 204 2227 prmter
210 2196 291 2218 AEliam
300 2212 306 2222 ,
314 2196 337 2218 &
344 2194 430 2218 Fufiam
441 2196 480 2223 ,de
487 2197 535 2225 jure
542 2213 547 2221 ,
561 2203 597 2219 aut
604 2197 632 2220 de
639 2203 746 2228 tempore
754 2214 759 2223 ‚
767 2197 846 2228 legum

80 2226 236 2258 rogandarum
243 2227 279 2249 lex
287 2233 333 2249 erat
339 2227 412 2250 nulla:
421 2233 454 2253 ut,
462 2228 591 2257 ‹1uiAEliam
597 2245 602 2254 ,
610 2229 633 2251 ὃ(
641 2227 758 2255 Fuliam,is
765 2236 848 2251 omnes

78 2259 149 2294 plane
155 2257 291 2288 significaret
299 2266 304 2280 :
312 2265 321 2280 v
327 2258 348 2281 el
355 2259 418 2289 quia,
425 2265 480 2281 curn
486 2258 556 2282 ess'ent
563 2260 609 2283 alia:
634 2267 712 2291 noque
719 2260 780 2290 leges
788 2261 809 2282 ἃ
818 2260 847 2283 de

78 2297 137 2320 jure,
145 2290 169 2312 ὅ(
177 2289 206 2312 de
212 2296 328 2320 tempore,
336 2297 391 2321 quas
397 2289 485 2313 ultimae
492 2291 547 2313 AElia
555 2291 578 2314 ὅ(
586 2293 616 2314 Fu
627 2299 654 2319 ia,
663 2293 687 2316 in
694 2293 791 2314 eandem
799 2291 848 2315 sen-

80 2322 177 2344 tentiam
184 2319 278 2351 scriptae,
285 2321 460 2348 confirmarunt,
467 2322 508 2352 qui
514 2322 607 2346 tolleret
614 2323 667 2346 duas
674 2323 776 2350 ultimas,
783 2322 847 2354 supe-

81 2353 156 2377 riores
162 2360 258 2385 quoque
264 2360 348 2378 onmes
355 2353 454 2378 tolleret.
471 2361 526 2378 nam
540 2355 742 2387 quemadmodum
750 2372 757 2385 ,
775 2356 849 2387 magis

902 99 1147 131 Liternus.
1613 105 1671 144 829

894 148 971 173 nobili
977 148 1066 174 sublato
1074 167 1080 178 ‚
1088 156 1113 175 ut
1120 150 1179 182 apud
1187 149 1342 184 philosophos
1348 151 1388 180 est,
1396 151 1475 176 minus
1482 157 1579 186 quoque
1585 154 1641 178 nobi
1646 156 1668 179 le

894 180 1321 214 simultollitur;utsublatocorpore,
1335 183 1402 208 simul
1409 192 1433 211 ea
1440 185 1569 213 tolluntur,
1582 194 1632 217 quae
1641 188 1667 211 in

894 219 993 244 corpore
999 213 1164 238 adhaerescunt:
1172 214 1202 239 fic
1208 232 1214 242 ‚
1222 215 1266 247 qui
1272 215 1354 239 AEliam
1366 216 1390 239 δι
1396 215 1484 239 Fufiam
1492 218 1615 248 rogatione
1622 219 1668 242 tol-

891 243 959 277 lebat,
967 252 1021 276 quas
1030 245 1206 276 &diligentius‚
1214 247 1237 270 &
1244 247 1334 278 gravius
1341 263 1348 275 ‚
1357 254 1427 279 quam
1435 246 1563 278 superiores
1573 256 1666 277 omnes,

895 274 938 298 esse
944 275 1083 308 conscriptas
1090 277 1214 302 verisimile
1221 278 1253 302 est
1259 295 1267 305 ,
1280 286 1336 302 eum
1345 285 1428 302 omnes
1435 278 1504 303 fimul
1514 280 1577 311 leges
1584 280 1665 304 eadem

893 307 1016 337 rogatione
1023 307 1228 333 sustulisseccrtum
1234 309 1273 334 est.
1307 310 1378 334 uodfi
1386 311 1438 342 quis
1445 326 1451 337 ,
1465 317 1544 334 utrum
1552 328 1558 339 ,
1571 318 1622 335 ante
1629 315 1666 335 2⁴13<

895 338 950 361 liam
958 355 964 366 ‚
973 339 996 362 &
1004 338 1092 363 Fufiam
1099 357 1105 368 ‚
1116 341 1139 364 ὃ(
1146 341 1229 370 dejure
1239 358 1244 368 ‚
1259 342 1283 364 δι’.
1290 317 1320 365 de
1326 348 1434 373 tempore
1441 342 1488 365 aliae
1495 343 1558 374 leges
1565 343 1652 367 fuerint
1660 360 1667 369 .

891 369 995 393 dubitat:
1013 378 1090 403 neque
1096 373 1181 400 credit,
1197 372 1240 396 uisi
1247 373 1380 397 velratione
1391 373 1521 397 admodum
1528 374 1592 398 firma
1600 392 1607 402 ‚
1627 376 1664 398 vel

892 402 954 431 gravi
962 401 1018 425 teste
1025 403 1146 434 probetur:
1161 411 1216 435 ego,
1223 410 1248 427 ut
1255 404 1279 427 in
1286 412 1388 436 utroque
1395 404 1665 433 satisfaciam,rationem,

893 439 917 455 ut
925 433 1012 464 opinor
1019 450 1026 460 ,
1039 433 1130 459 afferam
1137 442 1185 459 non
1193 435 1350 460 imbecillam:
1364 436 1446 460 testem
1459 444 1535 460 autem
1549 445 1604 461 eum
1612 446 1665 469 pro-

893 463 985 491 ducam,
992 472 1064 496 quem
1072 466 1214 490 levissimum
1220 468 1333 498 appellare
1340 475 1412 491 nemo
1419 469 1495 499 poffit.
1509 470 1613 500 primum
1620 471 1666 500 igi-

894 501 930 518 tur
938 503 980 527 pro
988 497 1076 520 ratione
1084 497 1144 521 illud
1151 505 1285 529 opponam:
1298 507 1352 522 cum
1365 500 1389 522 in
1404 500 1509 523 oratione
1523 501 1548 524 in
1555 500 1664 526 Pisonem

892 534 940 557 cap.
951 535 972 553 ς.
985 527 1131 560 italoquatur
1137 531 1236 553 Cicero:
1251 532 1341 553 Centum
1352 537 1413 562 prope
1421 540 1484 553 annos
1492 534 1558 562 legem
1567 534 1662 555 ailiam

892 556 917 580 d*
925 559 1009 588 Fufiam
1016 566 1167 583 tenueramus:
1178 560 1290 584 credibile
1297 569 1346 585 non
1353 561 1406 589 esse,
1415 561 1479 593 supra
1485 569 1580 586 centum
1588 572 1662 587 anno-

891 589 1036 624 rum-Urbem
1045 593 1149 615 Romam
1156 591 1204 618 fine
1211 592 1257 615 ulla
1264 593 1315 624 lege
1322 593 1350 616 de
1357 592 1470 624 auspiciis,
1478 595 1501 618 ἃ
1510 594 1538 618 de
1544 594 1605 619 fastis
1612 595 1662 619 die-

891 620 932 643 bus
939 620 1018 646 tuisse:
1032 621 1155 653 prasertim
1162 624 1290 647 cumidem
1302 625 1326 648 in
1339 625 1378 648 ilia
1388 625 1413 648 in
1422 627 1540 649 Vatinium
1548 626 1660 651 acerbiffi-

891 659 927 676 ma
934 654 1117 684 interrogatione
1125 655 1282 685 auspiciorum
1290 656 1422 679 vetustatem
1432 656 1468 680 his
1475 657 1551 681 verbis
1559 658 1662 682 ostendat

888 690 936 715 cap.
946 690 967 708 6.
983 687 1033 715 Qu
1040 687 1178 716 tamusfuror
1185 703 1192 713 ‚
1200 694 1225 709 ur
1232 689 1327 718 auspicia
1335 704 1340 714 ,
1347 687 1424 718 quibus
1431 690 1469 711 haze
1476 689 1524 711 urbs
1532 691 1614 713 condita
1619 690 1647 718 est
1653 706 1661 717 ,

888 715 967 749 qui-bus
974 718 1041 739 omnis
1048 717 1109 747 Resp.
1124 723 1192 748 atque
1197 719 1312 750 imperium
1320 725 1416 746 tenerur,
1422 722 1567 752 contempseris
1574 726 1584 743 ?
1595 722 1663 753 quod

888 748 965 776 iplum
978 748 1003 771 in
1015 750 1056 771 111.
1068 748 1182 772 denatura
1194 749 1294 773 deorum
1306 757 1356 781 cap.
1365 758 1388 774 2.
1401 751 1561 775 confirmavit:
1574 751 1660 784 scripfi:

888 779 954 801 enim
962 778 991 802 fic
999 787 1004 801 z
1016 780 1078 802 Mihi
1085 781 1118 803 ita
1123 781 1222 811 perficasi,
1230 783 1349 804 Romulum
1356 783 1455 812 auspicii}
1463 799 1470 809 ,
1477 785 1584 813 Qumam
1592 785 1658 813 fiatri:

887 810 1016 837 conflixerit,
1025 811 1249 843 fimdamemajccrsse
1261 813 1329 840 nostra
1339 814 1446 836 civitatis.
1463 814 1560 837 Accedit
1569 816 1662 839 Pediani.

888 841 1262 867 testimoniumincommentario
1269 842 1394 867 Pisoniana:
1406 851 1429 874 p.
1442 848 1496 868 160.
1511 845 1660 875 Obnumzatio,

889 872 967 903 inquit
974 890 980 899 ‚
987 881 1030 904 qua
1036 874 1157 904 perniciosis
1167 873 1247 905 legibus
1260 873 1392 906 resistebatur
1400 891 1406 901 ‚
1414 883 1481 905 quam
1491 877 1564 898 eAElia
1571 877 1605 899 lex
1613 886 1660 900 can-

869 929 871 937 !
882 903 908 932 fi,
915 912 1018 927 maverar
1025 921 1031 931 ‚
1039 911 1085 927 erat
1093 904 1189 935 sublata·
1205 904 1308 930 Verbum
1314 906 1388 933 enim,
1395 906 1558 935 confirmaver:t
1566 924 1572 934 ,
1581 909 1660 939 legem

869 938 871 950 ¹
889 935 1138 960 AEliamobnunciandi
1152 937 1186 965 jus
1193 933 1450 969 nonsanxissSprimam
1463 937 1588 969 fignificat,
1606 939 1659 967 sed,

888 967 1002 997 quodalia
1010 968 1047 990 lex
1055 967 1171 995 sanxerat,
1179 969 1331 992 confirmasse.
1350 972 1380 993 Ut
1387 970 1511 996 omittam,
1521 970 1586 1001 quod
1594 970 1659 1003 supra

886 999 1089 1025 commemoravi,
1108 999 1287 1024 vetustissimum
1294 999 1566 1030 fuiffcjusintercedendi
1578 1002 1659 1027 datum

886 1029 989 1053 tribunis
996 1030 1070 1061 plebis
1077 1030 1122 1058 jam
1129 1030 1155 1054 ab
1163 1031 1206 1054 illo
1213 1038 1328 1063 tempore,
1335 1039 1389 1055 cum
1397 1032 1421 1055 in
1428 1035 1493 1056 Sacro
1502 1039 1584 1056 monte
1591 1034 1656 1058 insti-

886 1068 948 1085 tutus
955 1062 1097 1092 magistratus
1104 1062 1136 1085 est
1144 1079 1150 1089 ,
1158 1063 1200 1094 qui
1207 1063 1300 1094 plebem
1308 1070 1419 1087 tueretur.
1436 1063 1501 1095 quod
1508 1071 1562 1087 cum
1570 1067 1599 1088 ita
1608 1065 1658 1089 san-

886 1093 961 1116 citum
968 1094 1022 1117 esset
1030 1109 1036 1119 ,
1044 1093 1173 1117 intercessio
1180 1101 1257 1118 tamen
1266 1094 1390 1118 tribunicia
1399 1095 1454 1118 AElia
1466 1096 1516 1126 lege
1524 1096 1658 1121 confirmata

886 1124 924 1148 est,
943 1128 1032 1149 verum
1041 1125 1069 1148 dc
1077 1125 1129 1156 lege
1136 1125 1193 1148 AElia
1200 1126 1224 1149 ὃς
1234 1126 1297 1159 Fufia
1305 1126 1356 1150 t'atis
1363 1127 1451 1150 multa:
1463 1129 1593 1159 pergamad
1604 1129 1658 1155 reli-

886 1163 950 1188 quas,
957 1164 1007 1188 qux
1015 1156 1041 1180 ad
1047 1157 1145 1180 comitia
1151 1157 1286 1188 pertinent>

1134 1236 1309 1264 CAPUT
1352 1237 1408 1264 IX.

928 1308 968 1333 De
987 1303 1077 1342 legibus
1099 1302 1236 1332 tabellariis
1249 1325 1257 1336 ‚
1286 1303 1326 1336 ἐς
1337 1303 1439 1343 reliquis
1457 1305 1495 1332 ad
1510 1305 1611 1332 comitiae

1174 1341 1366 1376 pertinentibus.
1568 1354 1572 1359 ·

938 1418 966 1435 ex
973 1410 1025 1438 fuit,
1034 1418 1105 1443 quam
1112 1411 1204 1435 Gellius
1211 1417 1335 1437 memorat.
1342 1417 1376 1437 ut,
1386 1418 1434 1442 quo
1442 1410 1480 1434 die
1487 1411 1583 1443 auspicia
1592 1419 1655 1442 capta

954 1442 1032 1468 essent,
1041 1442 1126 1466 eodem
1133 1451 1158 1466 ea
1166 1443 1194 1466 de
1202 1450 1225 1465 re
1233 1459 1239 1468 ,
1257 1443 1322 1469 cuius
1329 1443 1361 1466 rei
1368 1441 1431 1466 causa
1438 1442 1576 1474 auspicatum
1585 1444 1638 1467 ess‘et
1644 1459 1651 1469 ,

882 1474 977 1497 comitia
986 1474 1165 1498 absolverentur.
1178 1474 1268 1504 alioqui
1276 1474 1398 1497 infirmum
1408 1474 1506 1497 &inane
1515 1475 1598 1506 populi
1612 1476 1656 1501 jus-

880 1503 931 1528 sum
938 1512 991 1528 erat.
997 1508 1070 1535 Leges
1077 1512 1174 1537 quoque
1181 1504 1300 1528 tabellariae
1308 1505 1351 1528 hoc
1358 1504 1387 1528 de
1395 1512 1478 1528 oenere
1485 1506 1656 1530 videnturrinnt

881 1537 946 1560 enim
954 1537 982 1560 de
988 1536 1100 1568 suffragiis
1106 1536 1270 1560 ferendiszcum
1278 1543 1349 1568 porro
1356 1523 1488 1566 sus-siagium
1495 1537 1595 1568 populus
1603 1536 1655 1565 fert,

882 1569 979 1592 comitia
986 1568 1101 1592 dicuntur.
1110 1568 1143 1591 hae
1150 1574 1249 1599 quatuor
1255 1567 1357 1595 fuerunt,
1365 1575 1457 1592 omnes.
1465 1575 1497 1591 ut.
1506 1576 1573 1599 puto,
1581 1569 1655 1592 tribn-

882 1600 956 1626 nicioe‚
963 1599 1070 1627 Gabinia,
1079 1600 1159 1627 Cassia,
1167 1600 1253 1631 Papiria
1261 1616 1267 1626 ,
1275 1600 1357 1623 coelia.
1376 1599 1474 1622 Gabinia
1480 1599 1553 1623 sanxit
1560 1616 1566 1627 ‚
1580 1607 1605 1623 ut
1612 1607 1656 1630 po-

882 1632 948 1662 pulus
956 1632 980 1654 in
989 1630 1156 1662 magistratibus
1163 1631 1298 1655 mandandis
1310 1629 1443 1661 suffragium
1456 1638 1504 1654 non
1513 1648 1519 1657 ,
1537 1638 1562 1654 ut
1574 1638 1638 1654 antea
1647 1649 1654 1659 ‚

883 1669 940 1685 voce
947 1678 952 1688 ‚
961 1661 999 1685 sed
1008 1670 1046 1693 per
1053 1661 1161 1686 tabellam
1168 1662 1245 1686 ferret.
1263 1662 1336 1686 Cama
1346 1661 1444 1685 biennio
1451 1662 1571 1693 postidem
1578 1661 1652 1690 Juffit,

883 1694 907 1716 in
915 1693 1026 1717 omnibus
1033 1693 1125 1722 judiciis
1132 1694 1229 1725 populi,
1242 1693 1403 1724 perduellione
1410 1699 1514 1724 excepto.
1533 1694 1621 1724 Papiria
1628 1694 1654 1718 &

883 1723 928 1756 ipsa
941 1725 1030 1756 populo
1043 1724 1152 1748 tabellam
1161 1725 1239 1751 dedit,
1257 1724 1396 1751 injubendis
1408 1731 1431 1747 ac
1439 1724 1541 1748 vetandis
1552 1724 1653 1755 legibus.

882 1757 967 1784 Coelia,
975 1764 1024 1789 quo
1032 1763 1080 1780 uno
1087 1757 1112 1780 in
1119 1764 1204 1788 genere
1210 1756 1274 1780 vocis
1280 1754 1413 1787 suffragium
1420 1756 1537 1787 reliquum
1544 1762 1599 1782 erat,
1608 1756 1653 1780 hoc

881 1787 913 1811 est
921 1805 927 1815 ‚
943 1789 966 1811 in
974 1787 1148 1818 perduellione,
1156 1788 1221 1819 quod
1228 1788 1265 1811 lex
1274 1787 1343 1812 Cassia
1352 1794 1470 1818 exceperat
1478 1805 1484 1814 ‚
1498 1789 1522 1811 in
1530 1795 1558 1811 eo
1570 1794 1653 1817 genere

882 1819 988 1843 tabellam
997 1819 1068 1843 dedit.
1073 1820 1103 1843 ita
1110 1826 1209 1852 quatuor
1215 1819 1364 1843 tribunorum
1372 1820 1445 1850 plebis
1452 1819 1614 1850 rogationibus
1620 1819 1655 1843 fa-

882 1851 946 1875 stum
954 1850 993 1878 est,
1002 1859 1026 1875 ut
1034 1852 1134 1882 populus
1141 1852 1214 1875 libere
1221 1868 1227 1878 ‚
1236 1851 1301 1882 quod
1308 1850 1414 1878 sentiret,
1425 1851 1448 1874 in
1456 1850 1567 1874 omnibus
1575 1852 1650 1875 comi-

880 1883 927 1909 tiis,
936 1884 1002 1906 nullo
1010 1883 1189 1906 inimicitiarum
1197 1881 1343 1913 metu‚posset
1351 1882 1478 1906 ostendere.
1487 1883 1540 1906 ideo
1548 1882 1653 1906 tabellam

881 1916 986 1936 vindicem
993 1916 1061 1937 tacit-z
1067 1914 1172 1937 libertam
1178 1915 1275 1945 appellat
1282 1916 1365 1938 Cicero
1373 1914 1397 1937 in
1406 1915 1488 1944 agraria
1495 1916 1545 1937 ll.c.
1553 1921 1558 1936 ι
1565 1914 1613 1939 a&
1622 1915 1652 1938 de

880 1945 970 1976 legibus
977 1945 1082 1969 lib.ui.c.
1089 1955 1097 1969 r
1103 1946 1152 1972 7.irr
1160 1947 1266 1968 oratione
1272 1952 1349 1968 autem
1356 1953 1399 1976 pro
1407 1946 1649 1976 C.Corneli0Fr·agm.

882 1976 1388 2008 29.prtnn'pmmjust1]]imaelibertan';,Cassiam
1395 1977 1534 2008 legem‚quae
1541 1976 1651 2001 tabellam

883 2009 904 2030 in
914 2008 1004 2035 judiciis
1011 2008 1100 2038 populo
1109 2007 1180 2031 dedit.
1196 2008 1269 2038 magis
1275 2009 1341 2031 enirn
1349 2008 1455 2031 intererat
1466 2009 1561 2039 populi,
1569 2007 1651 2032 tabella

880 2040 1026 2062 voluntatem
1033 2039 1056 2062 in
1063 2039 1157 2066 iudiciis
1163 2045 1248 2070 tegere,
1255 2046 1309 2062 cum
1316 2047 1419 2070 ageretur
1426 2039 1454 2063 de
1462 2041 1535 2070 capite
1541 2039 1652 2063 fortunis-

881 2077 926 2102 que
933 2071 1031 2097 civium,
1039 2077 1110 2100 quam
1117 2078 1154 2094 :rut
1162 2071 1186 2093 in
1193 2070 1370 2101 magistratibus,
1381 2072 1446 2103 quod
1453 2072 1490 2094 lex
1497 2070 1595 2094 Gabinia
1604 2070 1652 2095 san-

880 2109 951 2129 xerat,
958 2109 995 2125 ant
1002 2102 1025 2125 in
1032 2102 1132 2133 legibus,
1139 2103 1204 2134 quod
1213 2102 1288 2132 postea
1295 2103 1389 2133 Papiria.
1406 2105 1457 2126 l-lccc
1465 2103 1494 2126 de
1501 2103 1610 2126 sententia
1618 2103 1652 2127 le-

881 2142 937 2164 gum
945 2133 1125 2157 tabellariarum:
1144 2141 1204 2157 nunc
1212 2133 1240 2157 de
1246 2133 1370 2161 latoribus,
1388 2135 1411 2158 ὅ(
1420 2142 1468 2166 quo
1477 2142 1575 2166 quaque
1587 2143 1651 2158 anno

881 2166 923 2188 lata
931 2165 963 2189 (it.
980 2165 1104 2188 Gabiniam
1113 2166 1202 2196 rogavit
1209 2165 1284 2189 homo
1298 2166 1392 2197 ignotus
1400 2183 1406 2193 ‚
1420 2168 1442 2189 ὅ(
1451 2166 1569 2190 sordidus:
1582 2167 1649 2198 quod

880 2198 942 2220 libro
949 2199 989 2221 111.
1003 2196 1031 2220 de
1037 2197 1128 2228 legibus
1134 2197 1218 2220 Cicero
1225 2196 1301 2221 tradit.
1312 2199 1336 2220 ὃς
1345 2215 1350 2225 ,
1364 2205 1419 2221 cum
1426 2196 1524 2221 biennio
1538 2205 1589 2221 ante
1597 2197 1651 2220 Cast

881 2229 935 2252 siam
943 2234 1019 2259 rogata
1026 2228 1060 2254 fir,
1067 2229 1133 2260 quod
1139 2229 1202 2252 idem
1210 2228 1295 2252 eodem
1303 2229 1327 2252 in
1334 2230 1388 2252 loco
1396 2229 1544 2256 demonstrat,
1552 2228 1649 2252 Cailiam

881 2258 935 2283 vero
944 2259 1034 2290 Lepido
1042 2260 1066 2283 &
1074 2261 1183 2283 Mancino
1189 2259 1244 2284 coss.
1252 2259 1368 2284 esselatam
1375 2277 1380 2286 ,
1390 2268 1417 2284 ex
1424 2260 1485 2284 libro
1494 2261 1522 2284 de
1529 2261 1592 2284 claris
1600 2267 1649 2282 ora-

881 2291 971 2317 toribus
977 2291 1080 2315 constet:
1092 2290 1178 2315 necesse
1185 2292 1216 2315 est
1223 2309 1229 2319 ‚
1244 2290 1326 2315 Pisone
1333 2293 1356 2315 ὅ(
1364 2295 1452 2316 Laenate
1464 2291 1517 2315 coss.
1531 2297 1633 2321 rogatam
1642 2308 1648 2318 ‚

881 2323 1017 2346 existimare,
1029 2322 1124 2348 Cassiam
1131 2323 1222 2355 Lepido
1230 2324 1253 2346 ἃ
1262 2324 1372 2347 Mancino
1379 2324 1433 2348 coff.
1441 2324 1534 2346 authore
1542 2323 1651 2353 Scipione

883 2354 994 2382 Africano
998 2354 1136 2387 posteriore,
1144 2356 1230 2381 tulitL.
1238 2354 1334 2384 camus,
1344 2358 1407 2388 QF.
1415 2355 1537 2386 Longinus
1545 2354 1634 2378 Ravilia
1642 2370 1650 2380 ‚

1231 2386 1311 2413 Lini
1589 2385 1650 2418 patet
