2075 2734
6 2195 9 2200 ,
0 1627 8 2163 ν-τ--ψπ--Λτ--ήττπᾼωπυ
0 1599 6 1619 2-
3 1583 5 1590 r

788 91 962 122 Ἐιε

207 142 400 176 reprehenderes:
416 143 545 176 siqnidem,
563 141 630 175 quod
643 139 782 170 docuimus,
798 141 939 174 quibusdam
951 141 983 166 fa-

207 176 248 200 ssis
261 177 299 208 agi
308 184 363 201 cum
375 177 466 208 populo
481 181 585 207 poterat,
599 173 738 206 quibusdam
750 181 800 198 non
807 181 904 205 poterat.
924 175 982 206 Qii-

208 207 252 232 bus
263 214 354 240 poterat
365 225 371 235 ‚
387 215 430 232 eos
442 207 459 231 fi
471 207 525 239 quis
535 205 603 230 fastos
616 221 623 232 ‚
646 211 683 228 aut
695 203 763 228 fastos
775 206 907 230 comitiales
918 206 971 229 dice

209 246 258 267 ret,
275 247 324 264 riou
339 245 436 266 erraret3
452 246 507 262 cuti-i
520 237 571 261 dies
582 236 653 260 fuerit
665 237 742 260 nullus
753 238 882 261 comitialis
891 254 897 265 ,
920 238 979 269 quin

209 271 275 295 idem
288 272 312 295 ὃ(
324 270 409 295 fanus:
433 269 472 294 sed
483 268 615 293 comitiales
628 268 707 298 potius
721 284 728 295 ,
751 275 822 299 quam
835 269 884 293 fasti
898 286 904 296 ‚
929 276 953 292 ut
966 268 979 292 a

208 302 307 334 reliquis
319 302 382 326 fastis
390 301 487 334 proptio
499 300 599 324 nomine
611 299 822 331 distinguerentu13
845 302 869 324 &
882 302 979 324 comitia-

209 335 239 357 les
251 335 310 358 item
323 335 416 367 potius,
433 339 501 364 quam
511 331 564 360 fasti
568 332 702 358 comitiales,
720 330 836 355 brevitatis
848 332 925 359 causa,
938 339 978 355 vo-

207 364 325 390 cabantur.
341 369 427 389 verum
434 364 489 395 quia
499 362 615 390 libenter,
631 366 747 394 quantum
760 363 784 387 iii
795 371 834 387 me
847 363 878 388 est
887 381 893 391 ,
909 364 977 387 Anti-

207 397 323 429 quitatem
334 396 398 421 soleo
411 396 472 419 tueri
485 403 493 422 3
511 394 658 418 Macrobiuni
670 411 677 422 ,
701 393 714 418 ἒ
730 402 780 426 quo
799 396 872 419 multa
888 395 975 422 didici,

208 428 270 460 quafi
282 429 359 460 gratiae
370 427 492 451 referendae
505 427 560 450 loco
574 443 581 454 ‚
603 427 633 450 ita
646 433 721 450 conor
738 428 843 450 excusare
857 436 862 450 ι
886 433 910 450 ut
922 434 977 451 cum

202 461 269 490 fastor
284 460 429 485 nominavit,
448 458 476 482 de
490 459 519 482 iis
531 464 621 482 tantum
631 458 773 482 intellexerit
784 459 827 490 qui
839 458 888 482 fasti
902 459 974 489 vulgo

208 491 342 515 dicebantur
354 507 360 518 ,
384 498 433 515 non
449 491 519 514 eiiam
533 490 562 513 de
574 491 604 513 iis
616 507 622 516 ‚
647 491 689 521 qui
702 489 741 513 etfi
754 489 804 513 fasti
822 489 864 521 ipsi
878 497 975 521 quoque

207 529 284 551 erant,
299 524 417 546 cemitialcs
429 529 506 546 tamen
520 521 699 554 appellabantur.
717 521 830 552 Speetavit
842 522 914 553 igitur
926 529 976 545 noti

207 553 272 578 verbi
285 554 350 580 vim,
367 562 418 585 quae
430 553 480 577 dies
492 561 590 580 omnes,
608 553 694 584 quibus
706 560 789 584 praetor
802 554 844 577 tria
856 553 922 576 verba
934 553 976 576 fari

205 584 294 617 poss'et,
310 585 356 609 ssve
367 586 500 609 comitiales
511 584 596 611 effenr,
611 586 726 611 menon,
743 585 922 616 complestiiuss
937 583 975 608 sed

204 616 537 649 consuetudinemloquendi3
551 616 616 648 quod
622 617 688 646 fastos
695 615 896 640 nominabanteos
905 633 911 643 2
923 617 975 648 qui-

205 647 249 672 bus
262 655 352 673 tantum
364 649 417 680 lege
430 649 466 680 agi
479 648 552 679 posset
565 657 572 675 3
595 655 649 671 cum
660 654 701 671 eos
714 647 801 680 quibus
818 655 874 672 curn
885 649 975 679 populo

204 679 279 712 posset
292 697 299 707 ,
324 682 443 704 comitiales
463 681 578 711 precipuo
600 679 715 703 vocabulo
735 680 831 704 mallent
854 681 974 711 appellare.

206 713 322 742 eritur
338 712 376 736 liic
396 711 485 736 fortafle
499 728 505 739 ,
522 719 577 735 cum
590 711 722 735 comitiales
733 719 818 735 omnes
829 711 899 735 essent
911 711 959 735 fasti
969 728 976 738 ‚

205 743 280 774 iisque
293 744 316 767 ἄ
330 751 385 768 cum
401 745 491 776 populo
505 760 511 769 ,
534 737 623 773 &‘lege
638 743 674 774 agi
688 742 759 774 posset
772 752 779 770 ς
802 751 856 767 cum
869 743 973 774 populo,

205 776 260 806 quia
272 777 405 803 comitiales3
422 777 486 806 lege,
504 776 636 806 quiafqi1'3
653 775 717 797 fieret
727 782 756 798 ne
763 774 973 806 [imulutrurrique.

205 808 316 838 Negatur.
334 815 402 834 narn,
422 807 461 831 eili
474 806 556 830 licebat
571 813 699 837 utrumque
711 807 798 830 eodem
808 806 862 832 die,⁴
880 813 930 829 non
944 813 973 829 ta-

205 844 261 861 men
272 845 398 870 utrumque
409 845 498 869 poterat
508 838 595 861 eodem
607 844 723 867 tempore.
744 839 807 861 Cum
820 838 887 860 enirn
900 845 974 869 popu-

205 869 242 892 lus
253 871 278 893 in
291 869 370 893 forum
383 868 538 896 convenisset,
555 869 613 900 quid
626 868 757 897 judicibus,
778 875 816 892 aut
827 869 974 898 litigantibus

205 899 252 923 loci
265 901 455 932 relinqueretur?
471 907 543 932 porro
557 916 563 927 ‚
586 899 603 922 fi
621 906 708 923 vacaret
724 900 791 924 locus
802 916 809 927 ‚
831 901 874 932 qui
893 906 972 924 tamen

204 931 278 962 poffet
290 938 385 964 prator,
403 939 441 956 aut
455 932 539 961 iudices
553 948 559 957 ,
576 931 677 957 intanto
690 931 786 962 strepitu
797 948 805 959 ,
822 938 921 963 quantus
933 939 972 956 co-

205 963 257 987 aCtae
269 965 294 987 in
307 971 380 988 unum
392 964 474 988 locum
485 963 646 988 multitudinis
661 961 720 987 solet
732 962 777 987 ess'e
788 980 796 990 ,
813 971 897 987 eorum
906 980 913 991 ‚
929 965 972 996 qui

203 994 278 1019 causas
289 1002 395 1026 agerent,
412 996 531 1020 orationes
542 995 636 1018 attentis
651 994 744 1018 auribus
755 1011 762 1022 ,
777 994 910 1027 animisque
922 1012 929 1023 ,
947 1002 973 1019 ut

203 1032 243 1057 pat
255 1026 301 1054 est,
317 1028 438 1058 excipere?
454 1026 526 1050 sedata
538 1033 618 1050 mente
629 1026 756 1058 diligenter
767 1027 856 1058 aliquid
869 1026 973 1051 confide-

203 1058 305 1082 rantibus
317 1065 376 1089 opus
388 1059 432 1082 est:
450 1060 528 1090 itaque
541 1057 664 1081 absurdum
677 1058 832 1086 est,·credeie
845 1075 851 1085 ,
874 1058 973 1090 potuisse

201 1089 289 1114 codem
306 1096 413 1121 tempore
428 1091 451 1114 &
469 1098 524 1114 cum
537 1090 627 1120 populo
641 1090 677 1121 agi
691 1106 698 1117 ‚
721 1090 745 1114 δι
764 1089 858 1119 'judiciis
877 1098 972 1121 operam

201 1121 250 1144 dari
261 1129 267 1143 ε
291 1120 358 1145 ficuti
369 1121 430 1145 fastis
442 1122 471 1145 iis
482 1139 489 1148 ‚
512 1122 555 1152 qui
568 1121 700 1145 comitiales
712 1128 762 1146 non
777 1128 842 1145 erant
855 1139 862 1149 ,
885 1123 972 1146 eodem

201 1152 300 1183 quidem
311 1153 363 1180 die,
380 1161 431 1176 non
444 1160 521 1178 tamen
534 1152 622 1176 eodem
634 1159 742 1184 tempore
754 1170 762 1181 ‚
779 1153 803 1177 ἃ
816 1154 868 1184 lege
881 1154 957 1177 assum
966 1171 972 1181 ,

201 1186 226 1209 &
239 1183 342 1208 senatum
354 1184 398 1208 effe
411 1184 516 1209 habitum
529 1184 640 1212 inven103
657 1184 700 1212 fic,
718 1191 743 1208 ut
752 1185 805 1216 lege
817 1186 972 1217 agereturpri-

201 1222 285 1243 mum,
302 1217 388 1241 deinde
400 1216 487 1240 senatus
498 1214 632 1240 haberetur:
648 1215 714 1248 quod
726 1224 781 1240 cum
793 1224 821 1240 ex
837 1217 888 1241 aliis
901 1217 971 1243 locis,

201 1253 254 1271 tuni
266 1254 295 1271 ex
309 1256 361 1272 ιιι.
374 1249 399 1272 ὃς
409 1256 435 1272 xi
444 1257 464 1273 t.
477 1247 574 1279 epistola
584 1247 640 1272 libri
653 1257 662 1272 i
671 1256 692 1272 i.
705 1248 733 1272 ad
740 1248 871 1279 Qin&um
879 1249 974 1273 fratrem

202 1279 353 1310 intelligitur.
372 1282 448 1311 Ergo,
466 1287 521 1303 curn
533 1286 618 1304 omnes
629 1281 749 1304 comitiales
762 1280 907 1309 effentsasli,
923 1288 973 1304 tion

200 1311 257 1341 quia
270 1310 359 1342 semper
371 1311 424 1343 lege
435 1318 552 1343 ageremrs
570 1310 609 1336 sed
618 1311 673 1342 quia
684 1310 775 1343 semper
786 1313 880 1339 liceret,
898 1311 972 1335 fimo-

203 1342 236 1364 do
249 1349 302 1365 cum
317 1343 406 1373 populo
417 1350 466 1366 non
479 1349 596 1374 ageretur3
615 1343 674 1373 (nec
689 1345 754 1366 enini
770 1351 896 1372 utrumque
906 1344 973 1367 finini

201 1373 265 1400 fieri,
284 1375 328 1401 jam
341 1375 461 1406 diximus)
478 1375 509 1398 ita
521 1374 704 1401 concludemus,
721 1374 802 1401 fastos,
820 1377 885 1398 litera
897 1377 926 1401 F,
944 1377 968 1399 iii

200 1405 338 1429 Kalendario
351 1406 459 1433 notatos,
477 1404 662 1434 iurisdietionem
675 1413 759 1429 omnes
772 1406 886 1433 habuiffe3
904 1406 971 1434 fastis,

198 1436 263 1459 litera
274 1439 294 1460 C
303 1454 309 1464 ‚
327 1439 424 1464 notatis,
441 1438 465 1460 ὃ(
476 1438 511 1467 jus
521 1437 572 1461 dici
582 1438 649 1469 &agi
659 1444 714 1461 cum
724 1439 814 1469 populo
825 1438 912 1461 eodeni
922 1438 969 1466 die,

199 1474 250 1491 non
265 1468 350 1492 eodem
363 1476 441 1493 tamen
454 1476 563 1501 tempore
576 1485 582 1495 ,
599 1468 697 1500 potuiffe
709 1476 715 1491 :
732 1470 836 1501 ideoque
848 1469 916 1493 fastos
929 1477 970 1493 eos

200 1506 298 1530 quoque
312 1499 379 1524 fuisse
392 1500 447 1524 dico
460 1517 466 1527 ‚
484 1508 534 1524 non
552 1507 581 1523 ex
593 1507 623 1523 eo
637 1517 645 1527 ,
660 1500 726 1531 quod
745 1501 811 1525 fieret
823 1517 829 1528 ,
847 1501 885 1524 sed
897 1508 927 1523 ex
939 1509 968 1524 eo

199 1531 266 1562 quod
277 1531 366 1556 liceret.
383 1534 436 1556 Haec
445 1531 475 1555 de
486 1531 559 1556 fastis:
576 1531 696 1563 supersunt
709 1532 790 1562 nefasti.
807 1533 852 1556 His
866 1533 969 1556 omnino

200 1569 278 1594 neque
291 1564 342 1595 lege
353 1564 391 1594 agi
405 1580 411 1590 ,
434 1571 512 1595 neque
524 1570 579 1587 cum
593 1564 683 1595 populo
700 1563 793 1587 licebat.
823 1565 888 1587 Cum
901 1564 968 1588 enini

199 1600 350 1625 opponantur
360 1595 434 1622 fastis,
450 1602 554 1626 quorum
567 1593 580 1618 ὲ
592 1602 694 1618 numero
705 1594 758 1619 sunt
767 1595 899 1618 comitiales
911 1604 918 1622 3
939 1603 968 1619 eo

199 1625 260 1653 jure,
282 1626 348 1656 quod
360 1633 444 1650 omnes
457 1626 506 1650 fasti
519 1643 525 1653 ‚
542 1625 588 1649 ssve
599 1627 730 1650 comitiales
742 1643 749 1653 ,
772 1626 819 1649 sive
831 1634 880 1649 non
891 1628 967 1650 comi-

199 1657 277 1685 tiales,
294 1658 391 1685 habent,
409 1656 500 1689 prorsus
506 1664 594 1681 careant
604 1656 691 1681 neceffe
703 1656 743 1681 est.
756 1657 832 1680 Festus
844 1659 914 1681 etiam
925 1658 966 1681 fic:

201 1689 249 1711 'Die
260 1689 336 1719 nefasto
353 1691 411 1719 apud
424 1697 529 1719 patorem
548 1691 593 1720 lege
610 1698 674 1721 agere
690 1690 811 1720 religiosum
824 1696 880 1712 erar.
906 1691 967 1713 Cau-

198 1718 231 1743 sas
243 1727 321 1744 rameri
333 1722 383 1752 agi,
401 1721 424 1744 &
437 1722 578 1745 concionem
591 1720 669 1744 haberi
683 1737 689 1747 ,
708 1722 731 1743 ὃς
744 1721 822 1750 legem
834 1721 966 1751 promulga-

198 1752 217 1774 ri
227 1768 233 1778 ‚
250 1752 341 1776 licebat.
358 1760 412 1776 narn
424 1760 501 1783 neque
512 1753 585 1781 catastas
597 1754 646 1782 agi,
663 1751 694 1775 est
706 1753 751 1783 lege
762 1754 797 1782 agi
809 1761 815 1774 .·
834 1759 909 1783 neque
921 1761 966 1775 cor>

198 1784 279 1806 cionem
291 1784 377 1811 haberi,
395 1791 432 1807 aut
445 1786 661 1815 legempromugan',
671 1783 703 1806 est
712 1792 761 1806 cum
770 1785 847 1814 populo
859 1785 903 1814 agi,
916 1790 966 1814 qua:

198 1813 295 1846 probare
308 1815 393 1846 singula
407 1817 486 1847 magni
499 1815 591 1846 negotii
602 1822 653 1839 non
666 1814 706 1838 est.
733 1814 818 1846 Agitur
829 1814 880 1845 lege
889 1831 896 1841 ,
912 1822 966 1838 cum

198 1853 282 1877 piaetor
294 1848 336 1871 tria
347 1846 414 1871 veiba
426 1847 486 1871 fatur
498 1862 505 1875 ,
521 1848 546 1869 do
558 1863 565 1873 ,
581 1847 625 1869 dico
637 1863 644 1874 ‚
662 1847 734 1870 addico
747 1856 755 1869 :
772 1846 814 1877 qui
826 1846 858 1870 est
871 1846 968 1870 ultimus

198 1878 280 1904 iudicii
292 1879 356 1902 dies:
371 1886 427 1902 curn
439 1886 494 1903 veto
503 1878 572 1902 caufis
583 1877 704 1902 audiendis
717 1884 799 1909 praetor
808 1885 903 1909 operam
913 1878 964 1905 dat,

196 1909 249 1938 lege
260 1915 315 1932 tunc
327 1917 376 1933 non
389 1911 471 1941 agitur.
489 1908 688 1941 Qarefastoseffe
695 1908 782 1932 necess'e
789 1916 837 1932 non
844 1910 876 1933 est
884 1917 967 1933 omnes

197 1939 247 1963 dies
260 1940 345 1972 quibus
359 1948 396 1964 aut
408 1949 451 1972 pto
464 1949 504 1964 reo
517 1958 523 1967 ,
542 1947 579 1964 aut
590 1948 670 1964 contra
684 1948 751 1964 reum
763 1940 848 1964 dicitur
860 1948 866 1963 ι
884 1939 923 1963 sed
935 1941 966 1964 fa-

197 1971 258 1994 ssum
270 1979 326 1995 eum
345 1973 442 2004 quidem
455 1973 499 1996 esse
513 1971 599 1996 iieceffe
617 1972 649 1995 est
661 1989 668 1999 ,
685 1979 733 2004 quo
750 1978 832 2003 praetor
846 1989 852 1999 ‚
869 1979 907 1995 aut
923 1973 965 2002 qui

199 2002 285 2030 iudicio
298 2003 375 2034 przest
388 2021 394 2030 ,
413 2012 466 2027 cum
479 2004 578 2028 confilio
590 2004 693 2030 iudicum
705 2003 843 2027 sententiam
855 2002 914 2027 ferre
926 2004 965 2027 de-

197 2033 244 2057 bet.
260 2037 340 2066 ltaque
350 2036 374 2059 in
388 2036 482 2067 epistola
498 2044 549 2059 iii.
560 2035 616 2059 libri
632 2043 670 2060 ir.
681 2035 707 2059 ad
721 2035 850 2066 Qiinctum
863 2035 966 2064 fratrem,

196 2067 236 2089 Ad
245 2074 299 2090 111.
309 2068 372 2093 idus,
390 2068 482 2099 inquit,
497 2069 546 2090 dix.-
556 2074 593 2099 pro
600 2067 680 2096 Bestia,
699 2069 724 2089 de
734 2066 835 2093 ambitu,
851 2069 966 2099 apudpm

197 2102 264 2119 rorem
277 2100 314 2120 Cn.
328 2100 460 2123 Domitium.
487 2102 564 2130 Qem
580 2106 656 2123 tamen
667 2099 733 2122 diem
754 2097 801 2127 (est
815 2105 891 2122 autern
907 2107 960 2123 tir.

196 2128 251 2151 Idus
263 2128 393 2160 Februarii)
410 2129 492 2154 fastum
510 2138 559 2155 non
577 2130 645 2154 suiffe
657 2148 664 2157 ,
682 2130 846 2154 Kalendarium
862 2130 961 2158 indicat3

196 2166 290 2183 notatur
302 2162 381 2189 enim,
399 2169 424 2186 ut
438 2162 547 2189 nefastus,
564 2163 629 2186 litera
642 2165 679 2190 N,
696 2169 739 2186 nec
751 2163 853 2185 omnino
865 2161 894 2186 de
908 2163 965 2186 osto

197 2190 279 2215 diebus
295 2193 336 2223 qui
355 2193 381 2216 ab
393 2194 475 2218 Idibus
485 2195 629 2225 appellantur
640 2211 648 2221 ‚
672 2193 752 2218 mense
767 2194 888 2218 februario
900 2193 966 2218 fastus

197 2223 259 2246 ullus
275 2223 320 2247 fuit
332 2241 338 2250 ,
355 2225 442 2249 ultimo
461 2233 550 2250 tantum
564 2227 603 2250 die
616 2243 622 2253 ,
643 2226 687 2249 hoc
701 2226 732 2249 est
744 2225 821 2249 idibus
838 2226 891 2257 ipfis
903 2243 909 2253 ‚
927 2234 964 2249 ex·

196 2261 279 2286 cepto3
296 2256 338 2287 qui
348 2257 443 2281 nefastus
456 2259 547 2289 priore,
564 2258 631 2282 fastus
639 2258 838 2290 posteriorefflarte
850 2257 907 2281 fuir:
922 2265 964 2281 no-

196 2292 256 2310 tatur
268 2288 332 2311 enim
346 2288 375 2311 fic
388 2305 395 2315 ‚
413 2292 460 2313 NP.
473 2291 600 2314 conciones
613 2290 668 2313 licet
686 2290 714 2314 ad
727 2290 842 2321 populum
853 2289 963 2313 haberen-

195 2324 232 2341 iur
247 2335 253 2345 ,
274 2326 321 2342 non
335 2326 413 2344 tamen
426 2322 541 2345 comitiali
555 2329 644 2345 tantum
657 2322 695 2345 die
709 2339 715 2348 ,
731 2320 769 2345 sed
786 2322 810 2343 Sc
821 2321 879 2345 {asto
891 2338 897 2348 ‚
922 2322 963 2353 qui

194 2350 321 2375 comitialis
333 2359 381 2377 nou
393 2352 461 2382 effer,
479 2355 503 2379 δε
511 2353 597 2379 nefasto
605 2355 694 2386 pariter
705 2353 783 2378 haberi
792 2359 908 2385 poterant.
920 2360 962 2379 no·

1011 99 1038 122 *c
1095 99 1116 122 τ
1170 93 1197 124 A}
1726 111 1781 138 955,

1012 143 1039 168 lo
1051 144 1118 169 enim
1129 151 1275 178 quemquam
1294 145 1320 170 in
1333 152 1362 170 eo
1375 145 1424 171 falli
1438 162 1446 174 ‚
1468 147 1522 179 quia
1535 147 1626 175 foruna
1638 165 1646 178 ‚
1663 152 1702 183 agn·
1710 153 1788 184 adpo-

1011 177 1106 207 pulum‚
1119 177 1144 201 &
1157 178 1193 208 agi
1205 186 1253 200 cum
1263 180 1356 211 pupulo,
1374 178 1439 202 idern
1451 180 1495 204 effe
1508 181 1623 206 videatur:
1641 183 1785 214 quaedivetsa

1012 206 1073 232 sunt.
1093 214 1145 231 nam
1157 208 1263 240 agebatur
1272 212 1301 233 ad
1312 212 1430 240 populum,
1452 218 1506 235 cum
1518 211 1545 235 ad
1559 215 1674 245 populum
1688 217 1783 241 concio-

1011 246 1068 263 nem
1081 239 1165 271 aliquis
1176 240 1285 268 habebat,
1304 248 1328 265 ut
1340 242 1432 265 Gellius
1443 241 1512 267 dotet
1525 243 1601 268 lib.xi
1611 253 1617 268 i
1626 253 1672 269 i.e.
1680 254 1701 271 v.
1718 252 1785 279 Age-

1012 270 1078 293 batur
1092 278 1169 294 autem
1181 280 1229 294 cum
1239 274 1315 304 populo
1324 289 1330 300 ‚
1350 280 1375 296 ut
1387 274 1499 298 aitFessus
1511 292 1517 302 ‚
1535 282 1589 299 cum
1602 277 1742 308 magistratus
1755 279 1783 303 ad

1010 301 1136 337 confilium
1150 310 1186 326 aut
1198 305 1295 328 comitia
1309 304 1416 332 vocabat,
1434 307 1500 337 quod
1513 306 1564 330 fieri
1572 309 1688 332 comitiali
1701 310 1783 334 dunta-

1011 340 1048 357 xat
1059 333 1099 357 die
1111 333 1202 358 licebat.
1236 336 1380 360 Concionati
1397 343 1474 361 autem
1490 338 1602 363 omnibus
1620 347 1686 371 arque
1701 341 1782 366 diebus

1010 365 1110 392 licuisse,
1121 366 1226 396 exempla
1234 366 1400 392 demonstrant.
1417 371 1495 400 ltaque
1508 371 1601 401 quoties
1614 372 1711 402 aliquod
1718 375 1740 395 S.
1749 376 1779 397 C.

1008 403 1055 420 erat
1066 397 1168 424 factum,
1185 398 1280 422 dimiffo
1293 398 1384 427 senatu,
1403 400 1426 423 ἃ
1440 402 1498 424 S.C.
1511 403 1538 426 ad
1552 404 1666 434 populum
1677 405 1781 432 recitato,

1009 428 1152 459 magistratus
1165 429 1249 460 aliquis
1262 447 1268 457 ,
1285 437 1321 453 aut
1334 432 1404 455 etiam
1418 433 1518 462 privatus
1531 434 1621 458 senator
1635 452 1642 462 ,
1664 436 1782 461 concione

1008 461 1031 484 ei
1044 459 1056 483 a
1066 460 1196 491 magistratu
1209 461 1269 487 data,
1290 463 1316 486 ad
1327 464 1443 494 populum
1451 464 1518 488 verba
1531 465 1637 490 iaciebat:
1654 475 1783 492 nectameri

1010 493 1030 514 is
1042 498 1089 515 erat
1108 492 1158 515 dies
1176 493 1322 516 comitialis:
1345 502 1400 518 nani
1419 497 1578 520 comitialibus
1596 497 1645 521 fieri
1664 502 1684 522 S.
1699 503 1725 523 C.
1742 506 1781 524 aut

1011 523 1113 546 omnino
1126 523 1229 547 senatum
1244 524 1322 548 haberi
1336 533 1385 549 non
1398 527 1497 557 potuiss‘e
1511 545 1518 555 ‚
1542 529 1726 554 demonstratum
1740 530 1780 556 est.

1013 554 1119 578 &Festus
1132 554 1178 578 hac
1191 562 1268 585 aperte
1280 555 1415 588 distinguit,
1432 566 1487 582 cum
1499 560 1542 583 ait:
1560 563 1638 583 Forum
1651 563 1693 591 est,
1710 565 1731 585 in
1738 571 1781 593 quo

1000 585 1152 618 judiciafieri'
1164 603 1170 613 ‚
1186 595 1235 609 cum
1244 589 1323 619 populo
1335 597 1370 619 agi
1383 605 1390 616 ‚
1407 598 1510 613 concrema
1523 591 1696 622 haberisolearit.
1723 596 1778 624 Qo

1008 617 1047 641 die
1060 618 1132 648 igitur
1144 618 1179 649 agi
1192 625 1247 642 cum
1260 619 1351 650 populo
1364 637 1370 647 ,
1393 620 1479 645 eodem
1492 623 1528 653 agi
1548 624 1607 654 apud
1620 625 1736 656 populum
1749 626 1783 649 li-

1008 647 1084 672 cebat:
1103 651 1157 680 Qo
1170 656 1247 674 autern
1260 652 1296 681 agi
1309 652 1368 682 apud
1379 653 1494 683 populun-i
1503 671 1508 680 ‚
1526 655 1612 678 eodem
1625 657 1662 686 agi
1673 663 1728 680 cum
1739 664 1782 688 po-

1010 680 1067 711 pulo
1075 697 1081 707 ,
1100 688 1149 704 non
1163 681 1254 711 semper
1266 681 1358 706 licebat.
1386 685 1497 715 Exempla
1509 685 1550 709 fibi
1561 686 1662 719 quisque
1674 694 1741 712 notet
1752 690 1780 713 in

1008 712 1123 744 legend03
1141 714 1207 743 quod
1217 713 1358 737 facillimum
1371 714 1415 738 est:
1432 714 1486 739 sunt
1497 718 1563 741 enim
1575 718 1675 744 infinita.
1699 722 1779 752 Itaque

1008 750 1067 775 puto
1081 751 1122 767 me
1134 744 1207 768 facere
1220 752 1269 769 non
1282 748 1376 777 inepte,
1394 747 1459 778 quod
1472 748 1502 771 iis
1514 750 1651 778 recitandis,
1667 759 1718 782 quae
1732 751 1780 782 pai?-

1008 775 1052 799 fim
1064 775 1151 800 exstant
1165 792 1172 802 ,
1194 778 1365 801 conterendum
1383 778 1444 802 mihi
1465 785 1559 812 tempus
1578 780 1622 805 esse
1636 790 1686 806 non
1701 783 1780 807 existi·

1008 814 1083 831 inem.
1110 806 1172 831 Illud
1185 807 1317 832 addendum
1331 816 1405 832 unum
1418 810 1509 835 videtur
1521 821 1527 834 :
1547 814 1610 836 Cum
1628 813 1780 839 advocabatur

1007 840 1107 865 concio,
1124 845 1150 862 ur
1164 840 1263 870 populus
1276 835 1365 871 aliquid
1378 839 1503 872 suffragiis,
1520 851 1616 875 rogante
1633 845 1779 876 magistram,

1007 868 1124 897 sciscereu
1141 875 1193 893 tum
1206 871 1284 894 εᾶυπι
1296 871 1340 895 esse
1351 879 1406 895 cum
1419 875 1510 903 populo
1523 890 1530 900 ,
1548 883 1596 898 non
1609 876 1636 898 ad
1649 877 1779 908 populum:

1005 908 1061 925 cum
1073 909 1130 925 vero
1140 901 1284 933 magistratus
1297 920 1304 929 ,
1322 904 1446 927 autetiam
1463 905 1564 936 privatus
1583 907 1611 930 ali
1632 908 1668 930 uis
1681 925 1687 934 ,
1705 910 1779 939 magi-

1006 932 1075 957 stratu
1094 934 1117 957 ei
1134 934 1277 958 concionem
1293 933 1361 958 dante
1373 951 1381 962 ,
1404 935 1431 959 ad
1451 936 1567 968 populum
1584 945 1622 962 vei
1641 946 1651 962 a
1668 938 1778 968 faciebat,

1005 971 1056 988 non
1069 970 1095 989 ut
1107 963 1211 996 suffragia
1228 965 1316 990 deinde
1327 966 1442 990 ferrentur
1454 984 1461 994 ,
1484 968 1523 992 sed
1536 976 1561 992 ur
1574 970 1663 1002 aliquid
1675 978 1778 1002 expone-

1005 1002 1067 1021 retur
1080 1005 1086 1024 ς
1104 1003 1160 1019 tunc
1172 1004 1222 1020 non
1234 1005 1284 1020 cum
1296 1000 1373 1028 populo
1388 1014 1394 1024 ,
1414 998 1453 1022 sed
1472 1001 1500 1022 ad
1510 1003 1617 1032 populum
1635 1003 1712 1026 astum
1726 1003 1780 1028 esse-

1005 1028 1078 1052 Aliud
1091 1028 1123 1052 est
1135 1028 1219 1058 igitur,
1236 1028 1432 1052 haberecomionem
1443 1040 1450 1053 ,-
1466 1031 1527 1054 aliud
1539 1034 1643 1056 adzocan
1654 1043 1778 1060 contionem,

1005 1059 1095 1084 Habere
1109 1060 1266 1087 concionem,
1281 1060 1312 1085 css
1326 1068 1391 1092 agere
1406 1062 1433 1085 ad
1446 1063 1576 1094 populum:
1594 1066 1719 1088 ⁸Adventare
1730 1075 1778 1089 can-

1003 1092 1096 1118 cionem,
1114 1091 1129 1114 si
1143 1092 1265 1115 advocatur
1279 1099 1303 1116 ut
1316 1092 1418 1124 suffragia
1430 1093 1531 1118 serantur
1542 1112 1548 1121 ,
1567 1095 1598 1118 est
1610 1104 1673 1126 agere
1683 1106 1731 1120 cum
1741 1105 1778 1128 po-

1001 1125 1063 1154 pulo.
1081 1123 1136 1146 ideo
1148 1123 1228 1154 scripta
1241 1123 1293 1147 sunt
1305 1123 1351 1147 lucc
1363 1125 1423 1156 apud
1436 1126 1586 1150 Macrobium
1597 1127 1716 1152 lib.i.Sat.
1733 1131 1778 1158 Ju-

1005 1156 1048 1177 lius
1060 1156 1123 1184 Csfizr
1135 1157 1279 1187 auspiciorum
1292 1155 1330 1179 lib.
1338 1163 1392 1180 ΧΗ.
1406 1164 1483 1187 negat,
1499 1159 1598 1181 nundinis
1611 1162 1727 1183 concionem
1738 1162 1778 1184 ad·-

1005 1189 1080 1209 vocari'
1089 1186 1158 1217 pffl,
1175 1187 1198 1209 rd
1209 1186 1246 1216 cst,
1266 1194 1314 1211 rum
1325 1189 1403 1219 populo
1414 1190 1450 1219 agi
1462 1205 1469 1215 ,
1486 1190 1575 1221 ideoque
1585 1192 1684 1213 nundinis
1697 1194 1778 1215 Roma—

1004 1225 1078 1240 norum
1091 1217 1165 1240 haberi
1177 1219 1263 1240 comitia
1275 1227 1313 1240 noti
1324 1221 1386 1250 ροβε.
1406 1219 1491 1243 Addita
1502 1223 1568 1245 enim
1581 1220 1632 1245 sunt
1644 1223 1684 1246 illa
1697 1223 1773 1252 verba,

1005 1250 1028 1271 id
1039 1250 1065 1278 est
1074 1266 1080 1276 ,
1096 1258 1143 1271 sum
1153 1250 1230 1281 popula
1243 1252 1280 1280 agi
1292 1258 1299 1277 ς
1317 1251 1371 1281 quia
1385 1257 1433 1274 non
1446 1251 1536 1283 semper
1549 1269 1555 1279 ,
1579 1254 1695 1278 concione
1706 1255 1777 1278 advo·

1005 1287 1051 1303 cara
1066 1297 1071 1307 ,
1089 1288 1143 1304 cum
1158 1280 1247 1312 populo
1265 1281 1372 1311 agebatur
1386 1298 1393 1309 ,
1415 1281 1453 1306 sed
1471 1284 1591 1308 interdum
1610 1285 1638 1309 ad
1657 1287 1776 1317 populum

1006 1312 1122 1335 duntaxat.
1140 1312 1259 1336 Nundinis
1269 1320 1346 1336 autem
1355 1330 1362 1340 ‚
1380 1322 1428 1336 cum
1438 1317 1517 1345 popula
1530 1317 1627 1347 quidem
1644 1322 1710 1348 agere
1725 1326 1776 1343 non

1005 1343 1086 1370 licuit,
1105 1350 1133 1366 ex
1144 1350 1192 1375 quo
1205 1342 1355 1376 sequebatur,
1373 1352 1399 1367 ut
1409 1347 1506 1369 comitia
1520 1347 1596 1371 haberi
1610 1356 1659 1371 non
1671 1349 1774 1380 possent:

1005 1376 1033 1397 aa*
1042 1377 1146 1411 p-opulum
1159 1381 1236 1411 autem
1249 1383 1316 1406 agere
1325 1393 1332 1403 ‚
1351 1376 1396 1399 hoc
1407 1377 1438 1400 est
1446 1379 1587 1402 concionem
1601 1380 1697 1408 habere,
1714 1388 1776 1405 certe

988 1420 989 1423 =
1003 1407 1069 1430 licuit
1079 1414 1084 1428 :
1100 1414 1147 1429 non
1158 1413 1224 1430 enim
1231 1407 1359 1431 adversatur
1370 1408 1429 1431 illud
1442 1410 1506 1440 quod
1519 1410 1532 1433 ᾖ
1540 1411 1655 1435 Cicerone
1662 1411 1773 1444 scriptum

1003 1438 1048 1468 est,
1067 1437 1108 1461 lib.
1120 1445 1153 1462 tv.
1167 1438 1194 1461 ad
1208 1439 1327 1463 Atticum:
1346 1444 1411 1463 ,Ληῖε
1423 1443 1480 1463 aiem
1493 1449 1516 1465 x.
1531 1443 1585 1470 Kal.
1598 1446 1708 1466 nundina:
1728 1453 1776 1467 cori-

1003 1472 1034 1492 cio
1047 1469 1109 1492 hiduo
1124 1471 1195 1493 nulla.
1229 1470 1320 1500 Qiibus
1333 1470 1407 1494 verbis
1418 1488 1424 1498 ‚
1448 1472 1471 1495 id
1486 1474 1554 1505 quod
1565 1475 1652 1498 fastum
1665 1483 1713 1498 non
1727 1475 1772 1502 est,

1004 1508 1053 1524 non
1068 1502 1090 1523 id
1104 1501 1170 1532 quod
1183 1508 1231 1524 non
1244 1502 1312 1525 licuit
1324 1518 1331 1529 ‚
1355 1502 1491 1527 ostenditur.
1523 1507 1585 1529 Nam
1597 1521 1604 1532 ‚
1627 1514 1681 1530 curri
1694 1506 1774 1530 haberi

1003 1532 1117 1555 nundinis
1134 1533 1232 1556 comitia
1250 1540 1301 1557 non
1320 1534 1411 1563 pofient
1432 1535 1520 1566 (quod
1536 1544 1586 1560 non
1604 1544 1632 1560 ex
1649 1539 1773 1562 Macrobio

1002 1569 1091 1587 tantum
1101 1581 1106 1590 ,
1124 1570 1204 1587 verum
1217 1564 1288 1588 etiam
1301 1572 1329 1588 ex
1343 1566 1418 1588 Plinio
1430 1565 1473 1590 lib.
1485 1574 1573 1591 xviii.
1591 1576 1640 1600 cap.
1657 1577 1711 1594 ixi.
1734 1577 1775 1594 co-

1002 1595 1130 1626 gnoscitur)
1145 1602 1265 1626 propterea
1278 1604 1307 1619 ne
1319 1598 1507 1622 concionandum
1521 1601 1619 1630 quidem
1632 1602 1654 1624 P.
1665 1601 1773 1629 Clodius,

1004 1628 1092 1657 Appius
1105 1627 1216 1650 Metellus
1227 1635 1364 1657 putaverunt
1377 1637 1383 1655 3
1404 1629 1447 1660 qui
1460 1632 1680 1660 proximisdiebus,
1697 1634 1775 1657 comi-

1001 1658 1090 1681 tiorum
1102 1656 1178 1682 causa,
1198 1659 1327 1683 conciones
1344 1659 1477 1684 habuerant.
1506 1662 1610 1693 Superest
1628 1663 1657 1686 de
1670 1664 1715 1694 lege
1723 1672 1774 1696 pro-

1000 1690 1126 1718 mulganda.
1144 1689 1168 1711 id
1181 1690 1247 1713 enim
1264 1691 1293 1714 de
1307 1690 1394 1717 tribus,
1412 1699 1462 1722 qua:
1473 1693 1654 1724 proposuimus,
1670 1702 1715 1718 erat
1728 1703 1774 1720 ter-

1002 1721 1070 1744 tium.
1102 1720 1207 1744 Ferendae
1220 1720 1278 1752 legis
1292 1739 1299 1749 ‚
1322 1723 1346 1745 δι
1360 1724 1533 1754 promulganda
1546 1733 1596 1748 non
1614 1726 1694 1750 eadem
1711 1729 1772 1752 ratio

1001 1751 1055 1775 suit.
1073 1751 1194 1775 Ferebatur
1206 1752 1246 1775 die
1256 1760 1346 1777 tantum
1358 1755 1489 1782 comitiam
1506 1757 1772 1788 promulgabaturetiam
1799 1775 1802 1776 ν

1002 1790 1051 1807 non
1067 1783 1203 1811 comitiali,
1221 1783 1267 1808 five
1278 1784 1346 1809 faflus
1358 1802 1364 1812 ‚
1386 1785 1432 1810 five
1445 1787 1542 1811 nefastus
1559 1787 1621 1813 esset.
1644 1790 1723 1821 itaque
1739 1793 1768 1815 C.

987 1817 1062 1838 -Cato
1081 1815 1187 1839 tribunus
1205 1815 1280 1846 plebis
1299 1817 1449 1848 rogationem
1467 1818 1496 1843 de
1515 1818 1648 1852 abrogando
1666 1823 1770 1846 Lentulo

1001 1847 1118 1876 imperio,
1138 1847 1177 1870 die
1189 1854 1238 1871 non
1250 1849 1379 1876 comitiali,
1398 1851 1562 1882 promulgavit.
1589 1854 1653 1876 Cum
1666 1854 1732 1878 enim
1745 1855 1770 1879 δε

1000 1878 1051 1908 post
1067 1886 1101 1901 iv.
1113 1880 1192 1902 Nonas
1202 1878 1332 1907 Februarii,
1350 1881 1509 1906 &anteviri.
1522 1883 1576 1906 idus
1586 1883 1690 1912 ejusdem
1703 1893 1771 1911 men-

1000 1909 1028 1933 fis
1040 1910 1224 1941 promulgaverit
1240 1912 1321 1942 (quod
1335 1918 1363 1934 ex
1376 1912 1472 1943 epistola
1487 1922 1543 1939 iri.
1560 1914 1616 1939 libri
1632 1923 1668 1940 it.
1686 1917 1714 1940 ad
1726 1917 1770 1941 fra-

1000 1947 1060 1964 trem
1074 1941 1209 1972 colligitur)
1227 1943 1342 1967 comiiiali
1356 1943 1394 1967 die
1406 1946 1555 1977 promulgare
1567 1955 1615 1971 non
1629 1949 1708 1978 potuit
1719 1967 1726 1977 ,
1744 1957 1770 1974 ac

1000 1980 1030 1996 ne
1038 1971 1095 1996 fasto
1108 1973 1215 2004 quidem.
1238 1975 1310 1998 Primi
1322 1975 1387 1998 enim
1400 1976 1527 2001 duodecim
1539 1978 1653 2003 Februarii
1666 1980 1716 2004 dies
1728 1989 1769 2005 ne-

998 2003 1047 2027 fasti
1063 2011 1147 2028 omncs
1158 2003 1258 2029 fuerunt.
1291 2005 1377 2030 Haberi
1393 2013 1470 2031 autem
1487 2008 1592 2034 senatum
1610 2018 1651 2041 per
1669 2012 1769 2037 nefastos

1000 2043 1084 2059 omnes
1099 2035 1182 2059 licebat
1196 2044 1202 2059 :
1224 2044 1267 2060 nec
1279 2045 1320 2068 per
1332 2040 1416 2062 omnes
1429 2046 1518 2067 tamen,
1542 2041 1581 2065 sed
1594 2049 1682 2067 tantum
1691 2060 1697 2071 ‚
1711 2052 1766 2069 curn

998 2075 1034 2091 res
1042 2067 1175 2098 postularet,
1190 2067 1327 2096 habebam„
1344 2077 1428 2094 eorum
1441 2072 1628 2103 magistratuum,
1645 2075 1730 2107 quibus
1741 2077 1766 2100 id

1000 2100 1055 2126 iuris
1071 2106 1119 2123 erat
1132 2117 1138 2126 ,
1156 2099 1273 2124 arbitratu.
1297 2103 1329 2124 Ita
1342 2100 1431 2126 senatus
1449 2104 1474 2127 in
1493 2104 1539 2128 hoc
1558 2106 1657 2137 prestare
1675 2108 1765 2139 populo

999 2130 1134 2157 videbatur,
1151 2131 1218 2163 quod
1229 2133 1265 2163 agi
1277 2139 1332 2156 cum
1345 2135 1434 2165 populo
1446 2143 1487 2167 per
1500 2139 1663 2162 unummodo
1673 2141 1766 2163 dierum

998 2170 1072 2194 genus
1085 2180 1092 2190 ‚
1109 2163 1153 2186 boc
1168 2162 1200 2186 est
1212 2180 1219 2190 ,
1236 2171 1276 2194 per
1288 2166 1419 2190 comitiales
1432 2183 1439 2193 ,
1456 2175 1507 2198 quae
1521 2167 1630 2194 fastorum
1643 2177 1693 2201 pars
1703 2177 1763 2194 erat:

998 2195 1077 2218 haberi
1091 2201 1167 2218 autern
1179 2194 1283 2219 senatum
1296 2204 1336 2227 per
1348 2197 1396 2221 duo
1409 2206 1491 2227 genera
1504 2216 1510 2227 ,
1529 2200 1573 2224 hoc
1585 2201 1616 2224 est
1625 2219 1630 2227 ‚
1647 2203 1671 2225 ὅ(
1683 2209 1724 2232 per
1733 2201 1765 2226 fa-

999 2226 1044 2250 stos
1056 2234 1110 2253 eos,
1127 2228 1171 2257 qui
1184 2227 1316 2251 comitiales
1329 2236 1377 2252 non
1387 2229 1471 2258 essent,
1489 2232 1561 2263 &per
1568 2232 1663 2256 nefastos
1671 2240 1765 2261 omnes,

998 2257 1089 2282 licebat.
1107 2260 1177 2294 Erant
1186 2266 1265 2290 praeter
1277 2267 1302 2283 ea
1314 2259 1364 2284 dies
1376 2262 1614 2294 aliquotpromiscui'3
1632 2264 1718 2294 quibus
1730 2273 1767 2289 to-

999 2290 1028 2313 tis
1041 2291 1093 2321 lege
1109 2297 1145 2320 agi
1159 2307 1166 2317 ,
1183 2298 1260 2322 neque
1272 2293 1374 2316 omnino
1387 2294 1470 2317 licebat
1483 2312 1488 2321 ‚
1515 2302 1588 2325 neque
1601 2297 1703 2320 omnino
1716 2305 1765 2321 non

1000 2321 1100 2348 licebat3
1118 2321 1155 2344 led
1166 2324 1252 2353 partim
1263 2323 1313 2347 fassi
1323 2331 1387 2348 erant
1400 2342 1405 2351 ,
1424 2327 1505 2355 partim
1520 2326 1605 2350 nefasti.
1625 2327 1711 2353 hoium
1725 2330 1767 2353 iria

999 2360 1064 2381 erant
1076 2360 1159 2386 genera
1172 2355 1237 2382 salii
1248 2372 1257 2387 a
1273 2355 1349 2412 priiga
1359 2356 1383 2379 &
1394 2357 1508 2388 postrema
1522 2357 1570 2383 diei
1578 2365 1653 2391 parte,
1671 2360 1749 2385 nefasti
1760 2379 1767 2389 ,

1346 2393 1411 2415 cccc
1419 2395 1431 2413 c
1448 2397 1461 2414 a
1687 2393 1765 2418 media
