2075 2734
401 128 452 160 7²²
697 109 1698 142 'AN-riqurAruMRomflNAnumLis-X.

405 174 520 203 quorum
538 162 703 193 centenarius
719 162 801 198 justus
814 171 952 190 numerus.
971 164 1035 190 Haec
1050 162 1078 189 in
1090 159 1248 188 contubernia
1262 161 1462 191 dividebantur,
1482 162 1518 190 ita
1532 169 1562 189 ut
1576 161 1671 189 decem
1687 159 1817 190 militibus
1825 161 1870 192 sub
1878 172 1933 194 uno
1945 166 1991 204 pass

404 205 504 241 pilione
522 201 692 240 degentibus,
712 210 779 228 unus
794 200 864 238 quasi
878 200 997 236 praeesset
1009 200 1130 231 decanus.
1151 201 1195 236 qui
1208 210 1286 237 caput
1300 201 1469 228 contubernii
1484 201 1649 227 nominatir.
1687 200 1886 230 Contubermum
1900 214 1992 234 autem

404 242 548 278 manipulus
563 240 721 270 vocabatur,
741 239 774 266 ab
788 249 820 266 eo
834 239 906 275 quod
922 239 1074 275 conjunffis
1089 239 1211 265 manibus
1221 241 1318 275 pariter
1326 239 1497 267 dimicabant.
1520 237 1649 276 Vegetius‚
1674 241 1763 266 Varro:
1790 242 1938 277 Manipulos
1947 253 1994 271 vo-

404 290 467 309 cant
481 280 611 309 exercitus
623 278 768 307 minimos.
790 287 898 309 manus,
918 287 975 315 quae
989 288 1072 306 unum
1087 277 1233 313 sequuntur
1249 277 1364 313 lignum.
1385 277 1537 304 Plutarchus
1549 277 1625 304 alian·
1640 275 1720 312 hujus
1727 279 1848 306 vocabuli
1856 281 1993 319 originem

406 322 433 348 ἃ*
448 317 644 355 etymologiam
658 315 749 346 affert,
769 325 832 344 cum
848 318 875 344 in
890 315 1011 343 Romulo
1024 317 1060 345 iia
1073 316 1202 353 loquitur:
1224 315 1282 353 Ipse
1295 315 1443 350 (Romulus
1457 315 1567 350 scilicet)
1579 313 1669 342 secum
1687 324 1814 353 magnam
1831 327 1940 346 manum
1949 321 1994 347 ad-

405 358 517 386 ducebat
531 378 536 385 ,
559 357 585 382 in
599 353 722 380 centurias
737 354 902 382 distribut-am
920 376 927 386 ,
947 364 1061 391 quarum
1076 354 1312 391 unumquemlibet
1326 355 1366 381 vir
1382 364 1449 381 unus
1456 354 1584 387 ducebat,
1604 353 1848 390 manipulumsoeni,
1867 366 1897 384 ac
1904 356 1996 385 herba-

407 405 468 423 rum
491 403 573 422 conto
592 392 712 420 ereetum
733 393 850 430 gestans,
871 394 943 421 unde
962 393 1043 420 hodie
1058 401 1167 430 quoque
1182 391 1310 419 militibus
1324 392 1520 427 manipularibus
1535 401 1637 420 nomen
1652 392 1696 419 est.
1717 393 1818 420 Cincius
1829 395 1897 432 apud
1916 395 1996 433 Agel-

407 433 472 460 lium
487 432 593 462 scribit,
614 430 748 467 legionem
764 431 888 459 cohortes
901 432 997 460 decem
1012 431 1143 462 habuisse,
1166 430 1316 467 manipulos
1330 431 1451 467 triginta,
1472 432 1603 459 centurias
1617 429 1762 468 sexaginta:
1785 442 1817 460 ex
1832 433 1925 469 quibus
1939 443 1998 462 ver-

406 472 446 499 bis
465 470 636 506 intelligitur,
656 467 797 503 manipulos
816 470 932 506 majores
951 478 1036 506 partes
1056 468 1132 497 fuiffe
1152 469 1211 505 iplis
1231 469 1357 497 centuriis
1374 489 1381 499 ,
1409 471 1436 497 ὃς
1459 468 1573 506 singulos
1595 469 1672 496 binos
1686 471 1857 498 centuriones
1871 470 1997 500 habuisse.

406 514 504 537 Turma
525 517 612 536 terma
633 507 684 538 est,
705 508 735 534 E.
758 508 784 535 in
806 510 840 535 U.
860 508 937 537 abiit.
962 509 1034 545 quod
1055 508 1159 536 terdeni
1179 509 1281 543 equites
1303 517 1335 534 ex
1356 506 1477 535 tribubus
1496 506 1669 544 Tutiensium.
1691 510 1832 535 Ramnusm
1845 530 1853 541 ,
1877 512 1902 537 ὃς
1920 513 1998 537 Luce-

406 557 464 574 rum
479 547 586 574 fiebant.
606 545 801 574 Dividebantur
818 546 856 574 hae
870 547 898 574 in
913 547 1047 577 decurias,
1068 555 1125 583 quae
1137 547 1199 573 inde
1213 555 1316 573 nomen
1331 545 1476 575 habebant,
1497 546 1570 582 quod
1584 546 1677 572 decem
1686 546 1902 584 equitesiingulae
1910 550 1996 577 conti-

406 594 508 613 nerent·
530 588 578 613 Hae
592 590 680 621 partes
693 585 804 621 legionis
821 584 936 613 fuerunt.
957 589 996 613 De
1005 583 1081 622 signis
1096 585 1201 616 dicam,
1224 594 1340 621 quorum
1349 585 1396 611 alia
1404 582 1514 615 vocalia,
1535 583 1584 610 alia
1589 582 1768 618 semivocalia,
1788 585 1838 613 alia
1845 585 1994 615 mumsunt.

408 622 505 653 Vacalt'a
517 623 642 651 dicuntur
658 632 716 659 quae
732 632 800 650 voce
812 623 929 651 humana
942 624 1161 659 pronuntiantur.
1183 622 1247 650 sicut
1261 623 1287 650 in
1304 622 1416 659 vigiliis:
1434 621 1598 649 Semivocalm
1613 621 1685 653 sunt,
1705 631 1764 659 quae
1776 631 1824 659 per
1837 634 1937 652 cornua
1950 631 1996 653 aut

407 662 513 693 tubam,
535 668 578 688 aut
598 660 739 688 buccinam
760 662 867 690 dantur.
888 660 959 689 Tubu
974 682 981 693 ‚
1001 670 1059 698 quae
1079 661 1179 688 dire6ta
1191 661 1242 693 est,
1263 661 1419 697 appellatur:
1440 659 1564 689 flaccina,
1585 669 1642 696 quae
1655 660 1936 697 insemetipsamaerco
1945 663 1996 690 cir-

406 700 468 728 culo
483 700 615 727 flestitur:
637 703 736 731 Cornu,
758 701 830 736 quod
842 710 875 728 ex
891 700 944 728 uris
958 699 1222 736 agrestibusargento
1230 709 1345 731 nexum,
1358 706 1539 735 temperatum
1547 697 1752 734 arte&spiritu,
1774 702 1891 727 canentis
1898 701 1996 729 flatum

408 739 510 766 emittit
525 738 655 765 auditum.
678 738 750 765 Nam
765 738 921 767 indubitatis
936 747 984 774 per
999 737 1054 765 haec
1069 736 1139 765 sonis
1153 737 1271 775 agnoscit
1287 738 1431 767 exercitus,
1452 744 1544 765 utrum
1560 737 1640 768 stare,
1663 737 1704 764 vel
1717 738 1859 774 progredi,
1879 748 1913 766 an
1921 746 1993 767 certe

407 776 512 814 regredi
527 783 665 810 oporteat,
685 784 777 804 utrum
795 776 875 814 longe
888 776 1008 813 persequi
1023 776 1174 814 fugienteS,
1193 785 1226 803 an
1242 778 1360 811 receptui
1375 784 1477 803 canere.
1501 777 1576 803 Muta
1590 774 1662 812 figna
1673 774 1849 813 suntaquila,
1869 776 1994 809 dracones,

407 815 513 846 vexilla,
530 812 667 853 flammula
688 814 762 850 rusie,
776 814 868 849 pinnae.
903 816 1074 851 Quocunque
1089 815 1163 841 enim
1180 813 1234 842 haec
1248 815 1310 842 ferri
1323 813 1426 850 jusserit
1442 813 1552 844 duetor,
1572 813 1674 841 neeesse
1690 814 1726 840 est
1739 814 1844 850 signum
1858 813 1934 842 suum
1950 825 1995 844 co-

406 856 533 882 mitantes
549 851 646 880 milites
658 860 779 889 pergant.
799 853 878 889 Apud
893 861 996 881 veteres
1013 855 1153 880 Romanos
1155 850 1229 889 signa
1241 846 1367 879 {mlum-m
1377 853 1460 879 multa
1467 858 1555 882 erant,
1565 851 1681 878 utile.
1690 851 1734 878 lib.
1746 861 1787 879 10.
1796 852 1993 892 cap.4.aquila,

405 893 492 927 lupus,
511 890 684 922 minotaurus,
703 900 795 929 equus,
815 900 887 926 aper.-
909 900 967 928 quae
987 891 1100 928 fingulos
1120 891 1227 918 ordines
1246 890 1391 918 anteibant.
1430 890 1540 917 FaCtum
1563 898 1654 917 autem
1668 890 1756 926 postea
1769 911 1776 921 ,
1797 898 1826 918 ut
1839 890 1891 919 sola
1905 891 1993 930 aquila

407 932 434 958 in
448 931 504 957 acie
518 936 682 965 portaretur,
703 929 802 965 reliqua
815 929 885 966 signa
900 930 927 956 in
945 929 1032 956 castris
1046 929 1269 965 relinquerentur.
1291 930 1385 956 Donec
1394 928 1504 956 tandem
1519 932 1549 956 C.
1561 927 1675 959 Marius,
1696 928 1718 955 is
1732 928 1778 964 qui
1791 927 1884 964 septies
1893 929 1996 957 Consu-

405 969 490 997 latum
511 969 586 1004 geffit
596 988 602 997 ,
624 967 651 994 in
670 966 786 994 secundo
800 966 946 995 Consulatu
959 967 1066 1004 reliquis
1080 967 1159 1004 signis
1175 969 1290 995 omnino
1304 966 1424 998 abolitis,
1444 965 1561 1005 aquilam
1575 967 1682 1002 proprie
1698 968 1831 994 Romanis
1847 966 1997 1005 legionibus

405 1008 542 1035 dicaverit.
566 1005 606 1033 Ab
623 1014 656 1032 eo
670 1013 794 1042 tempore
804 1014 928 1034 notatum
943 1006 993 1037 est,
1015 1015 1070 1033 non
1086 1006 1142 1033 sere
1155 1006 1224 1041 apud
1232 1006 1349 1042 legiones
1356 1013 1475 1042 unquam
1483 1004 1663 1040 hybernatum
1671 1005 1722 1032 esse
1730 1006 1756 1032 in
1764 1005 1866 1039 castris,
1886 1006 1931 1034 ubi
1939 1015 1997 1034 non

406 1045 486 1074 fuerit
506 1043 652 1083 aquilarum
664 1044 769 1080 jugum.
812 1044 875 1072 Erat
888 1050 978 1071 auten]
993 1042 1083 1082 aquila
1095 1063 1102 1073 ,
1130 1053 1240 1071 aureum
1253 1042 1345 1080 aquilae
1365 1041 1553 1070 simulachrum
1567 1063 1574 1074 ,
1595 1042 1671 1069 hastae
1693 1043 1831 1079 praepilatae
1852 1043 1994 1077 suffixum.

407 1083 479 1121 quod
495 1083 509 1109 ii
522 1081 608 1109 milite
622 1081 772 1114 ferebatur,
794 1082 839 1118 qui
853 1082 888 1109 ob
903 1083 930 1110 id
945 1082 1066 1120 aquilifer
1079 1082 1164 1110 dietus
1178 1082 1223 1109 est.
1243 1079 1386 1108 Mmotauri
1401 1080 1506 1117 fignum
1522 1089 1625 1108 veteres
1639 1081 1667 1107 in
1680 1080 1828 1117 legionibus
1841 1082 1997 1114 habuerunt,

408 1130 437 1149 ut
454 1120 686 1158 quemadmodum
703 1119 746 1146 ille
758 1120 785 1147 in
800 1121 900 1148 intimo
914 1123 940 1148 ὃς
956 1120 1128 1149 lecretisfimo
1141 1119 1295 1156 labyrIntho
1308 1119 1411 1147 abditus
1425 1118 1594 1155 perhibetur,
1613 1119 1651 1147 ita
1663 1119 1738 1147 ducis
1746 1119 1884 1148 confilium
1892 1120 1998 1157 semper

409 1160 472 1187 ess'et
489 1158 636 1187 occultum.
655 1160 737 1195 Vrget.
751 1158 795 1185 lib.
808 1169 831 1195 3.
854 1161 881 1187 &
896 1157 994 1195 Festus,
1016 1159 1060 1196 qui
1079 1159 1160 1186 etiam
1175 1159 1226 1186 alio
1241 1158 1303 1186 loco
1316 1158 1436 1195 effigiem
1450 1159 1527 1193 porci
1540 1158 1610 1185 inter
1624 1157 1696 1195 signa
1710 1158 1834 1186 militaria
1848 1159 1938 1187 locum
1952 1159 1998 1187 ha-

409 1197 491 1225 buisse
506 1197 585 1228 dicit,
606 1198 633 1225 δε
647 1196 749 1223 caulam
767 1197 856 1228 addit,
875 1199 936 1234 quia
951 1197 1077 1226 confetsto
1087 1197 1173 1226 bello,
1192 1197 1261 1224 inter
1275 1205 1341 1234 quos
1357 1205 1406 1232 pax
1419 1196 1494 1224 fieret
1508 1195 1570 1224 caesa
1583 1204 1664 1232 porca
1678 1195 1766 1224 foedus
1780 1197 1881 1225 firmari
1889 1196 1996 1225 soleret.

408 1235 599 1263 Posterioribus
625 1234 793 1271 temporibus
818 1235 936 1262 dracones
956 1245 1002 1272 per
1022 1235 1133 1272 lingulas
1154 1235 1279 1264 cohortes
1297 1236 1330 1263 ad
1349 1234 1471 1276 praelium
1489 1234 1502 1262 ὲ
1521 1233 1676 1262 draconariis
1696 1235 1857 1264 ferebantur.
1898 1235 1998 1263 Vexilli:

407 1275 489 1303 etiam
510 1272 617 1310 fingulis
632 1273 758 1300 centuriis
778 1273 919 1301 constituta
939 1282 1026 1306 erant,
1048 1275 1082 1302 de
1105 1273 1199 1311 quibus
1219 1275 1255 1303 ita
1267 1277 1394 1312 Vegetiusz
1417 1273 1544 1311 Antiqui,
1564 1273 1666 1310 inquit,
1686 1273 1747 1311 quia
1767 1272 1885 1302 sciebant
1898 1275 1925 1301 in
1940 1275 1998 1302 acie

408 1311 553 1342 commisso
573 1311 643 1339 bello
661 1310 783 1339 celeriter
800 1312 922 1343 ordines,
942 1313 1061 1351 acieique
1074 1313 1189 1344 turbari,
1210 1321 1290 1350 atque
1304 1312 1445 1340 confundi:
1467 1322 1500 1340 ne
1514 1311 1566 1339 hoc
1579 1311 1665 1348 postet
1678 1312 1813 1343 accidere,
1834 1311 1958 1341 cohortes
1969 1313 1996 1341 in

407 1349 534 1378 centurias
552 1348 711 1381 diviserunt,
731 1352 759 1378 &
778 1350 886 1387 singulis
907 1350 1025 1378 centuriis
1043 1351 1143 1388 lingula
1162 1351 1258 1379 vexilla
1272 1352 1481 1382 constituerunt,
1502 1350 1539 1379 ita
1553 1358 1583 1378 ut
1597 1358 1628 1378 ex
1642 1360 1693 1387 qua
1709 1350 1837 1381 cohorte,
1859 1350 1900 1378 vel
1914 1359 1997 1388 quota

409 1389 473 1418 esset
486 1389 603 1417 centuria
616 1388 643 1414 in
656 1387 703 1414 illo
716 1388 814 1416 vexillo
828 1389 910 1416 literis
924 1390 986 1416 esset
1001 1389 1176 1425 adscriptum:
1197 1390 1270 1426 quod
1285 1390 1420 1418 intuentes
1435 1389 1476 1416 vel
1489 1388 1608 1427 legentes
1623 1388 1734 1420 milites,
1755 1389 1782 1416 in
1792 1389 1885 1425 quovis
1898 1389 1997 1417 tumul-

407 1436 437 1457 tu
457 1427 470 1455 ὲ
491 1425 721 1454 contubernalibus
736 1425 785 1454 suis
798 1427 919 1454 aberrare
931 1438 987 1455 non
1000 1428 1113 1464 possent.
1133 1428 1296 1455 Centuriones
1307 1427 1412 1463 infiiper
1426 1428 1542 1455 nimium
1558 1426 1698 1454 bellicosos
1712 1426 1836 1454 loricatos
1848 1426 2000 1456 transversis

408 1466 534 1494 caffidum
549 1464 629 1491 cristis
644 1463 789 1495 habebant,
810 1471 839 1490 ur
854 1463 953 1494 facilius
967 1466 1150 1494 noscerentur.
1170 1466 1305 1494 Haeremus
1318 1464 1440 1503 regestus.
1468 1465 1582 1496 Vextlla,
1602 1465 1677 1493 sicuti
1691 1467 1717 1493 ὃς
1730 1464 1820 1503 aquila
1830 1484 1837 1495 ,
1860 1466 1886 1493 &
1899 1465 1997 1494 cohor-

410 1505 480 1532 tium
493 1503 565 1539 signa
578 1502 732 1539 frequenter
741 1503 768 1529 in
783 1503 904 1533 numinis
917 1504 1030 1541 antiquis
1044 1504 1177 1532 videntur.

1085 1573 1109 1600 C
1137 1582 1152 1599 A
1182 1584 1205 1601 P.
1252 1573 1308 1601 VI.

733 1625 817 1671 Quis
833 1622 899 1658 dux
915 1626 1063 1658 exercitus
1071 1625 1188 1670 fiterit:
1215 1627 1288 1658 item
1303 1627 1372 1672 quis
1388 1626 1557 1673 Imperator
1571 1622 1679 1658 dinus.

411 1692 576 1758 Legionem
591 1695 615 1721 ἔς
629 1699 716 1730 partes
730 1694 786 1729 ejus
802 1695 1006 1731 explicavimus,
1028 1705 1100 1723 nunc
1114 1703 1180 1732 quot
1194 1704 1291 1731 genera
1302 1695 1421 1722 militum
1436 1696 1462 1723 in
1477 1696 1508 1723 iis
1521 1694 1633 1724 fuerint,
1653 1695 1752 1732 quique
1764 1694 1820 1723 aliis
1829 1695 1997 1732 praefuerint,

488 1732 729 1763 considerabimus,
749 1733 854 1760 initium
876 1734 1002 1761 facientes
1021 1734 1033 1761 a
1055 1733 1258 1769 magstratibus,
1279 1742 1309 1762 ut
1328 1733 1363 1761 fic
1378 1744 1490 1764 vocem,
1513 1733 1678 1761 militaribus.
1698 1738 1778 1761 Duces
1791 1734 1916 1762 exercitus
1928 1737 1999 1773 apud

412 1772 553 1798 Romanos
574 1770 681 1797 fuerunt
701 1771 820 1806 primum
844 1776 937 1809 Reges,
957 1773 1055 1800 deinde
1070 1767 1200 1805 Cbzsieles,
1223 1770 1364 1799 DidYatores
1378 1792 1385 1801 ‚
1405 1771 1500 1799 tribuni
1514 1772 1628 1798 militum
1643 1772 1712 1799 Cosi]
1731 1772 1859 1807 potestate
1871 1793 1880 1804 ‚
1903 1774 1999 1802 decem-

412 1808 462 1836 viri
481 1809 580 1845 legibus
603 1807 762 1838 scribendis,
779 1818 901 1842 prasoies,
921 1811 1084 1845 proco7gli1les,
1106 1813 1131 1838 ὃς
1148 1818 1310 1843 propinares.
1351 1811 1387 1837 Hi
1410 1810 1481 1837 enim
1501 1809 1550 1836 suis
1572 1809 1691 1846 auspiciis
1705 1809 1806 1836 bellum
1819 1819 1912 1847 gerere
1926 1813 1999 1841 dice-

412 1848 521 1875 bantur,
543 1845 640 1873 tribuni
660 1856 726 1874 vero
746 1847 884 1878 militares,
906 1846 1020 1885 magistri
1039 1847 1170 1888 equitum,
1189 1846 1281 1885 legati,
1303 1850 1354 1876 &c-
1374 1858 1429 1876 non
1447 1847 1513 1876 suis,
1534 1846 1578 1874 led
1591 1847 1682 1874 alienis
1702 1847 1822 1883 auspiciis
1836 1850 2013 1886 pugnabant-⁴

411 1887 454 1913 De
469 1884 576 1922 Regibus
589 1892 679 1921 aperta
693 1895 733 1912 res
746 1894 778 1912 ex
793 1885 906 1925 Dionysio
915 1907 923 1919 ,
944 1886 1034 1920 Livio,
1056 1886 1202 1915 Plutarcho,
1224 1888 1250 1914 δ’.
1263 1885 1332 1914 aliis:
1352 1887 1419 1913 item
1427 1887 1460 1914 de
1469 1884 1627 1920 Confielibus,
1642 1886 1687 1922 qui
1697 1885 1751 1913 fere
1758 1888 1851 1914 omnia
1860 1890 1931 1925 regia
1941 1899 2001 1917 mu.

413 1925 456 1952 n³a
478 1924 610 1951 obierunt.
631 1924 673 1949 De
693 1922 870 1951 Ditffiztombus
891 1925 932 1951 vel
951 1924 1002 1953 hoc
1024 1926 1082 1952 satis
1102 1924 1249 1952 testimonii
1268 1925 1317 1958 est,
1339 1925 1411 1961 quod
1434 1924 1582 1961 plerunque
1601 1924 1725 1961 leguntur
1737 1925 1776 1952 rei
1788 1926 1911 1962 gerendae
1925 1927 2000 1956 causa

412 1963 492 1990 creati
506 1961 565 1989 elle.
589 1963 630 1988 De
645 1961 751 1998 rtliquis
765 1961 885 1989 universa
900 1965 1026 1991 Romana
1042 1963 1147 1990 historia
1161 1963 1284 1994 testatur,
1305 1963 1342 1990 ita
1355 1972 1385 1991 ut
1399 1973 1453 1991 non
1468 1972 1534 1999 opus
1548 1962 1578 1990 iit
1595 1963 1678 1990 multa
1691 1962 1835 1991 authorum
1848 1965 2001 1994 testimonia

412 1999 472 2027 huic
494 2001 531 2026 rei
551 1999 742 2027 confirmaniae
759 2000 898 2028 adducere.
936 2004 998 2029 Hoc
1017 2010 1122 2030 tantum
1142 2001 1198 2036 jam
1221 2001 1427 2037 explicabimus,
1447 2010 1527 2038 quare
1548 2000 1590 2032 hi,
1610 2011 1678 2038 quos
1693 2002 1777 2029 modo
1792 2004 1931 2031 nominavi
1944 2014 2000 2032 ma-

408 2037 542 2074 gistratus,
564 2038 611 2065 suis
625 2038 745 2073 auspiciis
760 2038 826 2065 bella
841 2049 934 2076 gerere
948 2041 1083 2071 dicantur,
1102 2039 1166 2075 quid
1181 2039 1211 2066 lit
1224 2039 1287 2070 suis,
1309 2041 1373 2077 quid
1380 2040 1470 2068 alienis
1477 2038 1595 2076 auspiciis
1603 2048 1721 2077 pugnare
1732 2061 1739 2071 ,
1757 2042 1898 2078 &quando
1905 2051 1935 2070 ac
1942 2043 1999 2080 qui-

416 2077 463 2102 bus
476 2076 508 2101 de
522 2075 603 2103 caulis
618 2079 778 2109 Imperatores
792 2077 915 2113 apptllati
928 2078 986 2105 sint.
1010 2080 1050 2105 De
1063 2078 1177 2112 anspJcns
1190 2079 1321 2113 primum.

458 2113 611 2140 Institutum
627 2112 712 2141 fuerat
725 2114 756 2140 ab
770 2115 862 2145 initio,
884 2126 912 2144 ut
927 2116 991 2144 nihil
1006 2126 1093 2153 neque
1106 2116 1197 2147 domi,
1218 2125 1305 2152 neque
1322 2116 1423 2144 militiae
1433 2115 1494 2148 ,nifi
1508 2116 1631 2150 auspicato
1643 2125 1794 2154 gereretur,
1804 2119 1902 2155 quippe
1917 2119 1997 2156 quod,

412 2157 442 2189 ut
461 2151 548 2191 inquit
566 2151 635 2186 apud
649 2155 754 2178 Livium
771 2155 821 2180 Cn.
838 2154 967 2184 Manlius.
989 2155 1084 2183 nullius
1098 2154 1237 2181 calumniae
1251 2154 1444 2190 subjicerentur
1458 2164 1503 2186 ea,
1525 2163 1583 2190 quae
1595 2155 1633 2183 dii
1646 2156 1898 2193 comprobaviffimt.
1917 2157 1998 2192 auspi-

412 2198 451 2216 cia
465 2190 698 2230 vero-inaexercitu
713 2192 787 2217 unius
805 2199 910 2220 tantum
927 2192 1033 2221 fuerunt
1044 2191 1219 2226 Imperatoris,
1240 2194 1282 2221 cui
1296 2202 1326 2220 ea
1339 2193 1478 2229 provincia
1492 2194 1632 2225 eveniffet,
1652 2195 1740 2223 caeteri
1754 2194 1873 2231 auspiciis
1881 2195 1936 2231 ejus
1950 2205 1998 2232 pu-

413 2235 509 2265 gnare,
530 2228 584 2261 lple
597 2225 696 2268 bellum
707 2248 713 2258 ‚
735 2237 763 2256 ut
777 2229 867 2259 dalla.
889 2231 923 2258 sic
937 2231 1049 2266 auspiciis
1062 2231 1112 2258 suis
1125 2240 1219 2268 gerere
1235 2231 1379 2259 dicebatur.
1399 2232 1492 2268 Itaque
1508 2241 1557 2259 nec
1571 2232 1730 2266 Imperatoris
1747 2243 1863 2266 nomen,
1884 2234 1997 2270 necliip-

414 2265 538 2303 plicatio,
559 2273 608 2291 nec
624 2265 774 2300 triumphus
789 2268 899 2295 dabatur
912 2277 958 2296 aut
971 2270 1051 2308 legato
1064 2279 1109 2298 aut
1122 2269 1166 2296 ulli
1181 2269 1224 2296 alii
1236 2271 1366 2298 exercitus
1381 2269 1522 2305 praefesto,
1544 2280 1578 2297 ne
1592 2270 1610 2297 si
1625 2280 1721 2299 eorum
1736 2273 1843 2308 quidem
1859 2280 1937 2308 opera
1958 2279 1998 2300 at-

414 2313 465 2341 que
481 2304 726 2344 virtute-Imperator
737 2304 839 2338 abiens,
860 2315 904 2334 aut
919 2317 1048 2345 aegrotus,
1070 2308 1213 2336 vietoriam
1229 2308 1338 2345 adeptus
1353 2308 1429 2336 esset:
1451 2309 1524 2346 quod
1537 2317 1593 2336 non
1608 2318 1702 2337 eorum
1711 2311 1827 2346 auipiciis
1834 2320 1874 2338 res
1881 2309 1942 2336 esset
1950 2319 1997 2347 ge-

414 2343 464 2373 ssa,
485 2340 529 2368 sed
543 2343 619 2376 ipsius
634 2343 797 2374 Imperatoris.

451 2378 653 2408 Adhibebamur
670 2388 762 2407 autem
784 2381 813 2408 in
834 2382 922 2410 castris
941 2382 1046 2417 auspicia
1065 2384 1128 2416 duo,
1149 2394 1234 2413 unum
1248 2383 1377 2417 coactum,
1397 2384 1511 2413 alterum
1525 2395 1558 2412 ex
1570 2385 1735 2416 acuminibus.
1754 2384 1876 2412 Coad'lum
1888 2386 2000 2423 appella-

1940 2430 2002 2463 runt
