2075 2734
402 107 495 140 ⁴590¹
546 83 590 114 ⁵·
643 88 1719 126 .‹··Au1-1Qutr1i·rumRomininmemffx.
1893 71 1917 91 ⁸

399 158 442 186 -gb
457 164 489 182 eo
503 149 702 180 administratae,
725 156 786 174 cum
797 145 900 182 publica
913 144 1067 172 laudatione
1081 143 1113 171 ad
1121 141 1311 169 sublevandum
1328 142 1364 169 rei
1376 140 1524 179 periculum
1541 139 1679 167 miserunt.
1699 139 1892 169 Himinimum
1899 143 1994 174 decem

409 194 465 224 dati
478 192 611 219 dicuntur.
635 190 719 213 Οιιειη
733 188 759 212 in
768 189 790 210 V
795 193 881 211 errem
892 204 899 215 ,
920 185 945 210 δε
959 184 985 209 in
998 192 1022 210 2.
1037 183 1070 209 de
1086 179 1211 209 Oratore.
1237 182 1301 207 Haec
1314 189 1404 208 autem
1416 180 1531 206 laudatio
1544 178 1687 215 aliquando
1701 178 1845 208 defensioni
1856 183 1992 218 praepofita

411 233 460 261 est,
482 238 512 258 ut
526 231 612 254 Cicero
624 235 674 262 pro
684 224 778 251 Flacco
788 233 796 249 ¹.
816 222 957 258 aliquando
972 221 999 248 in
1013 230 1043 248 ea
1054 219 1165 251 inserta,
1185 219 1258 246 idem
1274 227 1324 255 pro
1337 219 1476 247 Cluentio:
1495 226 1690 253 nonnunquam
1704 218 1786 244 etiam
1799 218 1882 255 ipsam
1898 222 1934 248 est
1947 222 1992 250 de.

410 269 557 299 fenstonem
573 264 721 293 subsecuta,
742 270 772 289 ut
787 261 820 288 de
835 262 933 288 Scauro
948 257 1070 294 Afionius
1083 257 1181 289 refert,
1203 259 1228 285 &
1244 260 1329 283 Clcero
1342 266 1392 293 pro
1407 255 1505 283 Coelio.
1533 256 1582 283 His
1597 254 1678 287 adim*
1695 255 1714 283 fi
1726 255 1856 292 judicibus
1861 258 1992 291 sententia

412 307 475 336 latio
488 303 612 342 permiss‘a
626 301 703 332 effer,
723 300 742 327 ii
755 300 846 337 primo
860 306 949 332 coetu,
968 300 994 326 ὃς
1004 298 1096 335 primo
1108 295 1236 333 judicaffe
1249 295 1315 323 dieti
1327 294 1395 324 sunt.
1416 294 1520 322 Author
1531 294 1717 322 Rhetoricorum
1731 294 1763 322 ad
1772 297 1953 330 Herennium,
1965 300 1995 328 &-

413 350 466 374 Czc.
483 345 510 372 in
530 354 555 381 3.
570 345 691 370 Verrina.

830 429 834 432 .
1059 401 1083 428 C
1109 411 1127 428 A
1153 411 1178 428 P.
1223 400 1323 427 XXII
1334 401 1354 427 1.

547 467 599 500 De
608 463 740 512 secunda
756 464 890 506 afflone,
915 476 975 511 quae
991 460 1264 507 comperendinatio
1282 461 1363 494 dit-”la
1383 460 1421 507 est
1435 487 1446 503 ‚
1474 465 1509 501 ὤ*
1526 460 1563 495 de
1579 461 1670 508 officio
1685 463 1862 509 quaefitoris‚

1031 510 1105 545 dum
1125 510 1212 556 causa
1236 509 1389 556 agebatur.

480 596 534 624 uod
548 595 566 622 fi
581 594 623 632 lex
636 590 918 628 comperendinationem
932 590 1040 618 haberet
1055 611 1061 621 ,
1083 591 1170 626 prima
1182 590 1287 617 actione
1301 588 1418 625 perfecta
1431 609 1438 619 ,
1458 588 1517 624 post
1530 588 1640 616 tertium
1656 589 1728 617 diem
1745 588 1856 617 st—cunda
1871 589 1907 616 est
1922 590 1995 618 insti-

501 642 573 666 tuta,
593 642 651 669 quae
664 629 885 665 comperendinatio
898 629 968 656 dieta
981 629 1016 656 est
1025 649 1031 660 ‚
1053 638 1085 656 eo
1100 629 1172 665 quod
1187 629 1336 664 perendino
1350 627 1392 655 die
1406 625 1536 664 ageretu’r.
1557 629 1635 654 Hanc
1648 626 1768 661 Afionius
1782 627 1902 655 definivit
1915 629 1997 664 partis

506 670 642 708 utriusque
655 670 857 700 recitationem,
878 667 906 695 id
919 668 969 698 est,
990 674 1019 694 ut
1031 676 1083 704 ego
1099 668 1275 703 interpretor,
1296 675 1395 693 novam
1409 664 1566 693 accusatoris
1580 685 1587 696 ‚
1608 667 1635 692 δε
1650 666 1687 693 rei
1699 665 1863 692 citationem.
1902 667 1933 693 In
1949 666 1999 694 hae

418 721 482 739 vcro
498 711 625 738 citatione
637 716 733 735 contra
746 707 848 735 fae'turn
864 706 915 737 est,
935 713 1014 741 atque
1029 706 1055 732 in
1072 705 1213 741 superiore.
1240 704 1279 731 Ibi
1294 705 1365 731 enim
1381 704 1505 739 accusator
1517 704 1606 739 priore
1620 702 1681 731 loco
1695 703 1775 731 dixit,
1795 703 1902 738 defensor
1912 705 1999 739 poste-

418 760 500 777 nore:
520 748 563 776 hic
577 754 673 774 contra
687 746 760 782 prius
771 744 895 780 defensor,
917 743 1043 780 posterius
1057 753 1121 770 vero
1129 744 1225 771 iterum
1240 741 1317 769 iib‘t'or.
1329 742 1384 769 Cic.
1397 743 1424 769 in
1438 745 1563 769 Verrem·
1582 742 1654 769 Cum
1669 742 1750 778 igitur
1762 741 1788 768 in
1800 741 2000 775 comperendina—

417 789 484 816 tione
498 785 615 814 defensio
628 784 789 822 praecederet
802 781 997 810 accusationem
1009 802 1014 812 ,
1035 781 1094 808 sane
1109 781 1311 818 intelligendum
1329 782 1364 808 est
1378 781 1405 807 in
1421 780 1522 809 caefleris
1535 779 1648 807 eandem
1661 779 1737 808 fuiffe
1750 781 1898 811 rationem,
1919 787 1998 817 atque

418 826 584 862 superiorum
601 823 651 850 fuit
663 821 853 858 probationum
862 840 869 849 .
890 828 969 857 atque
982 821 1256 856 argumentationum.
1278 818 1447 853 Accu-(fuimns
1458 818 1535 853 hujus
1547 817 1665 845 secundae
1678 817 1805 855 exemplo
1818 817 1868 845 sint
1881 818 1999 855 quinque

417 864 477 893 libri
491 864 519 890 in
534 866 650 890 Verrem
659 880 665 890 ‚
685 868 800 896 quorum
816 868 882 885 unus
894 859 925 884 de
932 867 1041 892 prmum
1055 857 1153 884 urbana
1168 856 1318 885 inscribitur
1331 878 1338 889 ‚
1358 857 1424 884 alter
1437 856 1468 883 de
1477 855 1651 891 jurfiitfflone
1664 855 1802 894 Siciliensi,
1823 856 1917 883 tertius
1930 857 1960 883 de
1972 866 1999 882 re

411 898 599 940 frumentaria,
619 906 726 935 quartus
741 896 872 934 designo,
891 898 998 933 quintus
1011 894 1182 930 defizpplicin.

457 942 522 967 Haec
533 946 623 965 autem
635 937 728 963 omnia
738 934 871 972 quaefitoria
885 935 1024 970 prudentia
1038 935 1196 969 regebantur
1205 955 1211 964 ‚
1231 933 1361 971 siquidem
1375 932 1504 969 scriptum
1520 932 1557 960 est
1571 933 1598 960 in
1610 932 1762 960 Rhetoricis
1778 932 1810 959 ad
1821 932 2000 964 Herennium,

419 975 577 1012 Accuffitortsss
595 975 703 1010 officium
718 972 764 1010 effe
776 973 868 1009 inferre
879 970 987 998 crimina
998 993 1004 1003 ,
1027 971 1158 1007 desenlorok
1170 972 1266 998 drluere
1278 992 1285 1003 ‚
1307 970 1372 1008 testis
1387 971 1465 998 ducere
1479 990 1487 1000 ,
1507 969 1649 1009 quaefiierit
1662 992 1671 1003 ‚
1691 969 1822 1009 quaesitoris
1835 978 2003 1008 unumquem-

419 1026 470 1054 que
483 1024 567 1041 eorum
583 1013 611 1040 in
625 1010 698 1047 officio
710 1010 843 1037 continere.
863 1010 977 1037 Interim
991 1019 1056 1036 vero
1069 1010 1135 1036 dum
1151 1009 1224 1037 causa
1238 1009 1379 1046 agebatur,
1400 1007 1510 1046 quaefitor
1527 1011 1554 1037 ὃ(
1569 1010 1708 1036 dimittere
1719 1008 1837 1044 judices,
1859 1010 1884 1036 ὃς
1901 1008 2000 1034 invitos

392 1083 394 1085 .
422 1054 538 1081 retinere
551 1061 605 1078 non
620 1049 747 1086 potestate
760 1049 856 1085 potuit.
876 1047 960 1074 Cicero
975 1047 1066 1075 multis
1078 1047 1152 1075 locis.
1172 1047 1342 1075 Custodiebat
1357 1048 1440 1074 etiam
1455 1055 1532 1073 urnas
1546 1047 1573 1073 in
1589 1046 1715 1074 tribunali
1729 1054 1830 1081 paratas
1843 1046 1895 1073 sive
1909 1046 1941 1072 ad
1949 1044 2003 1072 sor-

422 1100 462 1119 tes
472 1090 618 1120 ducendas,
639 1087 692 1114 five
707 1088 738 1114 ad
752 1087 894 1114 sententias
907 1086 1043 1121 judicum,
1064 1094 1120 1122 quae
1134 1086 1162 1113 in
1175 1085 1275 1113 tabellis
1289 1085 1392 1121 scriptae
1405 1092 1494 1116 erant,
1514 1084 1685 1121 recipiendas.
1710 1088 1793 1111 Clcero
1804 1085 1832 1112 in
1850 1084 2000 1112 Vatinium.

424 1130 515 1164 Itaque
529 1128 581 1156 huc
594 1125 711 1155 alludens
723 1123 842 1161 Virgilius
855 1123 934 1151 dixit:
1761 1128 1763 1130 -

732 1166 792 1201 Qae
805 1170 852 1189 ttor
870 1166 953 1188 Mmos
971 1172 1063 1190 urnam
1083 1170 1174 1190 movet.
1212 1161 1257 1188 Ille
1266 1159 1392 1199 filenmm

734 1200 927 1238 conciliumque
946 1209 1030 1232 vocat,
1050 1200 1163 1240 vitasque
1183 1199 1224 1232 ξδ’
1243 1199 1349 1227 crimina
1369 1199 1449 1234 dfiie.

1073 1279 1097 1305 C
1126 1287 1142 1305 A
1170 1289 1194 1306 Ρ.
1240 1277 1366 1305 XXIV.

688 1338 741 1371 De
754 1339 868 1372 latione
877 1338 1032 1384 fintentiae
1048 1362 1059 1378 ‚
1085 1335 1276 1382 aestimatione
1294 1337 1380 1377 litis,
1408 1341 1454 1369 θ’·
1469 1333 1741 1381 animadversione.

426 1419 598 1480 Postquam
612 1421 708 1445 'autem
724 1423 768 1443 aut
777 1415 876 1450 prima,
897 1424 940 1444 aut
947 1416 1058 1451 ficunda
1073 1414 1139 1443 acilio
1152 1415 1272 1452 perfecta
1284 1416 1350 1447 fuit,
1369 1423 1429 1443 tum
1446 1422 1558 1450 uterque
1569 1422 1670 1446 orator,
1692 1413 1717 1441 se
1730 1412 1822 1441 dixiss'e
1835 1411 2007 1450 significavit,

497 1466 552 1493 quo
564 1456 668 1486 audito,
682 1464 756 1488 praeco
770 1464 816 1482 eos
826 1454 918 1482 dixiffe
928 1455 1120 1490 pronuntiavit.
1161 1458 1254 1481 Prator
1266 1463 1331 1481 vero
1343 1453 1475 1489 judicibus
1488 1451 1595 1479 tabellas
1606 1453 1694 1480 dedit,
1715 1454 1742 1479 ὅ(
1758 1459 1787 1478 ut
1798 1450 1939 1477 sententias
1956 1449 2008 1477 fer-

427 1501 502 1525 rent,
522 1495 549 1521 in
563 1493 703 1521 consilium
717 1492 796 1519 misit.
837 1493 933 1519 Prioris
948 1493 1032 1519 moris
1047 1493 1174 1519 meminit
1187 1493 1307 1527 Afiomur
1319 1494 1345 1519 &
1357 1490 1451 1517 Cicero.
1491 1490 1602 1517 Mittere
1615 1498 1704 1516 autem
1714 1510 1720 1520 ‚
1741 1495 1786 1516 aut
1799 1508 1806 1519 ,
1827 1488 1964 1515 dimittere
1979 1488 2008 1514 in

431 1532 571 1560 confilium
587 1531 688 1567 judices
703 1537 759 1556 erat
772 1550 781 1561 ‚
800 1529 893 1564 jubere
907 1529 966 1556 illos
988 1530 1019 1556 ad
1037 1539 1113 1557 urnas
1125 1531 1164 1556 ire
1177 1549 1184 1560 ‚
1203 1537 1283 1566 atque
1296 1530 1323 1556 in
1337 1538 1380 1556 eas
1393 1527 1499 1555 tabellas
1513 1527 1671 1555 sententiam
1685 1527 1850 1555 continentes
1864 1526 2009 1561 conjicere.

430 1573 491 1598 Hoc
506 1570 584 1597 docet
599 1567 717 1602 Assonins
730 1568 867 1603 inquiens:
890 1568 999 1595 Mittere
1012 1568 1114 1603 judices
1130 1569 1158 1594 in
1171 1568 1310 1594 consilium
1319 1588 1325 1597 ,
1339 1567 1374 1594 est
1381 1567 1518 1594 dimittere
1528 1566 1630 1601 judices
1643 1566 1674 1593 ad
1685 1564 1842 1592 sententiam
1851 1564 2008 1590 dicendam:

432 1608 476 1635 ubi
490 1607 607 1644 allegatis
620 1606 744 1633 omnibus
759 1606 924 1642 argumentis
938 1614 1029 1633 orator
1042 1606 1152 1639 dixerit,
1172 1604 1238 1633 dixi.
1278 1604 1385 1632 Caelius:
1407 1605 1494 1632 Mittit
1507 1604 1535 1630 in
1552 1604 1690 1631 confilium
1704 1602 1811 1630 eosdem
1824 1601 1896 1633 illos,
1917 1601 1962 1638 qui
1979 1600 2010 1627 li-

432 1654 487 1674 tem
505 1646 678 1674 aestimai·ant,
690 1643 796 1677 jndices.
829 1647 902 1671 Tum
917 1653 982 1670 vero
996 1643 1185 1679 consurgentes
1198 1644 1302 1679 judices
1315 1644 1342 1670 in
1356 1642 1494 1670 confilium
1509 1642 1591 1668 ibant.
1622 1641 1706 1668 Cicero
1720 1650 1769 1676 pro
1783 1639 1925 1667 Cluentio:
1945 1643 2010 1665 Con-

425 1682 542 1719 ]icrqitur
553 1682 581 1710 in
592 1679 730 1717 confilium.
752 1683 821 1709 Item
838 1691 900 1709 cum
916 1685 1000 1707 Cicero
1014 1681 1117 1708 dixisset
1131 1683 1158 1708 in
1173 1683 1357 1709 Divinatione:
1381 1682 1446 1707 Non
1460 1670 1575 1716 singu-los
1588 1680 1690 1714 judices
1703 1679 1772 1706 ferre
1781 1677 1937 1706 sententiam
1946 1696 1952 1706 .
1965 1676 2010 1704 sed

432 1720 566 1749 universos
578 1720 751 1750 constituere,
773 1719 893 1755 exposuit
909 1718 1030 1753 „ar-(eonius
1040 1740 1047 1751 ‚
1067 1719 1181 1754 singulos
1195 1720 1295 1755 judices
1310 1719 1469 1747 sententiam
1485 1719 1518 1745 de
1532 1717 1618 1745 tabula
1631 1716 1811 1754 pronuntiass'e
1825 1718 1852 1744 in
1868 1715 2010 1743 levioribus

434 1760 528 1790 caulis,
553 1761 578 1786 ἃ
591 1758 625 1786 ob
640 1758 666 1785 id
682 1766 768 1794 neque
783 1766 861 1789 nota,
881 1767 967 1794 neque
980 1758 1087 1785 custode
1102 1767 1168 1794 opus
1182 1757 1265 1785 fuisse.
1286 1758 1455 1784 Constituere
1469 1765 1558 1784 autem
1568 1777 1575 1787 ‚
1596 1756 1671 1784 fuisse
1683 1755 1783 1784 tabulas
1795 1755 1822 1782 in
1837 1755 1911 1782 cistas
1926 1763 2010 1789 pone-

435 1808 472 1830 re.
512 1797 564 1824 Hic
579 1795 661 1823 Cicero
673 1804 722 1831 pro
736 1795 862 1824 Cluentio
876 1795 965 1824 scribit
982 1806 989 1822 ι
1009 1794 1170 1832 Qqfi'torem
1183 1797 1209 1823 in
1224 1796 1326 1831 judicio
1340 1794 1511 1825 Scamandri,
1531 1803 1594 1821 cum
1615 1795 1642 1820 in
1656 1793 1795 1821 consilium
1808 1793 1840 1819 iri
1855 1798 2010 1828 oporteret,

436 1835 548 1873 quaefiffe
560 1834 743 1861 Scamandrum
756 1833 840 1864 clam,
860 1843 892 1861 an
907 1833 993 1870 palam
1009 1835 1042 1861 de
1055 1840 1081 1860 te
1094 1832 1253 1861 sententiam
1267 1833 1331 1860 ferri
1343 1831 1432 1860 vellet.

475 1878 546 1900 Urna
559 1882 622 1900 vero
629 1868 686 1907 five
697 1869 755 1908 cista
769 1879 810 1899 tot
823 1871 945 1903 fuerunt,
965 1879 1032 1908 quot
1045 1871 1167 1907 judicum
1184 1871 1306 1902 ordines,
1326 1871 1372 1907 qui
1385 1870 1544 1906 judicarunt.
1564 1873 1626 1896 Tres
1637 1869 1760 1906 quidem,
1781 1877 1844 1896 cum
1858 1877 1954 1895 omnes
1967 1868 2013 1896 ad-

439 1911 515 1939 hibiti
528 1910 601 1942 lunt,
622 1919 673 1937 una
681 1910 828 1943 senatorum
837 1930 844 1941 ‚
865 1910 946 1938 altera
958 1910 1089 1948 equitum,
1110 1910 1187 1938 tertia
1199 1909 1358 1936 tribunorum
1370 1907 1523 1935 mariarum.
1561 1907 1664 1935 rabello
1684 1916 1748 1935 vero
1761 1927 1768 1937 ‚
1788 1915 1846 1942 quae
1859 1906 1926 1937 datae
1940 1913 2014 1934 erant

439 1949 568 1985 judicibus
581 1970 587 1979 ,
608 1957 720 1985 quarum
734 1957 814 1974 unam
829 1949 856 1975 in
870 1957 965 1975 urnam
981 1948 1120 1977 mitterent
1133 1969 1142 1981 ,
1162 1955 1236 1976 erant
1253 1956 1319 1975 tres:
1340 1956 1391 1975 una
1403 1945 1559 1982 absslutiom'a
1571 1968 1579 1979 ,
1600 1947 1679 1974 altera
1691 1943 1914 1976 condemnationis,
1937 1945 2014 1972 tertia

440 1986 624 2021 ampliationis,
646 1995 735 2022 eaeque
749 1985 842 2013 tabulae
854 1994 947 2014 ceratae
959 1994 1043 2014 erant.

480 2023 620 2059 Ampliatio
633 2034 696 2052 vero
710 2044 716 2054 ,
739 2025 766 2051 in
780 2024 874 2061 quibus
887 2024 966 2052 caufis
979 2023 1152 2053 adhibebatur
1171 2025 1276 2062 (neque
1288 2017 1361 2052 inim
1377 2033 1472 2051 ornnes
1492 2033 1551 2051 eam
1566 2022 1636 2060 leges
1654 2021 1835 2054 admiserunt)
1856 2026 1929 2052 erat,
1948 2029 2016 2058 quo-

440 2063 488 2089 ties
502 2063 601 2096 judices
620 2062 801 2099 fignificabant
815 2084 822 2094 ,
842 2072 902 2090 rem
915 2063 960 2090 fibi
975 2072 1029 2090 non
1043 2062 1144 2099 liquere
1160 2083 1166 2094 ‚
1189 2066 1214 2091 ὃ(
1233 2063 1374 2091 iecundam
1392 2062 1525 2090 aetionem
1542 2062 1729 2090 instituendam
1743 2060 1795 2087 effe
1808 2080 1816 2091 ‚
1837 2062 1863 2087 δι
1873 2067 1962 2092 prator
1982 2068 2014 2086 ex

439 2100 537 2126 confilli
551 2099 678 2128 sententia
689 2101 892 2136 pronuntiabat,
912 2100 1020 2135 amplius
1037 2101 1224 2137 cognofiendum
1243 2101 1298 2139 esse.
1339 2101 1432 2136 Itaque
1451 2108 1480 2127 ut
1498 2108 1558 2126 nom
1576 2099 1731 2134 absolutionbs
1751 2100 1778 2126 in
1797 2097 1884 2125 tabula
1903 2095 1954 2125 fuit
1973 2099 2012 2129 A,

440 2137 646 2176 rmidmnnattomsss
662 2139 685 2165 C
702 2158 709 2169 >
730 2138 763 2165 slc
777 2138 948 2173 ampliationis
961 2160 968 2170 ,
990 2139 1017 2165 N
1034 2161 1042 2172 ,
1065 2140 1087 2166 L
1098 2159 1106 2171 ,
1124 2139 1151 2165 id
1166 2140 1201 2166 est
1213 2160 1219 2171 ,
1239 2150 1287 2165 non
1300 2137 1403 2177 liquere.
1443 2137 1577 2171 Aftonius,
1599 2136 1682 2165 Cicero
1697 2137 1788 2165 multis
1801 2135 1882 2167 locis,
1902 2137 2012 2166 Livias,

442 2174 567 2216 Valerius.
587 2177 646 2215 lioc
659 2175 719 2203 loco
733 2184 830 2211 praetor
843 2177 985 2214 gratificari
999 2178 1087 2213 potuit
1101 2186 1161 2207 reo,
1183 2185 1212 2205 ut
1227 2179 1259 2204 C.
1279 2177 1395 2204 Licinius
1410 2177 1449 2203 M.
1460 2176 1586 2212 Popillio,
1607 2177 1641 2204 de
1653 2186 1708 2213 quo
1722 2176 1779 2202 Liv.
1795 2174 1894 2208 lib-42·
1916 2175 1955 2200 M.
1965 2174 2014 2199 Po-

442 2211 528 2249 pillius
540 2218 607 2253 epu-o
621 2213 652 2239 C.
665 2214 798 2241 L{cinium
811 2223 953 2252 prxtorem
968 2216 1006 2242 bis
1020 2214 1123 2243 causam
1140 2215 1220 2246 dixit,
1240 2216 1322 2242 tertio
1335 2222 1432 2251 praetor
1445 2215 1566 2250 precibus
1580 2215 1665 2241 vietus
1679 2234 1685 2245 ,
1705 2213 1795 2241 Idibus
1813 2212 1917 2240 Martiis
1930 2209 2013 2237 adesse

441 2260 517 2278 reum
537 2250 609 2290 jullit
623 2269 630 2280 ‚
656 2260 709 2286 quo
728 2252 770 2291 die
788 2253 846 2280 novi
865 2253 1026 2290 magistratus
1046 2254 1137 2281 inituri
1157 2261 1232 2281 erant
1250 2252 1382 2280 honorem
1399 2272 1406 2281 ‚
1432 2262 1466 2279 ne
1487 2253 1587 2280 diceret
1604 2253 1646 2289 jus
1659 2273 1666 2284 ‚
1693 2252 1738 2289 qui
1758 2251 1859 2280 futurus
1871 2270 1878 2281 ‚
1899 2249 2014 2284 privatus

443 2289 514 2331 ess'et.
535 2289 618 2330 Moris
630 2295 719 2314 autem
734 2290 796 2318 tuit.
817 2299 846 2318 ut
859 2291 925 2318 dum
938 2292 1041 2327 judices
1054 2291 1213 2319 sententiam
1231 2291 1344 2322 ferrent,
1366 2290 1404 2317 rei
1417 2291 1450 2318 ad
1463 2292 1542 2327 pedes
1556 2300 1651 2318 eorum
1665 2288 1692 2317 se
1703 2289 1876 2326 projicerent.
1895 2285 2014 2319 Afionuss

442 2336 470 2353 in
479 2333 627 2353 orationem
643 2334 692 2361 pro
701 2328 810 2367 Scauro,
831 2329 974 2355 &Vtilerms
982 2334 1057 2356 Max.
1079 2330 1217 2366 Conjectae
1229 2330 1290 2356 inde
1305 2329 1332 2355 in
1345 2337 1424 2355 urnas
1436 2329 1537 2356 tabellae
1547 2349 1554 2360 ,
1574 2327 1725 2364 promiscue
1739 2327 1829 2355 dirimi
1842 2324 1972 2354 solebant,
1987 2332 2016 2351 ut

443 2373 570 2393 numerus
584 2361 778 2391 absolventium
790 2367 817 2392 &t
826 2367 1082 2400 condemnantium,
1102 2370 1129 2397 δι
1145 2367 1331 2404 ampliandum
1345 2367 1467 2403 judicum
1483 2367 1676 2403 conciperetur.
1715 2364 1799 2392 cicera
1811 2364 1839 2391 in
1853 2360 1975 2389 Pisonem
1990 2364 2018 2389 ὅτ.

1988 2398 2025 2436 ad)
2030 2402 2034 2410 ¹
