2075 2734
464 92 839 122 Lrnznnz

90 143 188 168 cohorte
200 141 283 175 ipfius:
300 139 413 165 uturbani
423 139 565 171 magistratus
572 140 598 163 ab
605 140 675 164 omni
689 139 756 163 sorde
770 139 865 164 seabssi-

90 183 173 200 nerenr
182 193 187 203 ‚
205 182 263 198 neve
270 173 321 205 plus
328 173 386 196 doni
395 171 527 196 munerisve
537 173 561 195 in
570 179 631 195 anno
639 173 780 203 acciperent,
793 179 864 203 quam

89 208 156 239 quod
169 205 222 230 effer
236 212 359 229 aureorum
371 211 466 227 centurn
481 213 486 226 :
503 211 562 227 neve
574 204 626 234 quis
639 204 670 226 ob
687 204 789 232 judicem
804 203 863 227 arbi-

89 246 184 262 trumve
196 238 299 262 dandum
309 254 315 265 ,
332 237 485 262 mutandum,
505 234 663 261 iubendumve
677 252 683 261 ‚
701 243 725 258 ut
738 235 861 263 judicaret:

90 278 149 294 neve
156 271 187 294 ob
195 270 320 293 hominem
328 269 352 292 in
360 267 449 291 vincula
461 266 551 297 publica
558 266 734 295 conjiciendum
743 284 749 294 ‚
760 267 863 291 vincien-

90 302 164 330 dum,
182 303 295 325 vincirive
308 299 436 330 jubendum
450 315 456 325 ‚
474 298 509 321 vel
522 305 550 321 ex
564 300 663 322 vinculis
676 299 861 322 dimittendum:

91 341 151 358 neve
165 335 218 365 quis
231 333 263 356 ob
276 332 400 356 hominem
409 329 617 353 condemnandum
627 348 632 358 ,
651 330 848 354 εὺίὸίνεῃάιιιηιε
857 347 863 356 ,

89 373 150 389 neve
164 365 195 389 ob
211 366 279 388 litem
295 361 463 388 astimandam,
481 361 625 389 judiciumve
638 363 718 394 capitis
731 363 861 394 pecuniave

91 397 238 424 faciendum,
259 393 588 425 velnonfaciendumaliquid
603 396 721 426 acciperet.
734 402 784 426 qux
795 394 860 417 verba

88 437 140 453 non
154 430 233 452 minus
247 426 391 459 pertinebant
402 424 429 448 ad
443 425 596 456 provinciales
608 443 614 453 ,
638 434 709 459 quam
722 427 748 450 ad
763 425 862 449 urbanos

91 461 242 492 magistratus.
257 460 328 485 item,
336 459 425 489 nequis
433 457 535 480 omnino
548 458 580 481 ob
588 459 712 488 negotium
719 458 861 486 faciendum,

90 493 128 516 vel
141 500 190 517 uon
207 490 340 515 faciendum
355 506 361 516 ,
384 497 424 521 per
436 489 578 513 calumniam
599 491 722 521 pecuniam
741 491 859 521 acciperet,

91 526 194 548 Caurum
201 529 305 555 praterea
313 538 318 548 ,
327 528 356 544 ne
364 521 490 551 provincix
498 520 618 552 praefidum
628 523 717 546 avaritia
725 529 859 554 premeren-

91 562 130 579 tur
144 573 150 582 2
167 562 203 579 aut
216 554 391 578 exhaurirentur
405 561 410 576 :
427 560 458 576 ne
471 553 521 579 illi,
539 554 581 584 qui
594 555 725 585 provincias
737 553 861 585 tegebant,

88 588 160 619 quive
167 588 225 611 circa
232 591 354 612 eoserant,
373 591 561 616 negotiarentur,
577 592 619 609 nec
626 593 731 610 mutuam
739 586 862 617 pecuniam

88 620 169 642 darent
182 616 276 642 fenusve
289 623 436 641 exercerent:
454 623 531 648 neque
545 617 703 644 hocranmm,
720 617 760 641 sed
767 625 797 641 ne
804 624 862 641 uxo-

88 658 140 674 rem
154 652 251 683 quidem
265 648 390 681 quisquam
403 649 485 672 ducere
497 648 570 679 posset
582 656 610 673 err
622 657 647 673 ea
655 651 773 681 provincia
781 650 861 674 oriun-

89 682 158 710 dam,
175 684 212 706 vel
220 682 373 706 domicilium
386 681 419 704 ibi
434 680 571 704 habentem:
589 682 704 706 nevefilio
712 689 810 705 uxorem
817 681 860 704 du*

88 713 314 738 centiconsentiretz
330 711 402 736 ne'iis
415 713 440 736 in
452 712 539 736 liberos
552 714 652 744 populos
665 714 700 742 jus
712 714 741 737 de
755 713 860 745 pecuniis

88 746 183 770 creditis
191 747 268 770 dicere
276 746 366 769 liceret:
386 745 443 768 item
451 761 458 772 ,
467 752 494 768 ne
501 746 554 776 quis
561 745 589 767 de
596 746 717 777 provincia
725 748 811 772 exiret,
824 751 861 768 aut

89 779 220 802 exercitum
235 777 291 801 inde
304 776 340 800 sua
347 777 484 800 authoritate
491 778 609 803 educeret,
626 777 716 801 bellurn
729 776 765 800 sua
777 776 860 807 sponte

89 817 181 841 gereret
189 827 195 837 ,
212 810 238 834 in
244 816 342 840 regnum
350 808 544 838 alienumiujuffu
551 807 651 836 Ienarus,
671 816 695 831 ac
702 809 786 840 populi
798 815 859 831 acce-

89 843 169 866 deret:
187 848 212 865 ut
224 840 317 865 libertas
330 839 412 875 sociis,
430 847 453 863 ac
461 841 552 871 praemia
566 840 598 863 ob
606 840 688 864 metita
700 839 861 871 inrempubli-

89 881 141 897 cam
154 873 216 900 dara,
233 873 324 902 integra
336 871 421 894 essent:
439 871 586 902 necuiquam
599 879 679 895 aurum
693 872 845 895 coronarium
854 887 860 898 ,
877 888 879 896 .

91 911 129 928 aut
143 905 269 935 imperare,
287 909 325 926 aut
337 903 438 933 accipere
451 903 544 930 liceret,
561 902 604 926 nifi
617 904 655 927 cui
668 902 771 927 decretus
783 903 837 927 esser
848 902 861 926 a

90 936 168 960 senatu
182 934 323 966 triumphus.
340 941 435 958 cautum
446 934 518 958 etiam
531 933 570 958 hac
578 935 643 966 lege,
663 942 692 959 ne
699 935 759 959 dona
775 936 862 966 accipe-

88 974 142 991 rent
149 966 285 999 quaestores,
304 972 341 989 aut
354 966 434 990 xenia:
454 973 478 990 ut
493 966 594 990 restores
607 968 781 998 provinciarum
793 968 862 991 ratio-

89 1007 146 1027 nes,
163 999 226 1031 prius
239 1005 310 1031 quam
323 998 476 1026 decederent,
494 999 553 1030 apud
562 999 648 1023 duasin
656 1000 777 1031 provincia
784 1000 863 1023 civita-

87 1037 122 1056 tes
129 1031 285 1062 deponerent:
303 1037 333 1054 ne
341 1031 394 1061 quis
407 1031 548 1062 proconsul,
566 1037 604 1054 aut
617 1038 744 1062 propraetor
756 1031 860 1062 legatum

88 1062 158 1087 suum
166 1069 217 1086 ante
224 1061 281 1086 sede
295 1061 414 1092 provincia
426 1062 568 1090 dimitteret,
587 1063 653 1094 quod
666 1062 692 1086 ab
706 1063 819 1094 Ulpiano,
837 1063 863 1086 in

86 1095 103 1119 l.
118 1094 236 1123 memimffi
245 1111 250 1121 ,
268 1094 380 1117 traditum
393 1093 432 1117 est.
452 1093 561 1125 speEtavit
573 1094 618 1118 haec
631 1096 669 1118 lex
683 1102 732 1118 non
745 1095 821 1119 modo
835 1095 862 1119 ad

85 1133 140 1155 eos,
158 1127 200 1158 qui
213 1133 269 1150 cum
281 1126 357 1156 aliqua
369 1125 480 1156 potestate
490 1133 569 1153 erant,
585 1133 667 1150 verum
680 1128 752 1150 etiam
771 1127 797 1150 acl
805 1134 861 1154 eos,

87 1159 131 1190 qui
143 1157 252 1182 curabant
265 1157 362 1189 aliquod
374 1164 434 1188 opus
447 1157 539 1188 publice
552 1157 699 1185 faciendum,
715 1158 862 1182 frumentum

87 1189 287 1220 comparandum,
304 1189 409 1212 velviam
417 1190 580 1213 reficiendam:
598 1191 656 1214 item
664 1191 800 1222 adlegatos,
819 1192 861 1221 qui

87 1222 264 1253 provinciarum
277 1219 406 1244 restoribus
418 1219 431 1244 a
444 1220 522 1245 senatu
536 1222 661 1249 dabantur,
680 1222 860 1254 praer‘estosque,

87 1254 113 1278 ὅ(
125 1253 247 1279 tribunos,
265 1252 387 1284 quoestores
399 1254 470 1277 etiam
485 1271 492 1280 ,
508 1260 629 1286 totamque
641 1254 766 1278 cohortem
779 1261 860 1285 prsete-

86 1286 162 1312 riam,
180 1284 263 1316 siquid
276 1283 383 1315 accepisse
393 1283 406 1307 a
419 1285 601 1316 provincialibus
614 1287 716 1310 convie‘ti
730 1285 807 1310 essent.
825 1294 861 1309 ea-

86 1315 346 1348 demlegeilludetiam
353 1316 466 1340 sancitum
473 1324 532 1344 erar,
550 1318 609 1348 quid
621 1317 750 1341 rectoribus
765 1319 859 1349 provin-

85 1348 173 1372 ciarum
182 1364 188 1375 ‚
206 1348 265 1371 dum
273 1348 297 1371 in
304 1348 531 1379 provinciamirent,
549 1348 637 1373 {isociis
649 1351 733 1381 populi
746 1353 819 1374 Rom.
831 1351 860 1374 li-

86 1386 148 1403 ceret
156 1380 264 1411 accipere.
282 1387 327 1411 qua
339 1380 368 1403 de
374 1380 426 1411 lege
432 1381 518 1404 Cicero
526 1397 532 1406 ‚
549 1381 608 1405 dum
620 1381 645 1404 in
653 1382 799 1412 provinciam
806 1389 859 1412 pro-

88 1411 212 1439 ficiscitur,
229 1412 261 1435 ita
273 1410 353 1435 scribit
365 1412 392 1435 ad
407 1412 513 1436 Atticum
526 1412 588 1436 libro
603 1416 628 1436 V.
643 1413 708 1444 epist.
721 1422 757 1437 10.
775 1416 860 1437 ,Adhuc

71 1444 186 1474 .sumpeus
199 1451 235 1466 nec
246 1444 268 1465 in
282 1451 330 1468 me,
348 1450 388 1465 aut
398 1443 494 1472 publice,
514 1451 554 1467 aut
563 1447 673 1474 privatim
682 1462 687 1471 ,
705 1454 741 1468 nec
753 1448 775 1468 in
782 1454 859 1477 quem—

86 1483 157 1506 quam
174 1475 287 1497 comitum.
305 1476 361 1497 nihil
373 1476 476 1506 accipitur
495 1477 540 1505 lege
552 1477 616 1504 Julia
631 1492 636 1501 ,
660 1478 716 1499 mhi!
729 1476 756 1499 ab
770 1479 858 1508 hospite.

85 1506 164 1530 Postea
178 1513 234 1531 vero
251 1513 323 1537 quam
342 1506 367 1529 in
381 1506 528 1536 provinciam
543 1507 646 1537 pervenit
660 1524 666 1534 ,
690 1509 777 1531 eodem
795 1508 858 1532 libro

85 1538 155 1570 epist.
174 1543 210 1562 16.
227 1538 283 1561 Scin
299 1546 338 1560 non
350 1539 410 1561 modo
423 1554 430 1564 ,
454 1547 488 1560 nos
495 1539 575 1568 senum
589 1554 596 1566 ,
612 1546 653 1561 aut
670 1541 726 1569 quod
738 1542 781 1571 lege
796 1541 859 1568 sulm

87 1571 211 1599 darifilet,
223 1570 263 1599 sed
275 1577 299 1591 ne
313 1571 371 1599 ligna
382 1570 485 1600 quidem,
502 1578 537 1592 nec
548 1577 627 1600 ἔναιεν
637 1578 731 1601 quatuor
743 1572 819 1598 lectos,
833 1572 859 1595 v&

86 1602 182 1627 unum,
201 1608 337 1631 quemquam
350 1607 441 1629 accipere
453 1602 584 1632 quidquam.
602 1602 641 1625 Ad
654 1602 711 1625 hanc
725 1603 802 1634 legem
818 1611 856 1634 po-

86 1629 224 1658 steaCaesar‚
242 1638 321 1654 rerum
331 1631 515 1662 potitusforrasse
527 1638 596 1662 caput
610 1632 656 1656 hoc
663 1633 753 1657 addidit
765 1651 771 1661 ,
789 1641 813 1657 ut
827 1642 859 1657 te-

86 1663 243 1695 petundarum
250 1663 354 1686 convicti
361 1664 432 1686 etiam
440 1664 524 1687 ordine
536 1661 653 1687 senatorio
662 1672 822 1688 moverentur.
835 1666 860 1689 id

87 1695 190 1727 quidem
204 1694 267 1718 abeo
275 1694 377 1722 fastum,
393 1696 518 1722 Suetonius
525 1702 606 1718 narrat.
623 1697 689 1727 quod
697 1698 733 1721 vel
741 1697 816 1724 aneta,
835 1704 860 1720 ut

87 1728 139 1751 dixi
148 1744 154 1754 ‚
171 1727 446 1760 suaveterelegepotuit,
465 1727 501 1750 vel
512 1734 574 1751 nova
587 1728 638 1758 lege
651 1729 707 1755 lata,
725 1730 763 1752 vel
773 1730 843 1752 etiam
852 1746 858 1756 ,

86 1759 206 1790 smelege,
224 1766 267 1789 pro
278 1766 317 1785 ea,
335 1765 406 1789 quam
413 1760 525 1782 omnium
533 1767 609 1782 terum
619 1767 678 1783 unus
687 1760 797 1787 habebat,
814 1768 858 1791 po-

85 1791 171 1815 testate.
189 1791 304 1822 Scriptum
317 1791 388 1814 etiam
401 1790 460 1821 apud
471 1791 610 1814 Martianum
622 1791 812 1820 jurisconsultum
822 1794 858 1816 in-

85 1823 170 1850 venio,
187 1823 239 1854 lege
252 1822 313 1853 Julia
325 1821 505 1852 repetundarum
518 1829 611 1846 caurum
624 1822 682 1850 effe,
701 1831 731 1846 ne
744 1824 844 1855 iudicare
853 1842 858 1852 ‚

87 1862 147 1879 neve
154 1854 319 1878 testimonium
325 1853 528 1882 dicereticererei,
549 1855 593 1886 qui
605 1854 637 1878 ob
648 1856 819 1887 turpitudinem
827 1855 859 1880 se-

87 1892 142 1912 natu
149 1892 229 1911 motus
236 1903 243 1914 ,
261 1892 304 1910 nec
311 1885 427 1910 restitutus
437 1885 499 1909 esset.

284 1950 309 1976 C
337 1959 354 1976 A
381 1959 396 1976 Ρ
425 1958 442 1976 υ
470 1958 487 1975 τ
528 1950 660 1977 XXIII.

342 2010 419 2046 Leges
430 2008 462 2035 de
475 2008 616 2043 vipublica.

158 2074 176 2096 E
192 2071 216 2095 vi
229 2070 340 2103 sequitur.
353 2078 378 2095 ea
385 2070 470 2102 duplex
478 2071 536 2098 fuit,
555 2071 659 2103 publica,
677 2071 700 2095 &
710 2072 803 2103 privata.
819 2079 861 2102 pu-

87 2072 154 2134 D
173 2103 232 2127 blica
245 2102 354 2127 definitur
367 2120 373 2130 ,
391 2111 415 2127 ea
427 2120 432 2130 ‚
453 2111 502 2135 quae
516 2105 586 2127 armis
599 2112 604 2126 :
622 2104 706 2134 privata
720 2121 726 2131 ,
749 2111 798 2135 quae
812 2103 860 2127 fine

87 2136 158 2159 armis
165 2135 269 2159 infertur.
284 2135 376 2167 privatis
383 2136 448 2159 enim
456 2136 592 2160 hominibtn
602 2142 720 2159 rimorum
729 2138 826 2159 uturum
834 2136 859 2159 in

87 2166 151 2191 Urbe
160 2184 166 2194 ‚
181 2174 233 2191 tnm
241 2167 265 2190 in
273 2174 327 2198 agro
335 2168 385 2199 lege
393 2168 452 2198 Julia
462 2168 615 2191 inrerdistum
625 2184 630 2194 ‚
645 2167 688 2191 nisi
695 2166 710 2190 si
719 2168 827 2191 haberent
834 2176 859 2191 ea

86 2200 217 2223 venationis
228 2216 233 2226 ,
247 2199 352 2225 itineris,
372 2198 551 2229 navigationisve
563 2207 573 2222 c
589 2199 632 2223 usa.
647 2199 748 2230 legimus
760 2200 784 2223 in
800 2202 857 2223 Mar

87 2231 167 2258 tiano,
182 2232 217 2255 tir.
227 2231 253 2254 ad
267 2231 391 2261 1.‚Ju1i³rn,
404 2231 559 2262 devipublcca.
578 2231 650 2262 idque
657 2229 859 2262 renovatumaJu-

87 2261 201 2289 murano,
217 2261 294 2286 scribit
303 2262 431 2294 ipseinlib.
450 2263 603 2286 Novellarum
616 2262 687 2286 const.
698 2264 734 2287 tit.
747 2264 771 2286 cle
784 2272 858 2286 amns.

87 2326 173 2358 dequo
180 2327 281 2358 legimus
295 2327 320 2349 in
328 2326 399 2350 Plinii
413 2327 520 2350 naturalis
532 2326 630 2350 historizt
643 2326 687 2350 lib.
700 2329 796 2351 XXXlV.
815 2327 858 2357 qni

87 2358 162 2383 vetuit
174 2359 200 2383 in
206 2359 312 2383 tumultu
318 2359 381 2382 necis
387 2358 507 2384 clodianae
514 2359 591 2384 ullum
603 2358 698 2384 inurbe
710 2358 785 2383 telum
797 2359 853 2386 effe,

881 94 1263 123 Lt-:ornns-
1614 102 1666 139 851

896 141 979 172 primis
991 141 1138 174 temporibus
1151 142 1281 167 institutum
1289 159 1295 170 ,
1310 141 1504 176 observatumque
1515 153 1565 169 non
1572 145 1667 173 dubito.

896 173 966 196 video
975 175 1040 197 enim
1049 191 1055 201 ‚
1068 174 1148 198 Servio
1156 181 1278 206 regnante,
1290 176 1407 205 populum
1415 178 1488 199 Rom.
1501 178 1527 200 ad
1540 181 1667 203 centuriata

895 206 1025 229 comitiain
1033 213 1141 237 campum
1153 213 1215 229 extra
1223 206 1310 230 Urbem
1319 214 1437 238 propterea
1451 210 1584 233 convenisse
1593 227 1599 236 ‚
1612 213 1667 242 quia

894 236 919 259 in
928 236 989 260 Urbe
997 236 1050 261 usus
1058 245 1176 261 armorum
1186 238 1369 262 interdiceretur.
1382 239 1451 270 serpit
1459 239 1544 264 deinde
1558 242 1665 266 licentia:

894 275 963 299 quam
973 269 1041 292 novis
1047 269 1139 300 legibus
1146 272 1169 294 δε
1178 270 1260 293 edictis
1269 271 1366 301 reprimi
1373 269 1460 294 necesse
1473 271 1512 295 est.
1532 273 1625 297 Publica
1632 275 1668 298 vis

894 300 931 334 vel
938 307 1016 323 contra
1024 300 1193 331 rempublicam
1207 302 1230 325 ὅ(
1245 302 1402 332 magistratus,
1419 303 1456 326 vel
1468 310 1546 327 contra
1562 306 1663 335 privatos

893 331 968 354 fiebat.
982 339 1062 355 contra
1069 331 1267 363 rempublicam&
1277 333 1419 364 magistratus
1432 336 1534 366 capitalis
1547 343 1593 360 etat
1606 336 1666 362 sem-

892 370 943 393 per:
953 370 1032 387 contra
1040 365 1140 395 privatos
1147 381 1154 391 ,
1163 373 1210 387 non
1218 366 1276 388 item
1286 382 1292 392 ‚
1305 365 1342 389 sed
1350 368 1518 390 tantummodo
1525 375 1579 392 cum
1587 376 1665 401 erepta

893 395 940 417 vita
947 394 1009 420 esset.
1021 397 1129 419 Privatam
1140 397 1189 420 vim
1198 404 1246 425 nori
1253 396 1318 420 fuisse
1325 399 1455 429 capitalem,
1462 399 1550 423 etiamsi
1558 408 1605 424 non
1614 409 1669 432 pro-

892 426 959 450 betur
966 427 1159 458 exemplis,facile
1167 434 1243 451 tamen
1251 436 1279 451 ex
1287 429 1333 459 ipsa
1340 429 1480 454 definitione
1487 432 1541 454 licet
1549 432 1666 457 existima-

892 466 926 481 re.
942 461 1027 490 Neque
1035 467 1090 482 veto
1099 476 1105 485 ,
1112 467 1136 482 ut
1144 459 1172 483 de
1181 459 1270 491 publica
1278 477 1284 486 ,
1293 462 1351 484 item
1359 461 1388 484 de
1395 462 1479 493 privata
1487 470 1570 494 praeror
1577 471 1666 496 cogno-

893 489 975 516 scebat,
985 491 1022 514 sed
1030 491 1116 519 iudices
1124 491 1196 515 dabat.
1205 499 1228 515 ac
1234 499 1264 515 ne
1271 492 1299 515 de
1306 493 1397 523 publica
1404 494 1501 525 quidem
1508 493 1665 527 semper.nam

892 521 992 545 existunt
998 522 1158 545 controversiae
1165 524 1271 554 quxdam
1279 523 1308 546 de
1315 525 1345 551 vi,
1354 532 1403 556 qua:
1411 525 1536 550 consistunt
1543 528 1567 551 in
1577 526 1624 555 iure
1631 529 1665 552 ci-

893 554 952 580 vili,
959 560 983 577 ut
991 561 1015 577 ea
1023 561 1065 584 pro
1073 554 1177 577 Catina:
1193 555 1218 578 in
1226 563 1269 586 qua
1277 562 1325 579 non
1333 563 1415 586 prxtor
1423 573 1428 583 ,
1436 556 1474 580 sed
1482 565 1650 590 recuperatores
1657 577 1665 587 ,

893 592 953 617 quos
960 584 973 608 a
980 592 1077 616 praetore
1086 585 1155 609 Urbis
1162 585 1226 609 datos
1240 587 1326 615 judices
1334 587 1377 611 effe
1391 588 1435 614 jam
1444 588 1561 618 diximus,
1580 591 1666 619 judica-

893 624 955 641 runt.
968 624 1024 648 ergo
1033 617 1061 640 de
1070 616 1159 648 publica
1167 618 1189 640 vi
1198 618 1272 641 modo
1280 624 1361 649 prator
1370 636 1376 646 ,
1383 620 1420 642 cui
1427 627 1451 643 ea
1458 621 1553 651 quaestio
1567 622 1667 654 obtigis-

894 647 939 676 set,
952 649 988 678 (is
995 655 1071 672 autem
1080 656 1122 672 nec
1131 649 1229 672 urbanus
1237 667 1243 677 ,
1252 657 1294 673 nec
1301 652 1435 682 peregrinus
1442 659 1488 675 erat
1495 670 1501 680 ‚
1519 652 1557 677 sed
1565 662 1624 678 unus
1636 654 1666 679 de

894 681 991 712 reliquis
1001 680 1048 711 sex)
1057 681 1132 704 modo
1139 681 1234 710 judices,
1242 681 1254 704 ἐι
1260 689 1357 712 praetore
1365 684 1410 706 dati
1421 684 1612 715 ,cognoscebam
1627 686 1666 710 da-

894 711 931 736 bat
938 719 1014 736 autem
1022 719 1063 736 eos
1070 719 1153 743 praetor
1160 713 1197 737 vel
1204 713 1311 740 urbanus,
1319 713 1335 737 fi
1342 714 1404 738 causa
1410 714 1463 739 esset
1471 717 1495 740 in
1503 717 1550 745 jure
1557 718 1631 745 civili,
1639 719 1664 742 δι

894 750 999 775 ageretur
1006 745 1066 768 inter
1072 745 1135 768 cives
1143 761 1149 771 ‚
1157 751 1212 768 urea
1220 752 1262 775 pro
1270 746 1373 770 Caecina:
1386 747 1422 770 vel
1430 751 1565 779 peregrinus
1572 766 1578 776 ‚
1590 750 1606 772 ss
1614 757 1667 781 age-

894 777 1025 800 returinter
1033 777 1180 807 peregrinos:
1197 777 1234 800 vel
1241 784 1300 800 unus
1311 777 1340 801 de
1346 778 1445 809 reliquis
1458 779 1495 803 seir
1504 797 1510 806 ,
1527 780 1542 803 si
1555 782 1666 812 cognitio

894 806 1018 836 nonajure
1025 808 1090 831 civili
1099 807 1216 838 penderet.
1229 808 1258 831 de
1266 809 1350 839 privata
1362 817 1418 833 vero
1431 818 1552 842 nunquam
1566 819 1650 843 prxtor
1659 830 1666 841 ,

894 838 985 871 semper
997 839 1082 869 judices
1095 840 1211 871 aprartore
1218 840 1265 863 dati
1277 840 1462 871 cognoscebant,
1479 850 1575 874 pistore
1589 851 1668 869 autem

894 872 931 895 vel
939 872 1072 903 peregrino,
1083 871 1099 896 si
1106 879 1140 895 res
1147 870 1200 896 esset
1208 871 1268 896 inter
1275 873 1410 904 peregrinos
1419 882 1423 895 :
1433 874 1468 896 vel
1476 873 1564 898 urbano
1573 891 1578 901 ,
1585 875 1601 898 fi
1609 877 1678 900 civis.

894 903 972 927 civem
981 905 1004 927 in
1012 904 1126 931 iudicium
1133 910 1224 927 vocaret
1232 920 1238 931 ‚
1253 904 1366 932 &injure
1373 905 1438 928 civili
1445 905 1517 936 posita
1529 906 1591 930 causa
1599 907 1652 931 effer
1661 916 1668 930 :

895 935 932 958 vel
939 942 987 959 uno
995 936 1024 959 de
1031 936 1144 967 reliquis,
1157 935 1210 959 side
1223 936 1271 964 jure
1284 936 1350 959 civili
1363 937 1426 960 nulla
1438 935 1491 960 effet
1503 937 1666 964 consideratio.

897 969 965 990 Nunc
973 984 979 995 ,
992 967 1088 998 quando
1101 968 1130 992 de
1137 967 1271 999 capitalibus
1282 968 1355 998 agitur
1362 969 1503 993 criminibus
1511 986 1517 995 ,
1534 970 1597 1001 leges
1606 970 1635 994 de
1643 972 1668 995 vi

896 998 986 1029 publica
993 999 1146 1023 narrabimus.
1163 999 1235 1022 klotia
1243 999 1287 1022 suit
1296 998 1435 1027 tribunicia,
1450 1000 1608 1032 devipublica
1622 1003 1670 1034 pri-

895 1031 950 1053 vatis
956 1030 1044 1054 civibus
1051 1031 1125 1054 illata:
1141 1031 1213 1060 (nam
1221 1030 1250 1054 de
1257 1030 1347 1061 publica
1354 1038 1434 1055 contra
1443 1032 1613 1064 rempublicam
1626 1035 1666 1058 lex

896 1063 985 1086 Lutatia
992 1062 1051 1092 fuit)
1067 1070 1110 1094 qua
1117 1063 1244 1086 Catilinam
1251 1061 1277 1086 ab
1285 1065 1312 1087 L.
1320 1064 1391 1087 Paulo
1400 1080 1406 1090 ‚
1414 1066 1448 1087 M.
1457 1064 1559 1096 Lepidi,
1577 1066 1618 1097 qui
1626 1068 1667 1090 111.

895 1094 929 1117 vir
937 1095 1012 1125 postea
1020 1094 1063 1118 fuir
1072 1111 1078 1122 ,
1085 1094 1164 1121 fratre,
1178 1093 1308 1118 accusatum
1317 1111 1324 1122 ,
1336 1096 1361 1118 in
1369 1095 1473 1119 sallustio
1482 1096 1599 1128 legimus,
1607 1098 1668 1121 Clo-

895 1124 962 1150 diutn
976 1124 988 1149 ὲ
1002 1127 1109 1153 Milone,
1127 1127 1152 1150 in
1160 1127 1267 1150 oratione
1280 1133 1323 1158 pro
1331 1127 1437 1151 Milone:
1452 1130 1488 1151 M.
1497 1129 1595 1153 Turium
1608 1128 1621 1152 ὲ
1634 1132 1666 1154 C.

893 1158 1036 1188 Sempronio
1044 1157 1110 1181 Rufo
1118 1174 1124 1184 ,
1143 1157 1271 1189 inepistola
1284 1160 1318 1181 M.
1328 1160 1402 1182 Coelii
1411 1176 1417 1186 ,
1435 1167 1485 1190 qux
1492 1167 1577 1184 omnes
1585 1159 1678 1188 rwsae„

893 1197 942 1213 non
950 1189 1034 1213 dubito
1042 1207 1048 1216 ‚
1058 1189 1115 1220 quin
1123 1190 1228 1220 capitales
1236 1189 1334 1213 suerint:
1352 1198 1406 1214 cum
1415 1207 1421 1217 ‚
1439 1192 1567 1215 Catilinam
1575 1192 1598 1215 δε
1607 1193 1668 1216 Clo-

893 1221 960 1245 dium
969 1222 1071 1245 minime
1078 1221 1169 1244 levibus
1177 1221 1272 1253 flagitiis
1279 1221 1357 1246 affines
1364 1221 1430 1246 fuiss‘e
1438 1239 1445 1249 ,
1461 1222 1559 1247 constet:
1575 1224 1664 1248 causam

891 1260 969 1277 autem
977 1270 983 1280 ,
1002 1254 1078 1285 quain
1086 1253 1201 1280 judicium
1211 1254 1295 1276 Tutius
1301 1253 1332 1277 est
1340 1261 1445 1280 vocatus,
1458 1256 1666 1280 extraordinariam

892 1285 999 1309 Coeliusa
1018 1286 1098 1316 pellet.
1107 1284 1164 1308 hanc
1172 1286 1250 1315 legem
1258 1285 1325 1312 tulit,
1342 1287 1445 1317 opinor,
1467 1289 1501 1310 M.
1510 1287 1609 1310 Plautius
1616 1288 1666 1318 Syl-

892 1323 961 1340 vanus
970 1293 1076 1340 tribunus
1084 1316 1158 1347 plebis
1170 1318 1217 1340 Cn.
1226 1317 1340 1348 Pompeio
1353 1316 1465 1341 Strabone
1473 1334 1479 1345 ,
1498 1320 1524 1342 L.
1532 1320 1615 1342 Porcio
1623 1322 1667 1342 Ca-

892 1354 949 1371 tone
956 1348 1019 1372 Coff.
1028 1349 1062 1375 is,
1079 1349 1135 1379 qui,
1154 1354 1178 1371 ut
1188 1348 1233 1376 jam
1242 1348 1346 1372 diximus
1355 1366 1362 1376 ,
1379 1350 1457 1380 legem
1468 1349 1613 1378 judiciariam
1628 1357 1665 1375 tu-

889 1380 925 1403 lit.
942 1382 1074 1411 Sequuntur
1085 1378 1231 1404 Consulares.
1247 1380 1352 1411 primum
1360 1381 1448 1404 Lutatia
1462 1381 1490 1404 de
1497 1382 1519 1405 vi
1531 1382 1665 1413 reipublicae

891 1411 951 1435 illata
958 1429 965 1439 ,
983 1419 1054 1444 quam
1066 1413 1096 1441 Q
1105 1412 1209 1435 Lutatius
1216 1412 1313 1435 Catulus
1320 1411 1423 1438 Consul,
1439 1415 1472 1436 M.
1481 1414 1571 1437 AEmilii
1580 1414 1665 1446 Lepidi

890 1444 980 1475 collega
987 1461 994 1471 ‚
1011 1445 1036 1467 in
1044 1444 1147 1467 tumultu
1155 1442 1286 1474 reipublicae
1293 1443 1360 1466 tulit:
1379 1451 1429 1475 quae
1436 1443 1498 1467 festis
1505 1445 1575 1469 etiam
1583 1445 1667 1469 diebus

889 1475 1005 1504 judicium
1013 1475 1041 1498 de
1048 1476 1070 1498 vi
1079 1473 1169 1500 iubebat
1181 1474 1298 1501 exerceri,
1314 1481 1339 1498 ut
1346 1482 1373 1498 ex
1381 1476 1502 1505 prooemio
1511 1483 1570 1507 patet
1578 1478 1667 1501 oratio-

891 1507 926 1529 nis
937 1514 980 1537 pro
988 1510 1021 1530 M.
1030 1507 1120 1529 Coelio.
1139 1513 1212 1538 eaque
1226 1506 1330 1529 damnati
1342 1506 1408 1534 sunt,
1426 1507 1504 1538 quide
1514 1509 1621 1532 Catilina:
1629 1508 1667 1532 so-

890 1539 932 1561 ciis
941 1539 965 1561 in
974 1539 1036 1561 Urbe
1044 1537 1207 1562 remanserant.
1225 1537 1287 1561 unde
1299 1538 1358 1561 illud
1372 1538 1397 1561 in
1404 1545 1429 1561 ea
1443 1546 1484 1568 pro
1498 1539 1556 1569 Sylla
1569 1547 1617 1572 cap.
1628 1548 1666 1567 33.

892 1570 930 1592 Ser
938 1571 1178 1601 crimuni-judiciorum
1193 1586 1199 1596 ‚
1222 1577 1268 1600 qua
1279 1576 1318 1601 per
1329 1571 1365 1592 hor
1377 1571 1457 1600 mense}
1475 1572 1496 1593 in
1511 1572 1606 1594 homines
1623 1581 1663 1594 au*

890 1602 1002 1631 damffimor
1010 1603 1072 1631 facia
1083 1601 1112 1630 est
1125 1618 1131 1628 ,
1148 1602 1251 1628 lenitate,
1274 1610 1299 1623 tic
1311 1602 1457 1631 misericordia
1467 1603 1574 1633 mitigate.
1599 1603 1666 1634 quod

890 1634 1017 1663 exponitur
1034 1633 1059 1656 in
1072 1640 1095 1655 ea
1103 1639 1146 1663 pro
1160 1632 1242 1655 Coelio
1252 1640 1301 1663 cap.
1311 1640 1350 1658 29.
1364 1633 1400 1656 his
1413 1632 1502 1656 verbis:
1519 1635 1559 1656 ‘De
1572 1635 1598 1657 zi
1610 1643 1666 1665 que-

891 1671 949 1686 rnrr.
961 1672 1006 1694 qua
1018 1665 1054 1686 lex
1067 1665 1095 1686 ad
1104 1665 1217 1693 rmpcrium
1225 1680 1232 1689 ,
1249 1665 1277 1686 ad
1283 1664 1418 1693 masestarem
1426 1680 1432 1690 ,
1449 1665 1477 1686 ad
1483 1664 1567 1692 statum
1577 1668 1675 1698 patriae‚'

889 1697 918 1718 ad
925 1696 1022 1724 fiilurem
1035 1696 1132 1718 omnium
1144 1696 1238 1725 pertinet
1251 1705 1258 1717 .·
1281 1703 1348 1725 quam
1361 1696 1428 1725 legem
1442 1695 1475 1725 Q.
1493 1697 1583 1718 Catulus
1596 1713 1603 1723 ‚
1628 1707 1666 1721 ar-

890 1733 952 1749 mata
964 1728 1081 1758 dtssenfione
1099 1727 1183 1748 civium
1201 1725 1322 1758 reipublice
1340 1727 1444 1749 extremis
1459 1733 1513 1757 pene
1531 1728 1664 1759 temporibus

891 1760 945 1781 tulit
957 1765 963 1780 :
981 1766 1070 1789 quaque
1082 1759 1119 1780 lex
1132 1774 1138 1783 ,
1150 1758 1227 1786 ftdatn
1237 1759 1383 1786 illaflamma
1400 1756 1525 1787 Consulatus
1539 1761 1582 1781 mei
1595 1776 1601 1786 ‚
1621 1761 1664 1789 su-

890 1797 973 1812 manre,
985 1791 1089 1820 reliquiar
1102 1790 1252 1821 conjurationis
1265 1789 1376 1817 exstinxit.
1400 1792 1433 1812 Ex
1447 1797 1496 1819 quo
1513 1790 1573 1814 mihi
1587 1792 1663 1816 oritur:

890 1821 989 1852 opinio.
1009 1822 1034 1844 in
1047 1821 1168 1847 oratione,
1186 1827 1237 1851 quae
1249 1820 1347 1844 Sallustii
1361 1822 1461 1844 nomine
1478 1822 1502 1844 in
1516 1822 1662 1848 Ciceronem

890 1853 1037 1879 inleribitur,
1055 1853 1095 1876 ubi
1112 1860 1160 1884 cap.
1170 1860 1191 1874 2.
1205 1853 1257 1882 legis
1265 1853 1364 1874 ‘Plautia
1376 1853 1474 1883 legitur:
1491 1854 1575 1877 rectius
1587 1854 1660 1883 forte,

891 1883 1016 1915 srlegarur,
1034 1886 1086 1914 legii
1095 1885 1202 1906 Lutaris:
1219 1891 1273 1906 cum
1287 1890 1317 1906 eo
1331 1884 1385 1907 loco
1399 1885 1427 1907 de
1440 1885 1615 1913 conjuratorum
1623 1886 1664 1911 da-

890 1917 1012 1939 mnatione
1019 1916 1085 1938 verba
1092 1915 1147 1938 fiant
1156 1924 1160 1937 :
1170 1915 1212 1945 qui
1220 1915 1269 1938 vim
1277 1915 1358 1938 nonin
1365 1916 1466 1946 privatos
1474 1917 1543 1944 cives,
1552 1925 1603 1950 quae
1608 1919 1661 1950 lege

891 1947 962 1970 Plotia
974 1946 1115 1976 judicabatur
1123 1963 1129 1973 ,
1146 1945 1183 1969 sed
1192 1947 1216 1969 in
1223 1945 1354 1970 universam
1361 1947 1531 1979 rempublicam
1543 1956 1663 1981 compara-

890 1985 967 2002 verant
974 1995 981 2005 ‚
997 1978 1061 2006 cujus
1067 1978 1173 2001 criminis
1180 1978 1275 2008 quaeliio
1283 1979 1396 2002 Lutatiam
1405 1979 1431 2002 ad
1438 1980 1516 2011 legem
1523 1981 1662 2012 pertinebat,

891 2010 915 2033 ἃ
924 2009 954 2033 ob
962 2017 1012 2033 eam
1020 2010 1108 2033 causam
1117 2008 1164 2039 ipse
1172 2011 1255 2033 Cicero
1269 2017 1312 2041 pro
1319 2011 1402 2034 Coelio
1413 2012 1486 2035 dixit:
1504 2016 1562 2045 Qae
1575 2015 1613 2037 lex
1619 2016 1662 2044 su-

892 2048 974 2065 mantes
990 2043 1095 2073 reliquias
1107 2042 1256 2072 conjurationis
1268 2040 1384 2070 exstinxit:
1402 2050 1458 2067 curn
1469 2043 1498 2067 de
1505 2046 1594 2069 Luraria
1606 2046 1670 2077 lege*

890 2074 1033 2105 loqueretur.
1051 2073 1093 2096 sed
1101 2073 1172 2103 quari
1180 2072 1265 2103 potest:
1284 2080 1338 2096 cum
1346 2075 1431 2098 Plautia
1444 2076 1481 2099 lex
1493 2074 1522 2099 de
1530 2078 1553 2100 vi
1562 2077 1661 2101 Cicero-

890 2105 928 2128 nis
935 2112 996 2128 actare
1004 2105 1129 2128 servaretur
1137 2121 1143 2130 ,
1160 2112 1199 2127 cur
1209 2108 1242 2128 M.
1250 2106 1356 2132 Coelius,
1375 2114 1417 2137 pro
1425 2114 1474 2138 quo
1480 2107 1551 2131 exstat
1562 2110 1661 2133 Cicero-

890 2138 925 2160 nis
935 2138 1010 2161 orario
1018 2154 1024 2162 ‚
1042 2137 1130 2161 Lutatia
1138 2137 1191 2167 lege
1197 2137 1289 2168 potius,
1307 2145 1377 2168 quam
1384 2139 1482 2166 Plautia,
1499 2139 1527 2163 fit
1540 2139 1567 2163 ab
1578 2142 1662 2165 Atrati-

872 2163 875 2183 9
889 2176 922 2192 no
933 2170 957 2192 in
971 2168 1085 2196 iudicium
1099 2175 1199 2192 vocatus.
1217 2168 1275 2199 qnid
1288 2170 1353 2193 enim
1367 2170 1471 2194 adversus
1487 2171 1658 2203 rempublicam

889 2199 1050 2224 commiserat?
1067 2201 1139 2224 Facile
1151 2199 1315 2232 respondetur:
1333 2209 1382 2226 non
1390 2203 1456 2233 quod
1463 2205 1546 2227 Romae
1554 2211 1590 2227 aut
1598 2203 1660 2227 sena-

889 2239 940 2256 tum
947 2231 1084 2260 obsedisset,
1103 2232 1315 2263 autmagissratibus
1328 2234 1377 2257 vii-n
1385 2233 1506 2258 attulisset:
1526 2235 1563 2259 sed
1577 2235 1657 2265 quod,

86 2294 129 2318 sed
137 2294 181 2318 hoc
189 2301 238 2317 ame
246 2295 323 2325 legem
331 2294 416 2326 Iustam
444 2294 468 2318 &
476 2301 527 2318 ame
538 2295 615 2326 magni
625 2295 728 2327 Pompeii
742 2294 847 2318 edietum
871 2257 874 2301 ζ
889 2263 1004 2288 seditione
1013 2265 1233 2301 Neapoliconcitata
1241 2281 1247 2291 ,
1265 2265 1305 2296 (id
1311 2266 1376 2289 enim
1390 2267 1514 2293 objiciebat
1526 2266 1657 2298 accusator)

424 2311 431 2321 ‚
535 2314 542 2318 .
851 2311 857 2318 .

889 2295 992 2320 intuliffe
1004 2296 1054 2320 vim
1067 2295 1200 2327 rerpublica:
1214 2296 1340 2321 videretur.
1357 2306 1411 2322 mm
1424 2299 1448 2322 in
1456 2300 1563 2322 oratione
1575 2298 1658 2322 eadem

888 2335 936 2359 cap.
954 2336 990 2353 10.
1010 2328 1040 2352 ita
1053 2327 1164 2359 scriptum
1177 2327 1209 2351 est
1221 2337 1227 2351 :
1254 2330 1320 2352 mam
1332 2336 1418 2361 pam-m
1436 2331 1575 2359 tavssjlmle
1586 2332 1660 2359 fatiat«-

882 2362 997 2392 μανίην,
1013 2359 1039 2385 (θ’
1052 2368 1124 2385 ornate
1134 2359 1149 2384 ὰ
1160 2357 1360 2391 Grffopmorattim
1368 2378 1374 2389 ,
1391 2361 1562 2392 deseduiombm
1568 2364 1656 2394 Neapo-

1570 2394 1644 2416 lrrsm'r
1655 2411 1659 2414 .
