2075 2734
388 125 441 153 274

379 228 419 252 sed
426 234 453 250 ex
461 233 490 249 eo
498 242 505 252 ,
512 225 577 256 quod
585 224 671 247 liceret.
689 224 741 245 Haec
749 222 778 244 de
786 220 847 249 Fastis
855 231 862 243 :
871 219 990 252 supersunt
998 219 1098 252 ‘RefJsti-
1116 219 1158 255 {iis

382 258 486 282 omnino
498 264 564 287 neque
577 257 621 285 lege
633 255 680 283 agi,
696 259 772 282 neque
779 254 908 284 cumpopulo
915 251 1006 276 licebat.
1021 254 1085 275 Cum
1092 258 1158 274 euim

381 295 532 321 opponantur
538 287 600 315 fastu
608 303 613 312 ,
623 291 725 316 quorum
733 283 746 307 i:
753 284 853 307 numero
861 282 913 307 sunt
919 285 1037 307 comitiales
1046 300 1052 310 ,
1060 290 1090 306 eo
1098 283 1145 312 jure
1152 299 1158 310 ,

383 321 452 354 quod
458 327 542 343 omnes
549 317 603 346 Fastt
610 333 616 342 ‚
631 316 676 339 live
683 317 802 338 comtfiales
809 332 814 342 ,
823 314 868 338 (ive
875 324 914 338 non
921 317 1039 338 comitiales
1047 331 1053 342 ,
1060 314 1145 338 habent
1151 331 1158 341 ‚

383 351 476 384 prorsus
488 356 575 374 careant
588 346 675 371 necesse
686 346 725 370 est.
743 347 813 375 Festus
827 347 896 370 etiam
911 346 953 370 fic:
968 348 1093 376 Dienesasto
1100 346 1160 378 apud

381 387 505 409 Praetorem
518 382 569 411 lege
582 387 662 411 agere,
675 378 813 409 religiosum
825 385 878 402 erat.
895 380 970 407 Causas
983 385 1060 402 tamen
1068 379 1119 409 agi,
1134 379 1158 401 δε

382 418 498 439 (πωπω
509 413 585 435 haberi
600 428 606 437 ,
620 412 643 434 ὃ(
657 413 726 442 legem
738 410 882 442 promulgari
893 410 993 437 licebat,
1015 417 1070 434 nam
1081 417 1159 441 neque

384 448 456 476 sarisas
466 445 516 475 agi3
530 444 561 467 est
574 445 618 473 lege
630 443 667 473 agi
680 449 688 465 z
710 449 788 473 neque
799 444 914 465 concinnem
928 441 1005 465 haberi
1019 459 1025 469 ‚
1045 448 1082 465 aut
1094 443 1162 472 legem

386 476 547 509 promulgari,
561 474 592 498 est
600 475 734 504 cunipopulo
747 474 795 505 agi:
810 481 859 505 quae
866 473 962 504 probare
968 473 1069 504 fingula,
1081 474 1162 503 magni

386 509 477 539 negotii
491 514 539 530 non
552 506 592 530 est.
615 507 705 536 „Agitur
717 507 776 536 lege,
793 512 847 528 cum
860 508 943 529 Praetor
953 506 994 529 tria
1007 505 1077 529 verba
1088 504 1160 531 fatur,

384 543 420 563 Do
429 557 435 566 ‚
451 541 505 562 Dico
513 555 518 565 ,
526 539 614 562 ,Λάάὶιο
622 548 629 560 .-
644 537 685 568 qui
692 536 723 560 est
731 536 914 565 ultimusjudicii
921 537 1038 561 dies.cum
1047 544 1102 560 vero
1109 543 1161 559 cau-

386 572 415 595 iis
428 571 550 594 audiendis
562 572 645 593 Praetor
652 575 746 599 operam
754 568 804 595 dat,
819 570 863 599 lege
876 575 931 592 tunc
944 576 992 592 non
999 569 1081 599 agitur.
1101 569 1162 599 Qa-

386 610 412 626 re
426 603 495 625 Fa‘ios
508 600 552 626 ess'e
564 599 651 624 necesse
657 607 705 624 non
713 599 745 622 est
752 607 837 623 omnes
844 600 894 623 dies
901 617 908 627 ,
918 600 1004 632 quibus
1012 608 1048 624 aut
1057 606 1098 631 pro
1105 607 1146 622 reo
1155 616 1161 626 ,

386 641 424 658 aut
430 629 509 657 contra
517 640 583 657 teum
591 632 686 656 dicitur:
700 630 739 654 sed
748 648 754 658 ,
762 632 848 661 fastum
855 639 911 656 eum
917 633 1015 664 quidem
1023 630 1066 655 effe
1074 630 1162 655 necesse

386 666 420 689 cst
428 682 435 693 ,
442 673 491 697 quo
499 668 579 688 Prator
586 681 592 692 ,
602 671 638 687 aut
646 664 686 695 qui
693 663 782 692 judicio
788 663 865 694 praeest
873 680 878 690 ,
885 671 939 687 cum
946 663 1045 687 contilio
1052 663 1162 694 Judicum

383 697 524 721 sententiam
530 696 589 720 ferre
596 695 673 719 debet.
686 696 763 726 itaque
770 695 795 718 in
802 694 891 725 epistol.
899 705 907 720 1
916 704 924 720 r
934 704 953 720 1.
960 695 1001 719 lib.
1007 704 1017 719 1
1025 704 1033 719 r
1039 714 1045 720 .
1053 695 1080 718 ad
1087 696 1159 726 Qin·

386 730 447 752 c'ium
454 729 547 753 fratrem
556 745 562 755 ,
577 727 614 751 Ad
624 735 632 750 r
640 735 647 750 1
656 735 664 751 r
671 745 676 750 .
689 727 753 754 Idus,
763 727 855 758 inquit,
862 727 911 751 dixi
919 735 962 758 pro
970 726 1041 751 Bestia
1048 743 1054 753 ‚
1063 727 1092 753 de
1099 731 1152 750 ,Am

384 761 435 784 bitu
443 777 451 788 ,
464 761 524 792 apud
530 763 653 784 Prztorem
660 761 707 782 Cu.
715 759 861 782 Domitium.
878 762 955 790 Qem
962 766 1040 783 tamen
1048 758 1112 781 diem
1121 757 1163 787 (est

387 799 468 816 autem
481 800 534 816 ιιι.
550 790 604 815 Idus
622 789 748 820 Februarii)
761 791 846 820 Pastum
859 798 909 814 nou
920 790 988 815 fuisse
999 790 1162 815 Kalendarium

386 824 488 848 indicat:
501 829 594 848 notatur
604 823 669 846 enim
678 839 684 849 ,
698 828 724 845 ut
730 822 835 853 ‘Rfsastus
845 839 852 849 ‚
864 822 930 846 litera
938 825 967 846 N.
975 830 1017 846 nec
1024 823 1126 846 omnino
1133 821 1163 845 de

386 855 444 879 osto
457 854 541 879 diebus
551 854 593 885 qui
606 853 633 877 ab
645 853 705 877 ldib,
719 854 862 884 appellantur
874 852 953 877 mense
960 854 1082 878 Februario
1090 855 1162 882 Fastm

387 887 450 910 ullus
463 888 507 911 fuit
519 902 524 913 ,
536 886 623 909 ultimo
631 885 781 911 tantumdie‚
794 885 840 908 hoc
847 885 892 912 est,
902 885 1036 916 1dib.ipfis,
1050 891 1162 916 excep10‚

404 919 429 941 ui
436 919 537 948 Nefastus
544 919 622 948 priore
629 934 635 944 ‚
647 917 720 946 Fastus
727 916 855 948 posteriore
864 924 926 948 parte
933 917 988 940 suit:
997 924 1091 941 notatur
1097 917 1163 940 enim

384 925 416 974 Ec
425 966 432 976 ‚
449 952 497 973 NP.
516 950 652 972 Conciones
665 949 720 972 licet
733 948 760 971 ad
773 949 889 979 populum
901 949 1052 976 haberentur,
1070 956 1119 972 non
1133 954 1164 971 ta—

386 988 443 1005 men
457 982 563 1004 comitiali
573 987 665 1004 tantum
677 979 715 1003 die
724 996 730 1006 ,
750 979 789 1003 sed
803 981 827 1003 ἃ
838 981 896 1009 fasta
905 997 911 1007 ‚
932 981 975 1011 qui
986 982 1099 1003 comitialis
1112 987 1162 1003 non

385 1011 457 1039 ess'et,
470 1014 494 1036 δι
508 1012 594 1042 Nesaflo
608 1013 690 1044 pariter
703 1010 782 1034 haberi
793 1018 906 1042 poterant.
923 1012 989 1035 Nolo
1002 1012 1068 1035 enim
1082 1019 1164 1043 quem—

387 1052 462 1077 quam
475 1044 500 1067 in
513 1051 542 1067 eo
552 1044 600 1067 falli
609 1061 615 1071 ,
628 1044 683 1075 quia
697 1041 787 1066 fortasse
800 1044 836 1073 agi
848 1044 875 1065 ad
885 1046 991 1075 populum
1005 1060 1012 1069 ,
1032 1044 1056 1066 a&
1068 1045 1103 1074 agi
1116 1052 1164 1066 cum

384 1077 462 1106 popula
471 1092 477 1102 ,
489 1075 555 1099 idem
568 1075 612 1099 ess'e
624 1075 741 1099 videatur:
753 1081 803 1106 quae
816 1073 902 1097 diversa
917 1073 977 1098 sunt.
993 1074 1166 1104 Namagebatur

390 1108 419 1130 ad
429 1108 534 1138 papulum
547 1124 554 1134 ‚
571 1114 626 1130 cum
640 1107 669 1130 ad
680 1106 795 1137 populum
807 1106 948 1130 concionem
960 1106 1044 1137 aliquis
1057 1105 1166 1133 habebat,

386 1144 414 1162 ut
422 1139 500 1161 Gelltus
509 1137 625 1162 docetlib.
633 1145 660 1161 xi
669 1147 677 1161 r
686 1145 760 1168 x.cap.
769 1144 791 1160 v.
807 1137 929 1168 Agebatur
935 1144 1011 1161 autern
1018 1139 1150 1168 cumpopulo
1160 1154 1166 1164 ‚

386 1176 413 1193 ut
426 1169 457 1192 ait
470 1170 553 1198 Festus,
568 1177 624 1192 cum
636 1168 780 1199 magistratus
792 1168 818 1191 ad
831 1169 940 1198 confilium
953 1175 990 1192 aut
1002 1170 1090 1191 comitia
1102 1175 1166 1192 voca-

388 1200 427 1224 bat
436 1217 442 1227 ‚
456 1200 524 1231 quod
534 1200 582 1224 fieri
590 1200 819 1222 comilialidumtaxat
825 1198 960 1223 dielicebat.
977 1200 1122 1222 concionari
1129 1207 1167 1223 au-

389 1238 440 1255 tem
452 1231 565 1256 omnibus
577 1238 642 1262 :tque
654 1230 736 1254 diebus
748 1229 836 1253 licuisse
848 1246 854 1256 ,
879 1230 987 1262 exempla
999 1229 1166 1256 demonstrant.

387 1264 482 1294 ltaque,
496 1263 589 1294 quoties
601 1261 698 1294 aliquod
712 1263 733 1285 S.
747 1264 776 1285 C.
790 1267 836 1285 erat
848 1260 935 1285 factum
944 1278 950 1287 ‚
964 1261 1060 1285 dimisso
1067 1264 1150 1286 Senatu
1159 1280 1165 1289 ,

389 1296 414 1318 δε
428 1296 449 1317 S.
462 1297 489 1318 C.
504 1293 531 1316 ad
540 1294 656 1325 populum
664 1294 772 1321 recitato,
787 1292 1037 1325 Magistratusaliquis,
1051 1295 1165 1318 autetiam

387 1326 489 1356 privatus
503 1327 605 1352 Senator,
618 1326 735 1349 concione
742 1325 765 1348 ei
777 1322 790 1347 a
803 1324 937 1354 magistratu
949 1325 1012 1352 data,
1029 1325 1166 1358 adpopulzsm

388 1356 457 1380 verba
469 1356 572 1380 faciebat.
589 1359 639 1380 Nec
652 1363 730 1381 tamen
743 1357 762 1380 is
775 1362 822 1380 erat
836 1356 886 1379 dies
898 1358 1025 1379 comitialis.-
1041 1359 1166 1379 namcomi-

387 1388 481 1412 tialubus
494 1388 544 1412 fieri
556 1391 577 1412 S.
591 1389 623 1411 C.
635 1395 672 1411 aut
684 1388 786 1411 omnino
797 1386 1045 1411 Senatumhaberinon
1053 1387 1166 1419 potuisse,

386 1419 573 1443 demonstratum
585 1419 626 1443 est.
640 1422 668 1443 Et
680 1419 750 1448 Festus
762 1418 809 1442 hate
821 1425 897 1449 aperte
908 1419 1044 1449 distinguit,
1059 1426 1113 1443 cum
1121 1420 1165 1442 ait:

387 1453 476 1475 Forum
484 1451 530 1478 est,
543 1452 568 1475 iu
577 1450 788 1482 quojudiciafieri,
800 1459 849 1472 cum
858 1452 937 1482 populo
951 1451 999 1481 agi,
1014 1451 1117 1473 conciones
1129 1451 1167 1474 ha-

387 1482 456 1509 beri,
477 1481 572 1506 soleant.
591 1485 646 1513 Qm
656 1482 696 1506 die
708 1483 822 1513 igitutagi
835 1489 883 1504 cum
893 1484 986 1514 populo,
1008 1482 1108 1508 eodem,
1131 1484 1166 1513 agi

389 1515 560 1546 apudpopulum
569 1530 576 1541 ,
588 1513 684 1537 licebat:
703 1521 752 1545 quo
765 1519 857 1540 autem,
871 1515 908 1543 agi
920 1514 979 1545 apud
986 1515 1109 1545 populum,
1127 1521 1166 1537 eo-

389 1545 460 1571 dem,
474 1546 510 1575 agi
522 1553 571 1567 cum
582 1547 658 1574 popula
671 1552 720 1569 non
734 1544 918 1575 semperlicebat.
935 1544 1165 1575 Exemplalibiquis-

389 1583 436 1607 que
444 1576 662 1606 notetinlegendo:
676 1576 743 1608 quod
749 1576 889 1599 facillimum
896 1575 939 1599 est:
954 1575 1007 1599 sunt
1013 1576 1165 1600 eniminlini<

388 1614 412 1631 ra
420 1624 426 1634 ,
441 1608 518 1639 itaque
526 1614 583 1638 puto
590 1615 630 1631 me
635 1607 708 1631 facere
714 1615 763 1631 non
771 1608 862 1638 inepte,
876 1607 943 1639 quod
950 1608 979 1631 iis
985 1607 1107 1631 recitandis
1114 1615 1165 1639 qux

390 1638 471 1670 pasfim
483 1638 570 1662 exstant
583 1656 589 1666 ,
608 1640 780 1663 conterendum
793 1639 855 1663 mihi
864 1645 956 1670 tempus
969 1638 1013 1663 effe
1026 1647 1076 1663 non
1088 1639 1165 1663 existi-

391 1677 465 1694 mem.
484 1669 545 1694 illud
552 1670 687 1695 addendum
694 1678 768 1694 unum
776 1671 881 1694 videtur:
895 1674 957 1694 curn
964 1670 1115 1694 advocabatur
1121 1679 1166 1693 ιοη.

389 1704 419 1724 «io
428 1719 434 1729 ,
450 1702 576 1734 utpopulus
589 1702 678 1733 aliquid
686 1701 810 1734 Iuffiagiis,
823 1709 919 1733 rogante
927 1702 1072 1733 magistratu,
1087 1701 1165 1725 scisce-

390 1740 439 1761 ret;
453 1740 508 1757 tunc
518 1733 594 1758 astum
601 1735 706 1758 effecum
714 1735 813 1766 populo,
821 1741 870 1757 non
878 1733 904 1756 ad
912 1735 1039 1766 populum:
1049 1741 1104 1758 cum
1111 1741 1166 1758 vero

392 1766 539 1796 Magistratus
548 1782 554 1791 ,
574 1772 610 1789 aut
623 1766 693 1790 etiam
707 1766 806 1797 privatus
819 1765 903 1796 aliquis
914 1782 920 1792 ,
932 1765 1064 1796 Magistratu
1077 1766 1099 1789 ei
1111 1773 1168 1790 con-

390 1798 486 1820 cionem
500 1796 581 1824 dante,
596 1797 624 1822 ad
637 1799 752 1829 populum
765 1796 832 1820 verba
846 1796 954 1824 faciebat,
969 1805 1018 1821 non
1034 1804 1058 1821 ut
1066 1796 1168 1828 suffragia

391 1828 478 1852 deinde
489 1827 603 1852 ferrentur
611 1847 616 1856 ‚
631 1829 670 1853 sed
683 1836 708 1853 ut
720 1829 809 1860 aliquid
817 1835 985 1860 exponeretur,
999 1836 1109 1853 tuncnon
1117 1838 1166 1852 cum

390 1863 481 1892 populo,
495 1858 533 1883 sed
546 1861 574 1882 ad
581 1862 687 1893 populum
695 1861 771 1884 astum
779 1860 831 1884 ess'e.
849 1861 921 1884 Aliud
934 1860 966 1883 est
979 1861 1063 1891 igitur,
1079 1859 1167 1883 Habere

392 1894 520 1914 contionem.-
536 1892 598 1915 aliud
606 1910 612 1919 ‚
627 1894 750 1916 „Advocare
761 1894 885 1915 concionem.
902 1891 1112 1915 Habereconcionem
1121 1908 1126 1918 ,
1135 1891 1166 1915 est

393 1930 458 1953 agere
466 1923 492 1946 ad
502 1924 630 1954 populum:
645 1925 764 1948 advocare
776 1925 904 1951 concionem,
921 1923 937 1946 si
945 1923 1080 1950 advocatur,
1089 1931 1114 1947 ut
1121 1922 1166 1947 suf-

391 1953 461 1984 fragia
475 1954 589 1982 ferantur,
608 1955 652 1982 est,
672 1963 733 1986 agere
745 1964 795 1979 cum
803 1956 892 1987 populo.
909 1954 966 1979 Ideo
973 1953 1166 1986 scriptasunthaec

392 1985 451 2015 apud
458 1985 560 2009 altaaob.
568 1986 621 2010 libr.
632 1995 651 2011 r.
659 1987 755 2017 Sar.Jul.
763 1986 835 2010 Caesar
843 1985 1118 2020 Auspiciorumlib.xvr.
1125 1994 1166 2011 ne-

392 2023 442 2046 gat,
455 2017 573 2041 Nundinis
585 2020 698 2041 concionem
711 2017 900 2050 advocaripoffe,
915 2018 940 2042 id
953 2018 998 2046 est,
1012 2026 1067 2043 cum
1074 2020 1165 2051 populo

393 2048 443 2077 agi,
458 2048 560 2080 ideoque
573 2050 692 2074 Nundinis
704 2052 870 2075 Romanorum
877 2049 1049 2074 habericomitia
1056 2059 1105 2075 nou
1113 2050 1166 2083 pos—

393 2077 424 2101 se.
442 2079 525 2112 addita
537 2082 602 2103 enim
615 2081 711 2105 suntilla
719 2081 800 2110 verba,
813 2082 838 2106 id
845 2081 889 2107 est.
903 2084 1034 2114 cumpopulo
1048 2085 1096 2114 agi,
1111 2083 1167 2115 quia

392 2115 443 2132 non
451 2112 538 2140 temper
543 2113 658 2136 concione
665 2114 771 2137 advocata
778 2131 785 2142 ,
797 2121 851 2138 cum
858 2114 949 2145 populo
956 2113 1062 2145 agebatur
1069 2131 1076 2142 ,
1083 2113 1121 2139 sed
1129 2115 1166 2139 in-

392 2140 487 2175 terdum
499 2142 524 2163 ad
534 2144 647 2172 populum
654 2144 770 2169 duntaxat.
794 2145 914 2170 Nundinis
928 2152 1017 2173 autem,
1031 2155 1081 2169 cum
1089 2148 1167 2179 populo

394 2171 493 2207 qnlfiem
507 2179 571 2202 agere
584 2181 633 2198 non
646 2175 726 2203 licuit,
739 2184 769 2201 ex
781 2185 831 2209 quo
844 2177 979 2209 sequebatur
991 2183 1016 2201 ut
1028 2179 1116 2201 comitia
1128 2178 1165 2202 ha-

393 2202 443 2226 ben
457 2210 505 2226 ¹¹0ss
513 2203 601 2234 postem
609 2222 615 2232 ›
628 2206 654 2230 ad
662 2211 776 2237 populum
783 2215 860 2233 autem
867 2217 932 2240 agere
939 2226 946 2237 ,
959 2209 1004 2233 hoc
1011 2209 1043 2232 est
1051 2226 1058 2237 ‚
1070 2210 1168 2234 concio-

394 2241 450 2270 nem
462 2234 544 2269 habere
557 2242 617 2259 certe
630 2237 703 2260 licuit.
714 2247 764 2263 non
775 2241 841 2264 enim
854 2240 981 2265 adversatur
992 2241 1065 2268 illud,
1080 2239 1166 2273 quoda

393 2268 488 2289 (mnne
501 2268 610 2297 1⁶¹¹Pst¹m
624 2268 668 2294 est,
681 2268 722 2293 lib.
734 2272 804 2295 xv.ad
812 2273 931 2297 Atticum:
945 2276 1006 2297 Ante
1013 2273 1077 2297 diem
1085 2273 1165 2298 x.l(al.

392 2298 507 2328 ¹Rundimae
513 2307 519 2320 ι
526 2298 611 2333 concio
618 2297 691 2322 biduo
698 2301 768 2324 nulla.
782 2303 872 2333 Qibus
878 2304 965 2332 verbis,
973 2305 998 2329 id
1005 2305 1071 2338 quod
1077 2304 1165 2329 fabium

394 2335 443 2364 non
450 2327 494 2352 est:
510 2330 591 2353 nonid
599 2347 606 2356 ,
620 2331 685 2361 quod
693 2338 742 2354 non
748 2332 815 2356 licuit
824 2351 830 2360 ‚
842 2335 980 2361 ostendinm
997 2339 1058 2361 Nam
1065 2344 1120 2361 cum
1127 2337 1163 2361 ha.

392 2360 443 2385 ban
456 2361 574 2386 Nundinis
587 2363 674 2387 ‹omitia
686 2369 735 2387 non
742 2363 831 2395 pollent
843 2381 851 2394 ,
868 2367 934 2398 quod
946 2375 996 2394 non
1009 2376 1039 2395 ex
1050 2369 1167 2395 macrobio

673 109 1118 141 nunquia-axum
1157 105 1498 135 Romananum
1538 107 1680 136 L13.1V.

380 173 435 190 cum
444 163 530 196 populo
537 161 623 185 eodem
630 158 669 182 die
676 175 683 185 ‚
694 157 838 194 non-eodem
846 164 923 181 tamen
931 162 1038 188 tempore
1045 154 1144 187 potuiss‘e
1151 171 1158 183 ,
1170 162 1173 191 ':

381 198 483 226 ideoque
490 195 558 222 fastos
566 200 607 216 eos
615 197 711 222 quoque
719 189 784 212 fuisse
791 190 846 212 dico
854 206 860 216 ,
874 197 925 212 non
932 196 959 212 ex
968 196 997 211 eo
1005 187 1071 220 quod
1079 187 1143 211 fieret
1151 204 1157 214 ‚
1171 194 1173 208 v

1187 160 1278 179 tantum
1286 172 1293 183 ,
1305 162 1387 179 verum
1394 154 1465 178 etiam
1473 161 1501 178 ex
1508 155 1574 177 “Plin.
1581 153 1624 179 lib.
1631 162 1674 180 xvi
1681 163 1690 179 1
1697 165 1717 181 r.
1725 164 1774 191 cap.
1784 166 1794 183 r
1801 168 1810 184 τ
1817 166 1837 185 t.
1845 161 1967 193 cognosci-

1190 193 1226 210 tur
1235 194 1241 209 :
1254 193 1412 218 proptereane
1418 185 1610 210 concionandum
1616 187 1714 217 quidem
1723 192 1746 214 P.
1755 192 1838 215 (lvdius
1847 209 1854 220 ‚
1865 197 1968 227 Ἀμφίας,

1191 221 1305 242 Metellus
1314 224 1465 251 putaverunt,
1477 219 1517 250 qui
1526 218 1642 249 proximis
1650 218 1744 247 diebus,
1757 225 1891 247 comitiorum
1904 223 1967 249 causa

1191 250 1319 274 conciones
1332 250 1464 274 habuerant.
1486 249 1589 281 Superest
1602 249 1631 273 de
1643 252 1688 281 lege
1696 255 1858 284 promulganda.
1870 257 1894 280 id
1901 258 1968 281 enim

1192 282 1222 305 de
1228 281 1302 306 tribus
1311 299 1317 309 ,
1330 290 1380 314 quae
1386 280 1554 313 proposuimus
1562 299 1568 309 ,
1585 288 1633 305 erat
1640 283 1743 307 tertium.
1760 286 1855 309 ferenda
1861 288 1931 319 legis,
1943 291 1967 312 ὗε

1189 315 1348 345 promulganda
1361 321 1410 338 non
1423 313 1504 337 eadem
1517 314 1575 337 ratio
1586 314 1639 338 tuit.
1657 314 1773 337 Ferebatur
1786 316 1921 344 dictamum
1928 327 1968 344 co-

1191 346 1288 369 mitiali:
1304 346 1483 378 promulgabatur
1489 346 1559 369 eriam
1567 352 1616 369 non
1623 346 1754 373 comitiali,
1769 346 1815 371 live
1821 351 1894 379 Pastas
1901 368 1908 378 ,
1922 352 1967 375 ssve

1191 380 1216 400 N
1218 378 1296 407 esast'us
1303 376 1364 401 esset.
1376 379 1454 409 itaque
1461 380 1483 401 ι’.
1491 381 1541 400 Cata
1548 377 1665 401 Tribunus
1673 378 1704 409 pl.
1712 379 1861 409 rogationem
1868 381 1897 406 de
1904 383 1970 407 abro—

1192 408 1268 439 gando
1282 409 1507 440 Lenruloimperio,
1520 409 1888 442 dienoncomitialipromulgavit.
1905 417 1969 439 Cum

1193 441 1258 464 enim
1267 440 1290 463 ὅ(
1299 440 1348 471 post
1358 448 1391 464 ιν.
1400 443 1479 465 Nonas
1486 439 1601 464 Februarii
1610 458 1616 468 ‚
1623 442 1653 464 ’δε
1662 448 1713 465 ante
1721 450 1732 465 v
1739 451 1747 466 1
1756 451 1764 466 r
1773 451 1792 466 1.
1807 445 1860 467 ldus
1866 445 1969 474 ejusdem

1195 471 1277 495 menfis
1290 473 1485 503 promulgaverit:
1501 472 1567 504 quod
1579 480 1609 496 ex
1621 473 1716 503 epistola
1728 482 1762 497 11.
1776 475 1830 499 libri
1842 485 1850 500 1
1859 485 1879 500 1.
1893 478 1919 501 ad
1926 478 1970 501 fra-

1194 510 1253 527 trem
1261 504 1391 534 colligitur:
1406 505 1510 528 comitiali
1524 504 1563 530 die
1576 506 1724 536 promulgare
1734 513 1784 529 non
1798 508 1889 538 potuit,
1903 517 1927 532 ac
1939 517 1969 533 ue

1194 536 1252 565 Fasto
1261 536 1368 566 quidem.
1387 536 1456 559 Primi
1468 536 1534 559 enim
1541 535 1668 559 duodecim
1675 537 1791 561 Februarii
1798 538 1846 562 dies
1853 541 1936 570 Nesafli
1944 548 1971 564 o-

1195 574 1262 590 mnes
1269 567 1371 590 fuerunt.
1389 566 1474 591 Haberi
1481 575 1557 591 aurem
1564 570 1672 591 Senatum
1680 577 1719 599 per
1725 571 1824 599 Nes-astos
1832 578 1916 595 omnes
1923 589 1930 599 ‚
1941 573 1972 596 li-

1194 597 1270 622 cebat:
1286 606 1328 622 nec
1341 606 1382 630 per
1392 605 1476 622 omnes
1488 606 1581 626 tamen,
1595 598 1634 622 sed
1647 606 1751 627 tanturn,
1766 609 1820 625 curn
1830 611 1865 626 res
1872 603 1971 633 postula-

1195 637 1242 656 ret,
1256 630 1395 657 habebatu13
1406 637 1492 654 eorum
1505 630 1692 662 magistratuum,
1706 631 1792 664 quibus
1804 633 1828 656 id
1842 635 1897 663 juris
1910 643 1971 663 erat,

1194 661 1309 686 arbitratu.
1327 665 1360 686 lta
1372 663 1464 686 Senatus
1478 662 1502 685 in
1515 662 1561 685 hoc
1572 661 1753 695 ptaestarepopulo
1760 664 1890 689 videbatur:
1904 667 1970 698 quod

1195 694 1231 723 agi
1244 701 1299 717 cum
1312 695 1402 725 populo
1410 702 1448 725 per
1457 701 1530 717 unum
1537 693 1613 717 modo
1620 693 1712 717 dierum
1720 702 1806 726 genus,
1820 696 1865 720 hoc
1872 698 1904 721 est
1912 715 1917 724 ‚
1930 707 1971 730 per

1196 727 1313 748 comitiales
1321 742 1328 753 ,
1342 733 1392 757 qua:
1399 726 1508 755 Fastorum
1517 732 1619 757 parserat
1626 743 1632 752 ,
1646 725 1724 750 haberi
1731 732 1808 750 autem
1816 730 1923 753 senarum
1932 738 1972 762 per

1196 756 1244 780 duo
1258 765 1355 789 genera,
1375 757 1420 780 hoc
1433 757 1478 784 est,
1499 758 1522 780 ὃ(
1537 765 1578 788 per
1588 757 1657 785 Fastos
1669 765 1722 785 eos,
1737 759 1779 790 qui
1791 762 1907 784 comitiales
1921 769 1970 786 non

1196 787 1279 816 effenr,
1297 790 1320 813 Sc
1331 790 1478 820 perNesastos
1490 796 1589 816 ornnes,
1613 789 1704 813 licebat.
1727 792 1796 814 Erant
1808 799 1913 822 praeterea
1926 795 1971 816 dies

1196 820 1287 852 aliquot
1298 821 1411 850 promiscua
1418 831 1425 843 .-
1440 819 1527 851 quibus
1538 822 1594 844 totis
1600 820 1652 851 lege
1659 822 1709 852 agi,
1723 829 1801 853 neque
1807 825 1909 848 omnino
1916 825 1972 848 lice-

1196 850 1247 878 bat,
1261 851 1299 875 sed
1311 853 1395 883 partim
1403 853 1541 880 fastierant,
1555 853 1638 883 partim
1646 853 1741 882 Nesnsti.
1758 856 1849 879 Horum
1859 857 1901 880 tria
1908 863 1972 880 erant

1196 890 1293 914 generag
1315 885 1368 910 alii,
1382 883 1456 915 prima
1468 884 1492 906 ὅ(
1505 883 1619 914 postrema
1631 884 1680 907 diei
1692 891 1754 914 parte
1763 901 1769 912 ‚
1783 887 1882 916 Nefafli‚
1894 888 1972 912 media

1196 916 1267 945 Fasti,
1281 915 1323 946 qui
1335 915 1579 945 dicebamurisrremst,
1591 915 1615 938 ὃ(
1623 916 1649 938 in
1656 916 1795 940 Kalendario
1807 917 1843 941 liis
1850 918 1936 944 duabus
1943 921 1973 943 li-

1195 947 1250 970 teris
1263 953 1385 974 notantur,
1399 949 1454 969 EN:
1471 946 1537 977 quod
1549 946 1580 970 est
1589 963 1595 973 ‚
1607 948 1747 977 Endorerctfi:
1758 956 1801 979 pro
1808 952 1912 979 lmen-isi.
1928 954 1972 976 Ve-

1197 984 1256 1002 tetes
1262 978 1328 1002 enim
1336 979 1400 1006 endo,
1406 985 1448 1010 pro
1456 981 1493 1004 In,
1499 976 1642 1010 usurpabant.
1659 981 1739 1010 Itaque
1745 980 1805 1004 dixit
1813 983 1879 1004 Cicero
1886 982 1928 1006 lib.
1935 990 1943 1005 r
1950 991 1972 1007 r.

1198 1010 1226 1033 de
1234 1010 1315 1041 Legib.
1332 1011 1396 1042 Qun
1402 1011 1452 1032 endo
1459 1011 1536 1032 mlum
1542 1011 1622 1033 merita
1628 1013 1761 1035 vacaverint.
1779 1015 1807 1035 Et
1813 1014 1829 1035 F
1830 1013 1889 1036 estus
1896 1020 1972 1042 notat,

1199 1042 1323 1064 endu'rium
1332 1059 1338 1068 ,
1350 1049 1392 1073 pro
1404 1042 1511 1065 Initium.
1532 1044 1596 1064 Varro
1609 1047 1686 1065 autem
1699 1041 1752 1066 libr.
1762 1051 1771 1067 1
1779 1051 1788 1067 1
1796 1051 1817 1067 r.
1828 1043 1858 1067 de
1871 1052 1895 1068 xe
1906 1046 1973 1071 Rust.

1199 1074 1324 1102 Endosuam
1330 1075 1427 1098 domum.
1445 1073 1494 1097 Alii
1500 1073 1579 1104 priore
1585 1080 1647 1104 parre
1653 1074 1739 1103 Nefasti
1744 1090 1752 1101 ,
1765 1074 1892 1106 posteriore
1899 1077 1956 1106 Fasti
1964 1089 1972 1102 .-

1199 1104 1241 1135 qui
1251 1111 1360 1128 notantur
1366 1104 1408 1135 ipsi
1414 1112 1512 1136 quoque
1518 1104 1604 1128 duabus
1610 1105 1686 1128 literis
1694 1121 1700 1131 ‚
1711 1107 1752 1129 NP
1758 1122 1764 1133 ,
1781 1105 1820 1130 sed
1826 1109 1956 1135 eoniunstis
1963 1126 1970 1136 ‚

1198 1135 1244 1158 hoc
1251 1135 1327 1159 modo
1334 1139 1386 1160 NP:
1401 1136 1467 1167 quod
1474 1135 1548 1163 valet,
1554 1137 1658 1166 Nefastus
1665 1137 1757 1167 primo:
1767 1138 1900 1168 eujusmodi
1907 1139 1973 1165 fuisse

1199 1167 1249 1189 dies
1260 1166 1308 1190 fere
1321 1174 1405 1190 omnes
1415 1168 1483 1196 Festm
1495 1183 1502 1193 ,
1524 1167 1629 1198 inspecto
1641 1168 1778 1192 Kalendario
1790 1186 1797 1197 ‚
1813 1171 1972 1203 cognoscitur.

1200 1199 1328 1224 Nonnulli,
1346 1198 1418 1228 priori
1432 1204 1494 1227 parte
1504 1198 1560 1226 Fasti
1568 1214 1574 1223 ‚
1585 1198 1713 1228 posteriore
1721 1202 1820 1230 Nefasti:
1834 1203 1877 1233 qui
1889 1210 1974 1227 notan-

1199 1234 1236 1251 tur
1243 1228 1272 1251 fic
1280 1245 1286 1256 ,
1297 1231 1321 1253 F.
1330 1232 1352 1252 P.
1361 1228 1426 1260 quod
1433 1229 1507 1257 Fastus
1514 1229 1605 1259 primo,
1615 1228 1736 1259 fignificat·
1752 1235 1806 1261 on
1814 1240 1843 1256 ex
1849 1240 1931 1264 genere
1939 1236 1973 1259 vi-

1200 1259 1283 1283 demus
1296 1260 1320 1284 in
1328 1260 1466 1284 Kalendario
1473 1260 1562 1284 Vinalia
1568 1258 1641 1284 iuiss'e.
1661 1262 1716 1285 Dies
1723 1269 1778 1290 eos,
1791 1264 1834 1294 qui
1840 1265 1919 1295 priore
1924 1273 1974 1297 par-

1201 1299 1224 1315 re
1234 1298 1271 1315 aut
1283 1293 1340 1321 Fasti
1351 1299 1429 1319 erant,
1442 1293 1586 1322 autNefasti,
1600 1292 1629 1316 de
1638 1292 1757 1317 Veteribus
1765 1310 1771 1320 ,
1784 1297 1850 1326 quod
1857 1299 1976 1322 memine-

1200 1325 1247 1347 rim
1261 1330 1334 1347 nemo
1346 1324 1463 1348 nominat.
1480 1325 1517 1346 De
1528 1323 1596 1352 Fastis
1603 1330 1682 1348 autem
1693 1325 1770 1350 media
1784 1327 1833 1351 diei
1838 1335 1901 1358 parte
1909 1346 1916 1356 ,
1929 1329 1974 1354 hoc

1200 1354 1232 1378 est
1239 1372 1245 1382 ,
1252 1355 1282 1378 de
1288 1357 1392 1386 interctfis
1398 1372 1405 1382 ‚
1413 1358 1482 1378 varro
1489 1354 1518 1378 fic
1523 1354 1565 1378 lib.
1572 1363 1594 1380 v.
1603 1356 1696 1388 deling.
1704 1360 1752 1382 Lat.
1760 1360 1855 1390 Intercifi
1857 1359 1907 1384 dies
1914 1360 1977 1389 sunt,

1201 1393 1241 1417 per
1253 1393 1395 1420 quos-mane
1401 1386 1426 1409 ὃς
1433 1385 1521 1417 vesperi
1527 1386 1558 1410 est
1565 1389 1631 1417 nefas,
1639 1389 1721 1413 medio
1729 1396 1848 1422 tempore,
1862 1392 1924 1416 inter
1930 1392 1975 1417 ho-

1200 1418 1266 1441 stiam
1277 1419 1364 1444 canam,
1373 1419 1398 1442 ὃ(
1409 1424 1460 1441 exta
1469 1418 1574 1448 perrefita
1580 1422 1612 1443 tas
1621 1429 1626 1442 :
1634 1419 1703 1452 aquo
1711 1438 1718 1449 ,
1733 1422 1799 1453 quod
1805 1422 1976 1448 fastuminter-

1199 1448 1366 1480 cedit,1ntertifi
1371 1450 1468 1476 dies,aut
1475 1449 1540 1481 quod
1549 1456 1600 1474 tum
1608 1454 1812 1484 Intercifiaemmefiu.
1831 1457 1892 1479 Patet
1900 1457 1976 1484 euim,

1200 1481 1329 1507 hismeria,
1343 1488 1394 1512 qux
1401 1481 1484 1505 suntin
1491 1482 1642 1509 Kalendario,
1655 1486 1679 1507 F.
1687 1486 1922 1515 N.C.FP.NP.EN;
1936 1487 1976 1512 sex

1198 1513 1290 1536 dierum
1298 1519 1381 1543 genera
1386 1512 1518 1544 fignificari,
1533 1514 1601 1543 Fastas
1609 1531 1616 1541 ,
1625 1515 1729 1546 ‘Rqsastos
1736 1534 1745 1544 ,
1757 1518 1883 1541 Comitiales
1890 1535 1897 1545 ,
1904 1519 1975 1548 fastu:

1195 1546 1280 1577 primo,
1293 1545 1398 1575 ‘Kefastos
1408 1546 1481 1577 primo
1489 1561 1495 1572 ,
1506 1547 1624 1576 [narcisus.
1643 1547 1715 1577 Qrod
1726 1548 1977 1574 ficuiveniatinmen-

1200 1583 1249 1599 tem
1256 1593 1262 1601 ,
1272 1575 1314 1599 hac
1326 1575 1423 1599 duarum
1436 1576 1555 1600 literarum
1565 1578 1715 1601 connexione
1722 1582 1769 1603 NP.
1778 1586 1828 1602 non
1837 1580 1960 1610 fignificari
1967 1599 1974 1610 ‚

1199 1607 1265 1639 quod
1272 1614 1315 1631 nos
1321 1607 1425 1631 diximus
1431 1624 1438 1633 ‚
1446 1608 1556 1638 Qfastus
1562 1609 1642 1639 primo
1649 1624 1656 1635 ‚
1664 1607 1702 1633 sed
1708 1610 1788 1640 potius
1794 1613 1819 1634 N
1821 1612 1865 1639 eliis
1872 1614 1975 1637 Fraetori:

1198 1638 1265 1668 hujus
1277 1639 1401 1670 opinionis
1412 1646 1576 1670 argumentum
1586 1637 1834 1671 primoeconjectura,
1849 1643 1885 1667 vel
1892 1644 1974 1676 exipsa

1197 1671 1276 1702 potius
1284 1687 1290 1698 ,
1307 1677 1332 1694 ut
1344 1678 1389 1702 ego
1398 1669 1474 1694 sentio
1486 1672 1577 1695 ratione
1587 1671 1700 1700 ductum,
1716 1673 1803 1698 deinde
1814 1674 1885 1699 etiam
1896 1677 1976 1699 Histo—

1198 1702 1237 1725 riae
1249 1703 1331 1726 veteris
1340 1703 1443 1726 infirmat
1450 1703 1583 1727 authoritas.
1596 1711 1760 1736 argumentum
1767 1705 1799 1729 est
1806 1706 1858 1730 hoc.
1877 1711 1972 1735 Nemo,

1199 1734 1351 1765 cuipauciora
1357 1732 1488 1762 sufficiunt,
1502 1734 1607 1766 pluribus
1613 1737 1693 1760 utitur.
1711 1737 1775 1769 Qid
1782 1744 1907 1767 opusem,
1922 1740 1974 1764 utii

1199 1765 1264 1791 dies,
1285 1765 1370 1797 quibus
1383 1765 1524 1797 adscriptum
1535 1767 1642 1791 videmus
1654 1770 1694 1791 NP
1707 1785 1714 1796 ‚
1731 1769 1819 1798 Nefi'sti
1830 1768 1874 1793 effi:
1887 1769 1974 1796 iudica-

1200 1804 1291 1820 rentur.
1307 1797 1362 1821 duas
1372 1798 1451 1828 potius
1463 1798 1554 1824 literas,
1564 1806 1635 1830 quam
1648 1806 1717 1822 unam
1730 1803 1857 1831 apponere?
1871 1808 1912 1824 cur
1919 1803 1973 1829 NP,

1201 1829 1313 1859 inquam,
1330 1836 1380 1852 non
1393 1831 1428 1852 N:
1441 1827 1568 1859 praesertim
1579 1837 1633 1854 cum
1644 1830 1734 1861 Qfasti
1741 1833 1785 1854 dm
1791 1838 1875 1855 omnes
1882 1832 1922 1856 hac
1929 1841 1973 1858 una

1199 1860 1278 1886 litera,
1297 1861 1333 1886 N,
1346 1861 1469 1883 norentur?
1481 1859 1545 1884 ficuti
1558 1861 1583 1884 ὅ(
1595 1861 1666 1891 fasti,
1679 1868 1762 1886 eorum
1769 1862 1830 1893 quafi
1838 1863 1973 1893 adversarii,

1201 1899 1245 1915 una
1256 1891 1337 1918 litera,
1350 1893 1380 1918 F,
1394 1890 1587 1916 demonstrantur.
1609 1894 1674 1924 Age,
1687 1893 1748 1918 dicat
1759 1895 1856 1925 aliquis,
1869 1895 1922 1920 leve
1928 1896 1975 1920 hoc

1197 1922 1242 1947 effe
1254 1939 1261 1951 ,
1278 1923 1393 1954 planeque
1405 1924 1555 1953 nugatorium
1567 1931 1740 1955 argumentum.
1764 1926 1836 1957 Qod
1846 1927 1898 1951 sane
1911 1928 1972 1952 mihi

1197 1954 1383 1978 videturcontra.
1400 1955 1464 1986 Qnd
1472 1955 1760 1987 Ciceronirespondebitur?
1772 1958 1934 1986 mendaciine,
1947 1961 1972 1984 ὃς

1196 1985 1298 2010 falsitatis
1311 2003 1319 2014 ,
1336 1986 1399 2017 quasi
1409 1986 1491 2010 testem
1501 1992 1638 2018 corruptum
1650 2005 1658 2016 ,
1675 1995 1712 2012 aut
1724 1988 1875 2018 inscientem,
1893 1999 1974 2023 argue—

1199 2020 1266 2043 mus?
1280 2025 1330 2042 non
1342 2020 1374 2042 ita
1387 2019 1519 2050 utopinox,
1533 2018 1659 2050 quisquam
1665 2019 1768 2051 deripier.
1783 2022 1840 2046 Sunt
1848 2022 1919 2054 igitur
1926 2023 1973 2048 lucc

1199 2051 1225 2075 in
1237 2049 1353 2080 Epistola,
1366 2050 1429 2077 Risi,
1443 2051 1530 2074 citerm.
1545 2050 1625 2079 verba,
1639 2051 1694 2076 libr.
1708 2060 1744 2077 11.
1757 2053 1786 2077 ad
1797 2053 1905 2079 fratrem:
1923 2056 1973 2078 Co-

1199 2081 1284 2114 gnosce
1295 2089 1357 2106 nunc
1368 2083 1430 2105 Idus.
1446 2082 1558 2106 Decimus
1570 2090 1617 2106 erat
1623 2085 1684 2108 coelia
1691 2084 1749 2109 dies.
1765 2084 1921 2110 Domitiusad
1929 2093 1971 2110 nu-

1199 2121 1293 2138 merum
1301 2113 1387 2141 iudices
1393 2121 1442 2137 non
1449 2113 1536 2138 habuit.

1198 2146 1229 2170 xii
1237 2163 1243 2173 ,
1256 2146 1286 2170 de
1316 2145 1383 2169 uibus
1395 2146 1461 2169 cicero
1473 2146 1593 2177 loquitur,
1605 2147 1693 2176 fastam
1701 2156 1730 2172 ex
1743 2155 1806 2180 parte
1819 2149 1884 2174 diem
1890 2147 1970 2176 fuiffi,

1196 2177 1249 2203 satis
1258 2184 1286 2201 co
1324 2184 1359 2201 et:
1373 2176 1567 2209 quandoquidem
1578 2185 1608 2202 eo
1621 2179 1661 2203 die
1672 2182 1756 2204 Praetor
1766 2181 1898 2205 Domitius-z
1911 2180 1972 2205 utde

1197 2217 1239 2234 reo
1247 2207 1411 2241 cognosceret,
1423 2208 1608 2243 sententiamque
1619 2210 1702 2238 ferret,
1715 2213 1740 2236 in
1746 2211 1826 2237 forum
1839 2211 1968 2236 descendit:

1197 2240 1315 2274 sequitur,
1328 2243 1383 2268 NP,
1395 2241 1461 2272 quod
1473 2241 1554 2266 idibus
1560 2243 1672 2267 omnium
1678 2244 1806 2272 menfium,
1819 2244 1921 2275 exceptis
1927 2244 1972 2273 Ju-

1198 2275 1236 2296 niis
1242 2290 1249 2300 ‚
1262 2274 1289 2297 in
1296 2272 1434 2297 Kalendario
1440 2273 1579 2305 adscriptum
1587 2275 1694 2300 videmus
1701 2293 1707 2303 ,
1721 2276 1827 2307 ‘Refastus
1833 2275 1882 2299 dies
1889 2276 1971 2299 omni-

1198 2312 1231 2329 no
1244 2304 1366 2360 fignificati
1377 2312 1427 2328 non
1440 2305 1521 2337 Poffit:
1538 2306 1629 2331 Eodem
1641 2312 1668 2332 iu
1673 2307 1735 2331 libro
1741 2308 1808 2330 altera
1814 2306 1846 2330 est
1852 2306 1954 2338 Epistola
1960 2323 1969 2335 ,

1198 2344 1249 2369 qua:
1279 2344 1291 2360 c
1303 2336 1396 2367 incipit.
1413 2338 1503 2361 Sextius
1514 2338 1591 2363 noster
1598 2338 1714 2363 absolutus
1719 2338 1750 2363 est
1757 2337 1784 2362 ad
1793 2345 1828 2362 11.
1839 2338 1893 2362 Idus
1900 2341 1969 2364 Mart.

1197 2369 1241 2402 qui
1248 2368 1311 2399 dies,
1324 2368 1341 2395 fi
1352 2375 1382 2394 eo
1391 2367 1431 2395 die
1442 2369 1534 2396 Sextius
1543 2369 1660 2398 absolums
1665 2370 1713 2400 est,
1723 2376 1786 2396 certe
1791 2371 1895 2402 Nefistus
1902 2371 1970 2403 plane

1919 2409 1970 2429 uon

1555 2114 1646 2146 Qibus
1652 2115 1728 2140 verbis
1736 2133 1742 2144 ‚
1755 2124 1809 2142 cum
1815 2118 1870 2142 Idus
1876 2117 1973 2142 Februa·
1998 2140 2000 2142 .
