2075 2734
275 91 391 119 Lacr-:s
411 95 609 117 nunonem
630 85 817 115 ’risuum
837 91 911 111 cui-1
933 92 1040 113 Μῖνι
1062 93 1251 114 commun-r.
1290 86 1374 119 Car,
1393 90 1419 118 6.
1603 102 1656 131 57¹

220 168 244 203 I
248 169 268 202 1
275 169 302 202 I.
329 164 509 201 Parentibus
521 173 653 199 tutorum
668 159 774 196 liberis
792 161 826 195 in
839 159 982 210 potestate
999 161 1172 197 dandorum
1188 163 1356 211 testamento
1366 168 1422 214 jus
1437 166 1503 215 esto,

117 240 204 278 Hujus
218 240 283 278 legis
298 247 375 277 caput
388 238 467 266 habet
479 238 554 270 Cajus
566 235 636 263 libro
649 244 676 270 4.
691 233 723 261 ad
737 233 810 271 leges
825 243 858 262 xt
867 244 888 276 r.
901 232 1066 277 tabularum,
1087 235 1103 263 1.
1116 246 1137 266 ι.
1146 236 1173 264 ff.
1182 237 1216 265 de
1229 239 1380 268 testament.
1391 240 1466 268 tutel.
1474 241 1518 269 ubi
1533 242 1581 270 ait:
1595 247 1659 282 Lege

78 289 112 308 xi
123 290 142 307 1.
155 279 299 307 tabularum
315 276 469 315 permiffum
482 274 533 302 effe
547 273 713 310 parentibus,
733 273 821 301 liberis
838 279 901 303 ssus,
922 276 975 300 ssve
992 274 1128 301 malculini
1142 296 1149 306 ,
1170 275 1223 303 five
1239 276 1377 305 foeminini
1391 278 1464 307 sexus
1483 281 1494 314 ζ
1502 280 1520 308 li
1536 284 1620 310 modo
1635 284 1662 310 in

77 319 207 354 potestate
220 318 297 352 sunt)
318 324 418 343 tutores
432 313 590 341 testamento
604 313 676 340 dare.
697 312 770 339 Nam
786 309 930 339 secundum
947 321 1069 340 naturam
1085 312 1113 340 iit
1128 314 1285 345 verisimile,
1306 318 1444 345 neminem
1462 319 1612 356 diligentius
1628 321 1662 348 de

78 356 157 383 bonis
172 356 303 384 turm-ijs
316 354 494 390 cogitaturum
508 360 589 388 quarn
604 358 725 387 parentes
737 349 814 386 ipibs.
853 349 928 376 Ideox
939 359 972 376 ue
985 350 1026 377 lex
1042 351 1176 386 permittit
1188 362 1218 380 ac
1234 353 1321 382 suadet
1339 376 1344 385 ,
1364 365 1393 382 uz
1408 366 1529 393 parentes
1544 359 1570 385 in
1585 360 1662 386 testa-

79 395 180 422 mentis
194 393 242 421 suis
258 394 320 421 dem
333 390 419 418 jjberis
432 389 614 426 impuberibus
627 397 736 416 tutores.-
750 397 784 416 ne
797 387 854 424 post
864 395 984 415 mortem
996 388 1118 419 illorum,
1129 390 1230 418 incerta
1245 392 1275 419 sit
1287 393 1343 428 ejus
1355 396 1392 420 rei
1407 395 1557 423 solicitudo.
1577 398 1662 424 Addit

78 440 170 459 autem
184 434 274 467 Cujus.
296 430 360 458 scire
373 437 422 454 nos
435 428 462 454 in
476 429 571 464 primis
584 427 627 454 hic
641 428 738 454 debere
749 447 755 458 ‚
778 427 858 454 etiam
874 424 1025 461 posthumis
1039 426 1098 454 filiis
1116 427 1188 462 poffe
1202 437 1296 456 tutores
1311 429 1456 460 testamento
1470 433 1536 461 dari.
1578 435 1611 462 Et
1626 435 1660 462 fic

77 469 211 497 Suetonius
222 468 323 499 scribit,
342 467 445 505 Julium
462 466 591 493 Cael'arem
606 467 795 493 testamentum
811 463 955 491 facientem
971 463 1058 501 plures
1075 474 1106 493 ex
1122 466 1167 496 its,
1190 467 1233 501 qui
1247 477 1306 495 eum
1326 470 1413 504 postea
1427 473 1599 504 octiderunt‚
1615 482 1663 500 no.

80 507 192 535 minasse
204 504 371 543 tutoresfilti‚
391 504 409 531 fi
425 506 482 541 quis
496 504 543 531 fibi
559 504 716 532 nasceretur.
737 503 882 530 Rationem
896 509 985 529 autem
999 512 1046 530 cur
1057 503 1207 539 posthumis
1221 506 1276 532 dari
1290 514 1362 534 tutor
1377 511 1469 545 possm,
1489 510 1557 539 hanc
1571 512 1663 540 recitat

77 544 260 582 Justmmnus,
282 545 355 581 quod
370 543 388 570 ii
402 543 430 570 in
443 542 625 579 compluribus
638 542 695 570 aliis
709 542 789 570 caulis
804 550 853 578 pro
865 541 922 577 jam
937 541 1005 569 natis
1016 541 1171 570 habeantur.

208 615 275 648 IV.
300 613 341 646 Ut
356 613 385 660 st
398 613 633 662 paterfamilias
654 612 788 657 intestato
809 621 972 645 moreretur
988 636 1000 654 ‚
1024 622 1206 660 agnatorum
1221 640 1230 656 ‚
1251 615 1472 664 gentiliumque
1492 621 1525 652 in

534 663 624 711 ipſsus
633 663 783 710 pupillis,
809 673 967 708 eorumque
975 660 1105 710 potestas
1124 674 1141 705 ς
1157 671 1194 695 et.

113 736 201 772 Hujus
214 733 305 771 capitis
318 733 394 762 testes
407 731 467 761 sunt
480 731 662 768 Justinianus,
683 731 804 766 Ulpianus
818 734 843 760 ἃ
859 730 911 759 alii.
933 732 1074 769 Legitimne
1087 731 1190 764 tutelae,
1211 734 1298 770 inquit
1315 732 1448 769 (Livianus,
1470 737 1528 775 lege
1542 748 1573 767 xt
1584 750 1604 768 ι,
1621 740 1661 768 ta..‘

76 774 197 803 bulnrum
212 780 311 810 agnum
323 772 413 799 delatae
425 771 498 802 sunt,
515 774 541 799 ὃς
553 769 754 807 εονς,ἱιηζαιήει”4.·
775 770 801 797 id
812 770 861 801 est,
883 770 935 800 his,
957 771 1003 807 qui
1017 771 1048 798 ad
1063 769 1212 807 legitimam
1222 771 1404 801 hae1·edi;atcn1
1419 775 1526 804 admitti
1540 779 1658 814 possunt:

76 821 108 841 ut
122 813 166 849 qui
179 811 312 847 sperarent
332 809 400 836 hanc
413 808 618 840 succeffionem,
629 809 710 836 iidem
725 815 864 836 tuerentur
877 808 961 835 bona.
983 818 1017 836 ne
1029 808 1245 845 dilapidarentur.

113 848 334 884 stpaterfinmilias
348 846 464 883 intestato
476 847 642 882 moreretur]
673 848 738 874 Haec
752 847 832 874 verba
847 867 856 878 ‚
875 845 992 883 intestata
1005 856 1157 878 moreretur,
1177 849 1264 885 inquit
1276 848 1447 884 lastinianus,
1467 860 1522 879 non
1535 852 1602 880 hanc
1616 852 1660 881 ha-

75 889 141 916 bent
153 887 372 925 fignificationem
382 907 390 916 ,
409 886 426 912 ti
439 885 554 912 omnino
569 894 624 912 non
639 884 732 912 fecerit
746 885 937 913 testamentum
951 886 973 913 is
987 887 1031 923 qui
1040 893 1145 921 poterat
1159 895 1261 914 tutores
1273 888 1353 915 dare:
1372 888 1416 916 sed
1431 888 1465 922 fi,
1486 899 1615 927 quantum
1624 892 1656 919 ad

75 926 186 955 tutelam
201 926 318 962 pertinet
330 944 337 955 ,
358 923 494 951 intestatus
506 923 654 951 deceflerit.
691 923 772 960 Qod
787 931 852 952 tunc
865 932 972 960 quoque
985 925 1107 951 accidere
1123 924 1280 962 intelligitur
1290 947 1297 958 ,
1318 936 1380 954 cuin
1398 927 1418 954 is
1431 947 1438 959 ‚
1461 930 1507 965 qni
1527 930 1602 957 datus
1619 930 1655 957 est

77 972 164 996 tutor,
185 965 248 990 vivo
261 962 385 990 testatore
400 961 547 990 decefferit.

115 1006 278 1040 Agnatorum
295 999 512 1038 gentiliumque.]
550 1000 628 1034 cnjus
640 999 696 1027 haec
717 998 752 1027 fic
765 1000 953 1036 inter-pretatur
969 1009 976 1026 :
995 1007 1025 1028 ut
1040 999 1057 1027 fi
1069 999 1155 1038 plures
1174 1001 1262 1039 agnati
1280 1000 1331 1030 smt
1344 1023 1351 1034 ,
1371 1004 1511 1040 proximus
1526 1003 1658 1033 familiam

75 1040 242 1077 adipiicatur:
264 1040 290 1067 &
305 1038 323 1065 ii
337 1038 435 1065 eodem
450 1039 534 1075 gradu
548 1037 636 1074 plures
649 1038 699 1065 lint
712 1047 808 1065 omnes
821 1036 897 1064 iimul
909 1037 1021 1065 tutelam
1035 1038 1221 1075 adipiscantur.
1240 1041 1306 1068 Sunt
1320 1050 1412 1069 antem
1426 1041 1532 1080 agnati,
1552 1042 1657 1081 cognati,

75 1087 124 1116 per
139 1077 218 1107 virilis
231 1076 305 1105 sexus
318 1077 510 1113 cognationem
525 1075 677 1111 conjun6ti‚
697 1076 767 1113 quali
781 1075 794 1103 a
809 1084 884 1112 patre
899 1077 1006 1113 cognati
1019 1098 1027 1108 ‚
1049 1077 1132 1105 veluti
1145 1077 1227 1105 frater
1240 1087 1272 1106 ex
1285 1079 1384 1107 eodem
1399 1088 1475 1116 patre
1488 1089 1564 1110 natus
1577 1102 1584 1113 ,
1606 1080 1658 1108 fra-

76 1121 124 1147 tris
138 1117 221 1148 filius,
242 1113 357 1151 neposve
372 1124 404 1143 ex
417 1124 464 1142 eo:
484 1114 551 1142 item
565 1122 672 1150 patruus
686 1116 712 1143 &
724 1115 810 1151 patrui
823 1113 904 1146 filius,
926 1114 1043 1151 neposve
1056 1125 1088 1143 ex
1102 1124 1144 1143 eo.
1163 1117 1199 1144 At
1207 1117 1252 1153 qui
1266 1126 1314 1153 per
1327 1117 1465 1146 foeminini
1478 1119 1552 1146 sexus
1566 1118 1656 1155 perso-

74 1164 122 1185 nas
136 1154 297 1192 cognatione
309 1153 473 1191 junguntur,
492 1151 580 1191 agnati
593 1161 649 1180 non
663 1152 736 1185 sunt,
756 1152 800 1180 std
812 1152 874 1180 alias
889 1153 1002 1180 naturali
1013 1154 1073 1189 jure
1087 1155 1207 1191 cognati:
1228 1154 1356 1184 differunt
1368 1164 1458 1184 autem
1470 1156 1559 1194 agnati
1573 1158 1657 1185 etiam

76 1191 91 1221 ὲ
101 1192 237 1231 gentilibus
251 1191 303 1219 hoc
316 1193 418 1223 modo,
438 1193 510 1228 quod
523 1190 613 1227 agnati
625 1191 762 1223 dicuutur,
782 1190 828 1227 qui
840 1200 872 1216 ex
886 1190 973 1217 eadem
980 1191 1085 1226 familia
1098 1192 1250 1226 nascuntur,
1270 1193 1311 1226 ξς·
1325 1193 1394 1221 idem
1406 1204 1536 1232 cognomen
1549 1193 1639 1222 habent
1649 1206 1658 1221 .-

71 1231 195 1269 gentiles,
215 1231 261 1266 qui
274 1230 371 1256 eodem
383 1239 416 1256 ex
430 1238 528 1265 genere
541 1228 696 1259 nascuntur,
718 1230 744 1256 δί
757 1227 834 1254 fimili
850 1227 963 1255 nomine
975 1229 1147 1264 appellantur.
1167 1232 1287 1259 Annotat
1297 1230 1455 1268 justinianus
1467 1233 1495 1259 in
1510 1233 1657 1267 Institutioff

75 1268 165 1301 nibus,
186 1277 218 1296 ex
227 1266 276 1294 hac
290 1266 349 1304 lege
362 1267 444 1294 etiam
459 1266 619 1294 libertorum
634 1268 660 1294 &
674 1265 829 1294 libertatum
841 1264 954 1293 tutelam
967 1267 999 1293 ad
1014 1274 1142 1303 patronos
1157 1266 1306 1305 liberosque
1320 1278 1414 1297 eorum
1426 1270 1570 1306 pertinere.

122 1339 163 1374 V.
189 1340 223 1371 Si
229 1338 363 1384 furiosus
379 1335 508 1382 existat,
534 1344 731 1383 agnatorum,
751 1335 972 1383 gentiliumque
993 1338 1026 1370 in
1042 1349 1093 1379 eo,
1114 1339 1301 1384 pecuniaque
1316 1340 1379 1386 ejus
1391 1339 1518 1388 potestas
1531 1339 1597 1386 esto.

115 1407 156 1435 Ex
169 1406 283 1435 Cicerone
297 1405 426 1445 descripta
439 1407 475 1434 est
489 1405 534 1436 lib.
543 1416 566 1434 2¹
579 1406 613 1433 de
625 1404 781 1434 Inventione,
804 1407 831 1433 ὃς
843 1404 912 1432 libro
928 1415 951 1442 3.
971 1403 1179 1433 Tusculanarum
1188 1407 1364 1443 quaestionum
1372 1418 1376 1434 :
1396 1408 1463 1435 item
1476 1417 1507 1436 ex
1514 1407 1654 1446 justiniani

76 1445 287 1473 Institutionibus
298 1445 343 1473 lib.
356 1456 376 1472 1.
390 1444 468 1473 titulo
485 1455 526 1482 23.
545 1443 646 1473 Cic.lib.
657 1453 680 1481 3.
701 1443 911 1470 Tulculanarum
929 1444 1102 1480 quaestionum
1117 1443 1208 1472 scribit
1228 1454 1291 1472 eum
1312 1446 1358 1482 qui
1371 1455 1463 1473 errore
1476 1448 1575 1475 mentis
1588 1449 1650 1479 affe-

76 1482 134 1511 itus
152 1483 182 1510 fit
193 1505 200 1515 ,
223 1484 305 1511 vetari
319 1493 351 1511 xi
361 1493 383 1510 1.
396 1482 490 1511 tabulis
504 1491 594 1510 rerum
606 1481 712 1509 suarum
727 1480 778 1507 effe
788 1482 943 1510 dominum.
980 1482 1074 1518 Itaque
1088 1491 1144 1509 non
1157 1481 1207 1509 effe
1219 1482 1347 1519 scriptum
1361 1503 1368 1512 .
1387 1482 1416 1510 Si
1431 1483 1532 1518 infhnus
1545 1506 1553 1516 ,
1572 1485 1615 1514 sed
1626 1485 1655 1523 β

68 1521 177 1557 smiofiu
191 1522 235 1559 effi·
248 1520 340 1556 incipit.
380 1522 453 1548 Nam
469 1521 618 1552 stultitiam,
638 1520 739 1556 inquit,
761 1519 930 1550 censuerunt,
951 1519 978 1547 id
992 1520 1042 1549 est,
1061 1519 1266 1547 inconstantiam
1280 1520 1389 1547 sanitate
1406 1529 1563 1554 vacantem,
1583 1525 1656 1561 posse

77 1566 169 1586 tamen
185 1561 254 1586 tueri
266 1560 482 1587 mediocritatem
497 1559 661 1586 officmrum.
681 1561 800 1585 Furorem
815 1567 906 1585 autem
922 1557 973 1585 effe
987 1558 1036 1584 rati
1051 1555 1111 1585 sunt
1125 1557 1224 1584 mentis
1234 1558 1266 1585 ad
1277 1559 1370 1585 omnia
1383 1559 1545 1586 coecitatem.
1567 1563 1655 1592 Sed&

78 1597 147 1633 apud
161 1596 295 1630 Uspmnum
309 1606 365 1634 cap.
378 1598 577 1624 Institutionum
596 1606 636 1624 12.
648 1597 685 1623 ita
697 1596 825 1632 scriptum
842 1596 878 1623 est
891 1606 896 1622 ι
917 1597 973 1623 Lex
986 1605 1048 1623 xn-
1069 1595 1216 1623 tabularum
1232 1595 1364 1624 furiosum
1384 1596 1411 1623 in
1426 1598 1563 1625 curatione
1575 1599 1652 1635 jubet

78 1634 131 1662 effe
141 1644 308 1672 agnatorum.
329 1637 503 1670 Qaproptcr
517 1633 627 1661 furiosos
640 1633 654 1660 a
666 1633 836 1661 dementibus
842 1633 1010 1668 juriJcorzstclti
1021 1634 1114 1670 passim
1130 1633 1301 1671 distinguunt.

116 1672 246 1710 ,Ea-istan]
269 1672 389 1700 Verbum
401 1671 508 1709 exstat,
527 1676 610 1700 Cicero
623 1671 657 1699 fic
671 1671 873 1708 interpretatur,
893 1671 920 1699 id
934 1671 989 1703 est,
1010 1671 1061 1699 effe
1075 1670 1177 1707 incipit:
1195 1672 1265 1709 quali
1277 1672 1369 1709 jubeat
1388 1672 1431 1700 lex
1444 1672 1531 1700 statim
1541 1676 1653 1713 propin-

77 1719 113 1748 qu
134 1720 144 1737 s
157 1711 249 1739 officio
263 1710 348 1747 fungi.

116 1752 279 1785 Agntztorum
283 1748 480 1788 gentiliumque.
493 1749 507 1784 ]
549 1749 588 1776 Ut
600 1749 642 1776 cui
656 1755 734 1777 erunt
746 1748 851 1786 agnati,
871 1749 903 1776 ad
917 1757 963 1776 eos
975 1746 1056 1776 tutela
1069 1747 1203 1777 deferatur
1216 1770 1223 1782 ‚
1244 1751 1285 1778 cui
1296 1749 1418 1787 gentiles,
1437 1750 1535 1778 eodem
1558 1752 1652 1782 modo.

77 1787 158 1814 Unde
171 1788 355 1824 pervulgatum
376 1788 446 1815 inter
459 1795 562 1814 veteres
579 1787 755 1822 proverbium
771 1808 778 1818 ,
807 1796 837 1815 ut
851 1797 935 1825 quum
951 1785 1068 1824 aliquem
1085 1796 1175 1815 errore
1196 1789 1294 1817 mentis
1309 1788 1436 1817 affefiium
1457 1788 1651 1826 fignifioerent,

46 1850 51 1854 .
79 1834 142 1854 eum
157 1826 276 1854 dicerent
289 1825 326 1852 ad
335 1834 438 1863 agnatos
451 1824 607 1862 &gentiles
617 1825 789 1853 deducendum
801 1824 855 1863 effi’.

164 1894 230 1928 VI.
254 1892 296 1924 Ut
315 1894 368 1938 qui
378 1889 525 1940 prodigus
538 1890 693 1935 existeret,
719 1895 747 1925 ei
757 1902 881 1938 pretor,
907 1893 995 1936 cauffo
1009 1896 1148 1939 cognita,
1174 1892 1258 1925 bonis
1268 1893 1332 1936 ficis
1346 1891 1556 1938 interdiceret,

353 1943 444 1987 inque
459 1941 547 1988 ipfius
558 1943 687 1988 pecunia
700 1964 712 1984 ,
739 1952 917 1989 agnatorum
933 1943 1157 1988 gentiliumque
1168 1940 1296 1989 potestas
1311 1941 1380 1984 effi’t.

120 2003 193 2031 Huic
206 2004 285 2040 capiti
297 2003 479 2032 testimonium
496 2003 595 2041 praebet
609 2003 729 2038 Ulpianus
742 2005 770 2031 in
784 2004 802 2032 l.
818 2015 840 2032 r.
854 2003 880 2033 ff.
895 2005 929 2033 de
942 2011 1024 2033 curat.
1040 2004 1092 2032 fur.
1103 2004 1149 2032 ubi
1162 2004 1197 2031 sic
1217 2003 1307 2032 scribit
1321 2013 1325 2030 :
1346 2003 1405 2041 lege
1418 2015 1449 2033 xz
1458 2015 1480 2036 1.
1499 2005 1647 2036 tabularum

75 2041 143 2076 proa'z
143 2051 177 2078 go
189 2040 349 2069 interdicitur
361 2040 587 2078 bonorumficorum
601 2041 794 2077 administratio.
835 2042 870 2070 Et
885 2044 952 2071 item
967 2043 1045 2079 capit.
1064 2043 1263 2071 Institutionum
1283 2052 1323 2069 12.
1335 2041 1493 2080 justinianus
1505 2045 1651 2074 Institutio-

80 2088 147 2106 num
160 2079 205 2106 lib.
220 2089 240 2106 t.
252 2080 330 2108 titulo
346 2090 389 2117 23.
410 2081 559 2109 Notatione
573 2088 662 2108 autem
676 2081 756 2118 digna
769 2081 804 2108 est
819 2089 849 2108 ea
862 2080 993 2113 formula,
1012 2090 1063 2118 qua
1073 2081 1168 2109 Paulus
1183 2080 1228 2108 lib.
1242 2083 1361 2109 sentent.
1372 2091 1396 2117 5.
1411 2081 1511 2112 scribit.
1521 2090 1650 2119 praetores

79 2116 131 2145 hac
145 2118 173 2145 in
187 2127 215 2145 re
230 2119 268 2146 uti
282 2118 371 2146 solitos
383 2118 467 2147 fuiffe.
487 2118 533 2147 Illa
544 2129 609 2147 vero
617 2119 652 2146 est
664 2118 731 2147 haec:
751 2120 861 2158 Qana'o
878 2128 907 2147 tu
921 2119 982 2147 bona
990 2118 1079 2154 patria
1090 2140 1098 2151 ,
1118 2119 1239 2159 avitaque
1251 2117 1367 2158 nequitia
1380 2127 1425 2146 tua
1439 2120 1569 2155 dtsperdu,
1589 2121 1649 2149 libe-

79 2158 165 2195 rosque
178 2165 233 2182 tuos
244 2157 280 2183 ad
290 2155 421 2194 egestatem
427 2157 554 2191 perducis:
572 2157 600 2184 ob
611 2168 667 2184 eam
678 2168 732 2185 rem
745 2166 793 2185 tun
803 2169 834 2186 ea
847 2168 888 2188 re,
907 2160 1097 2197 commerciaque
1107 2156 1235 2186 interdico.
1273 2157 1421 2194 Desumpta
1430 2160 1534 2187 videtur
1540 2159 1595 2188 haec
1606 2161 1648 2189 lex

81 2194 114 2221 ab
125 2194 340 2225 Atheniensibus,
361 2197 429 2231 apud
441 2204 508 2232 quos
521 2217 529 2228 ‚
548 2197 588 2224 uti
600 2203 710 2225 annotat
724 2197 865 2224 Balduinus
877 2218 885 2230 ‚
906 2207 938 2225 ex
950 2197 1009 2235 lege
1022 2197 1126 2225 Solonis
1140 2218 1146 2228 ,
1166 2196 1277 2225 infamia
1289 2195 1431 2225 notabatur
1442 2198 1463 2225 is
1476 2218 1484 2229 ,
1504 2199 1549 2234 qui
1564 2200 1646 2235 pairi-

80 2233 206 2259 monium
218 2232 374 2265 decoxiss'et,
395 2240 474 2270 atque
485 2234 552 2262 adeo
563 2234 622 2272 lege
639 2236 763 2264 omnium
777 2237 935 2264 Graecorum
949 2235 1085 2264 arcebatur
1099 2234 1159 2264 foro
1172 2257 1180 2269 ,
1200 2237 1227 2264 &
1240 2234 1427 2267 concionibus,
1448 2235 1523 2264 iicuti
1538 2243 1648 2273 apparet

79 2279 112 2299 ex
126 2272 247 2299 oratione
259 2270 375 2305 AEschinis
387 2280 478 2300 contra
491 2273 665 2302 Timarchum
677 2285 684 2302 :
705 2275 843 2312 Iplietiam
853 2276 1018 2313 Areopagitae
1030 2275 1174 2313 prodigum
1188 2276 1396 2312 intemperanter
1405 2275 1540 2303 viventem
1548 2296 1555 2307 ‚
1564 2284 1646 2313 quem

78 2314 175 2344 votum
190 2319 298 2342 vocant,
319 2318 428 2348 utpote,
447 2320 528 2348 quem
539 2311 586 2340 fibi
597 2313 643 2350 ipsi
656 2313 797 2346 relietum,
815 2315 859 2343 vix
872 2313 937 2341 salus
953 2313 1007 2352 ipsa
1019 2313 1122 2341 servare
1135 2313 1233 2355 poiset,
1252 2322 1307 2344 non
1317 2312 1410 2346 aliter,
1430 2322 1511 2353 quam
1526 2314 1648 2343 criminis

78 2347 189 2386 alicujus
201 2358 296 2382 reum,
317 2350 344 2378 &
357 2350 385 2378 in
397 2350 441 2387 jus
453 2349 597 2385 vocabant,
615 2353 643 2382 &
654 2353 808 2391 puniebant·
835 2352 970 2383 Athe-naus
981 2351 1055 2421 libra
1063 2360 1167 2389 quarto.
1607 2392 1646 2425 Β

1066 2399 1081 2420 c
1088 2399 1103 2419 c
1110 2400 1126 2420 c
1144 2400 1159 2420 2
1640 2421 1643 2423 .
