2075 2734
419 120 507 158 Qae
533 127 694 148 νυιιωσΛ
721 126 881 155 JUDICIA
908 125 1087 152 ruzam-r,
1109 122 1161 150 ἃς.
1202 123 1285 152 Cn.
1316 135 1356 161 17,
1627 136 1679 167 63¹

99 213 156 250 Qi
165 211 297 240 calumnia
310 211 398 239 litium
411 211 507 239 fundos
520 209 619 237 alienos
629 208 745 245 petebat.
767 209 837 236 Vide
850 209 931 236 etiam
948 209 1075 247 Agellium
1087 210 1132 239 lib.
1143 222 1186 249 13.

136 249 274 279 Ultimum
287 249 421 285 judicium
435 248 486 276 fuit
499 249 527 275 in
539 247 676 283 judicem:
695 246 759 274 fiob
765 246 936 282 judicandam
950 248 1092 284 pecuniam
1107 251 1247 286 accepisset
1256 272 1264 283 ,
1284 253 1318 281 de
1331 263 1385 291 quo
1398 255 1426 282 in
1439 265 1502 284 xii.
1511 258 1605 288 tabulis
1616 261 1679 290 stri-

96 295 175 324 ptum
189 288 250 317 fuit,
286 289 367 315 Unde
379 285 496 324 Age-llius
505 284 550 313 lib.
566 295 610 312 20.
637 284 695 312 Nifi
707 285 801 312 duram
817 285 868 312 eise
879 284 968 322 legem
981 293 1057 322 putes
1069 307 1078 318 ,
1099 296 1156 324 quae
1169 289 1287 324 judicem
1297 312 1304 322 ,
1323 292 1489 322 arbitrumve
1501 296 1592 324 datum
1603 319 1609 329 ,
1630 302 1676 336 qui

95 325 132 353 ob
146 335 204 353 reni
218 326 389 361 judicandam
404 324 544 360 pecuniam
559 323 686 359 accepisse
696 323 834 351 convietus
847 323 898 354 est,
920 324 1006 366 capi-te
1019 326 1108 366 Ριιιίὶτἶ
1136 327 1189 363 Qu
1204 337 1268 355 vero
1281 328 1363 364 judex
1378 330 1460 359 sciens
1474 333 1538 361 dolo
1550 336 1624 363 malo
1637 340 1678 365 jn.

93 363 160 399 juste
172 364 307 400 judicabat
319 383 327 394 ,
347 364 367 390 is
379 363 454 390 litem
469 361 542 388 fixam
557 360 644 388 facere
657 361 797 389 dicebatur
809 381 816 392 ‚
838 361 935 389 author
947 365 1069 397 {szmnus
1084 364 1111 390 st.
1131 363 1165 391 de
1177 364 1292 399 judiciis.
1332 369 1420 405 Judex
1434 379 1498 398 tunc
1510 371 1584 400 litem
1599 373 1673 403 sum,

93 401 180 429 facere
197 401 370 438 intelligitur,
390 408 450 427 cum
467 399 532 426 dolo
546 399 620 426 malo
633 401 660 426 in
675 398 768 426 fraude
780 399 846 436 legis
865 399 1024 427 stutentiam
1039 401 1135 428 dixerit
1149 412 1153 427 z
1175 403 1238 430 dolo
1252 405 1326 433 malo
1339 415 1430 434 autem
1448 409 1554 436 videtur
1572 410 1624 439 hoc
1636 412 1675 441 fa-

93 448 154 467 cere
168 461 175 472 ‚
196 440 214 467 fi
228 440 335 467 evidens
345 445 468 474 arguatur
481 438 537 473 ejus
552 437 593 465 vel
606 438 690 474 gratia
703 457 711 470 ‚
733 436 773 464 vel
786 438 928 464 inimicitia
941 458 959 479 ’.
971 437 1013 465 vel
1028 439 1109 465 etiam
1123 439 1211 467 sordes
1223 462 1229 473 ‚
1252 451 1281 470 ut
1297 453 1387 471 verum
1402 445 1605 476 aestimationem
1618 450 1672 479 litis

91 478 212 514 praestare
224 484 342 514 cogatur.
363 476 388 503 Is
400 475 482 503 etiam
495 476 600 503 videtur
613 476 690 503 litem
705 474 778 502 suam
793 475 894 506 r'eciffe,
915 483 960 511 qm
973 476 1006 504 ad
1020 477 1194 504 constitutum
1209 487 1316 515 tempus
1332 483 1359 510 in
1370 483 1500 518 judicium
1513 494 1568 513 non
1589 489 1672 516 venit.

91 514 201 545 Macrob.
214 514 259 542 lib.
269 525 295 551 3.
308 522 364 549 cap.
381 516 423 540 16.
436 514 464 540 in
476 514 598 541 oratione
612 514 679 541 Titii
692 514 726 541 de
737 512 887 548 judicibus:
909 513 975 540 Inde
990 514 1022 541 ad
1037 515 1180 542 comitium
1196 518 1298 545 vadunt
1311 539 1319 549 ‚
1338 530 1372 547 ne
1384 520 1460 548 litem
1475 522 1549 550 suam
1565 525 1669 554 faciant,

91 553 225 590 Abrogata
238 553 299 579 inde
311 551 363 588 lege
375 561 407 578 xi
418 562 439 578 ι.
456 550 602 579 tabularum
614 572 622 583 ,
643 551 695 588 lege
714 550 908 585 repetundarum
930 552 963 579 de
977 550 1029 579 hoc
1050 552 1164 579 crimine
1181 555 1317 590 quaefitum
1338 559 1374 585 est
1389 579 1395 588 ‚
1416 562 1666 596 quemadmodum,

90 591 135 626 qui
153 589 246 618 falsum
261 590 444 617 testimonium
462 590 602 621 dixerunt,
623 589 681 627 lege
695 590 729 617 de
746 589 811 616 falso
823 588 945 624 postulati
958 599 1050 626 poenas
1065 590 1196 619 dederunt
1209 612 1216 623 ‚
1237 600 1267 620 ut
1278 603 1345 623 mox
1358 596 1537 627 ostendemus.
1578 603 1619 629 Ac
1634 602 1668 631 de

87 628 255 664 privatorum
269 628 379 665 quidem
393 628 557 664 judiciorum
571 627 762 656 consuetudine
774 627 823 655 hac
835 627 971 656 hactenus.

737 698 762 725 C
788 707 805 725 Α
831 707 855 725 Ρ.
901 699 960 725 XV
971 698 1012 725 11.

361 753 437 799 Qae
446 750 572 801 publica
584 750 704 793 iudicia
713 751 853 796 fuerint,
880 751 952 782 item
965 748 1004 782 de
1019 749 1200 785 criminibus
1217 758 1264 786 (ν’
1276 753 1383 801 poenir.

86 823 240 884 Cognita
248 822 568 859 pa-ivatorumjudrciorum
583 823 687 850 ratione
697 843 705 854 ,
724 823 758 850 de
766 819 868 856 publicis
879 821 1061 861 differendum
1077 822 1121 849 cst.
1152 823 1255 849 Eorum
1270 825 1343 851 enim
1357 823 1438 861 longe
1454 826 1501 854 alia
1517 829 1583 858 ratio
1598 832 1665 865 fuit‚‘

166 870 246 898 quam
256 862 427 896 privatorum.
467 862 564 897 Neque
577 861 649 887 enim
658 880 665 891 ‚
686 868 714 887 ut
726 861 813 896 inquit
825 857 993 896 Justmranus
1005 880 1011 890 ‚
1034 869 1080 895 per
1090 860 1208 887 affiones
1219 862 1342 890 ordinata
1353 861 1427 894 sunt,
1448 874 1534 901 neque
1548 872 1663 898 omniuo

84 897 172 926 simile
186 900 329 936 quidquam
346 908 407 925 curn
421 899 530 934 privatis
542 898 647 933 judiciis
661 897 823 929 habuerunt,
844 906 994 934 magnaque
1007 897 1142 925 diverfitas
1156 908 1250 925 eorum
1267 899 1317 928 fuit
1331 921 1338 931 ‚
1359 902 1386 928 δε
1397 901 1424 927 in
1437 902 1598 933 instituendo
1609 928 1615 937 ,
1635 911 1662 936 &

79 936 111 964 in
124 937 296 964 intendendo.
317 934 417 962 Publica
429 946 494 963 vero
507 936 577 963 dicta
589 935 662 968 sunt,
682 936 754 973 quod
767 936 850 964 cuivis
861 935 876 963 ὲ
889 935 991 972 populo
1005 936 1075 963 aetio
1088 937 1300 972 permitteretur.
1320 939 1559 974 Caeterumjudm'u
1567 944 1664 977 publica

79 973 190 1002 fuerunt
204 975 308 1002 decreta
321 994 328 1003 ,
349 983 405 1011 quae
417 974 451 1001 dc
463 974 620 1001 criminibus
633 994 640 1005 ‚
659 972 786 1012 quaesitore
799 973 889 1010 aliquo
905 974 1038 1009 judicium
1058 982 1199 1001 exercente
1214 995 1221 1005 ‚
1242 975 1344 1009 judices
1359 976 1392 1003 ab
1406 986 1439 1004 eo
1457 980 1511 1006 dati
1524 980 1660 1015 fecerunt,

82 1019 164 1047 prout
179 1011 249 1050 leges
270 1013 302 1040 de
318 1012 424 1049 lingulis
439 1012 595 1040 criminibus
608 1013 799 1049 cognoicendis
811 1012 868 1040 latae
885 1011 1024 1048 jusserunt.
1065 1013 1132 1055 Qae
1146 1020 1176 1039 ut
1188 1011 1291 1047 planius
1304 1014 1486 1052 intelligantur
1504 1018 1538 1045 de
1549 1020 1661 1047 crtminr-

81 1047 126 1075 bus
137 1050 257 1086 primum
273 1053 299 1079 ὃς
311 1050 390 1084 Ριτηιὲῑ
403 1071 410 1082 ,
430 1051 528 1078 deinde
548 1050 582 1078 de
597 1048 763 1088 qualitatibus
779 1071 786 1083 ‚
806 1058 866 1078 tum
883 1050 917 1077 de
929 1048 1055 1084 judrcrbus
1066 1070 1074 1082 ,
1094 1050 1157 1078 inde
1175 1051 1208 1078 de
1221 1050 1379 1089 questionum
1393 1053 1582 1083 exercitiombus
1591 1078 1600 1090 ‚
1621 1059 1661 1087 di-

79 1096 181 1116 cemus.

118 1124 235 1154 Crimina
247 1127 377 1156 maleficia
390 1128 498 1156 fuerunt
512 1148 520 1159 ‚
540 1136 597 1164 quae
615 1135 660 1156 aut
675 1126 796 1156 adversus
814 1126 1007 1163 rempublicam
1022 1126 1164 1154 commiffa
1177 1125 1237 1154 sunt
1249 1147 1256 1158 ‚
1276 1135 1320 1155 aut
1331 1128 1444 1166 populus
1459 1131 1600 1161 Romanus
1615 1136 1660 1163 ad-

80 1163 384 1202 versusrernpublicam
399 1165 539 1193 commiffii
552 1166 733 1197 existimavit,
759 1174 838 1202 atque
855 1166 956 1201 judicio
976 1165 1077 1201 legibus
1099 1164 1244 1192 constituto
1265 1174 1346 1201 poena
1367 1168 1525 1197 vindicanda
1545 1174 1658 1206 putavit.

79 1201 173 1238 ltaque
184 1213 240 1231 non
252 1203 337 1231 solum
351 1203 445 1241 injuria
452 1204 648 1239 fiic'lasenatui‚
671 1213 715 1232 aut
732 1205 847 1240 populo,
867 1212 911 1231 aut
919 1203 1127 1240 magistratibus:
1147 1202 1190 1231 scd
1202 1204 1284 1231 etiam
1298 1205 1432 1232 nounullae
1444 1208 1556 1242 privatis
1570 1209 1657 1243 illatae,

72 1238 385 1275 publicorumjudniorum
397 1243 497 1278 legibus
513 1242 711 1278 comprehensae
725 1241 792 1269 suut.

120 1278 262 1312 Reipublicae
280 1281 384 1307 directo
395 1279 470 1314 fizc72
482 1281 606 1307 dicuntur
619 1301 627 1311 ‚
648 1289 677 1308 ut
690 1280 709 1307 fi
723 1281 780 1316 quis
796 1280 962 1315 majestatem
983 1278 1074 1314 populi
1089 1279 1228 1312 Romani,
1249 1288 1294 1308 aut
1309 1281 1511 1318 magistratuum
1527 1285 1584 1320 ejus
1603 1288 1656 1314 mi-

77 1314 188 1347 unisset,
208 1317 340 1353 publicam
354 1339 361 1349 ‚
381 1318 515 1345 sacramve
526 1320 666 1353 pecuniam
680 1317 813 1345 avertisset
824 1339 831 1349 ,
852 1317 943 1354 populi
955 1316 1075 1353 suffragia
1088 1316 1197 1344 honoris
1215 1317 1373 1355 adipiscendi
1386 1321 1471 1356 gratia
1482 1324 1653 1359 corrupiffet‚

75 1350 162 1380 socios
173 1354 316 1390 spoliasset,
335 1364 380 1383 aut
392 1356 533 1392 pecuniam
546 1356 581 1383 ob
592 1356 765 1392 judicandum
781 1356 900 1392 cepiffet‚
922 1355 1002 1382 armis
1012 1355 1194 1392 magistratum
1204 1374 1210 1384 ,
1232 1365 1276 1383 aut
1287 1358 1421 1392 privatum
1437 1360 1578 1396 coegiffet,
1595 1371 1652 1399 quae

75 1391 190 1419 crimina
204 1394 368 1429 appellarunt
382 1394 537 1430 majestatis,
553 1394 697 1428 peculatus,
717 1392 840 1425 ambitus,
861 1393 1072 1427 repetunzimum,
1096 1395 1123 1421 &
1137 1394 1174 1420 vis
1189 1393 1307 1429 publicae.

73 1456 76 1458 ,
113 1428 230 1457 Frivam
241 1431 322 1459 facias
335 1433 368 1460 ad
382 1432 408 1459 ie
420 1433 554 1468 pertinere
566 1432 679 1468 populus
693 1432 865 1462 existimavit,
884 1431 903 1458 fi
916 1431 974 1468 quis
986 1430 1127 1458 hominem
1141 1431 1196 1458 telo
1211 1431 1360 1463 occidisset,
1380 1432 1399 1460 fi
1412 1443 1517 1462 veneno
1528 1438 1651 1470 necasset,

74 1464 93 1493 fi
104 1468 258 1503 parentibus
276 1480 388 1498 manum
399 1470 525 1498 intuliffet
537 1490 545 1501 ,
567 1470 585 1497 fi
598 1470 691 1497 falsum
705 1470 913 1499 testamentum,
934 1467 1062 1495 falsumve
1080 1478 1228 1496 nummum
1241 1469 1341 1497 fecisset
1352 1490 1359 1500 ‚
1381 1471 1399 1497 fi
1413 1481 1526 1500 uxorem
1543 1474 1653 1504 alterius

73 1506 229 1541 corrupisset
240 1528 247 1538 ‚
268 1507 287 1535 fi
300 1507 406 1536 servum
423 1507 540 1534 alienum
553 1514 599 1535 aur
612 1507 717 1535 celasset
729 1527 737 1538 ‚
757 1514 801 1534 aut
817 1505 939 1534 vinxisset
950 1526 958 1537 ,
981 1515 1025 1533 aut
1038 1506 1143 1545 emiffet
1157 1506 1240 1534 sciens
1255 1527 1261 1537 ‚
1282 1506 1410 1536 insciente
1423 1510 1538 1537 domino
1553 1533 1560 1543 ‚
1580 1517 1652 1541 unde

73 1540 129 1569 haec
140 1544 245 1572 crimina
257 1555 359 1574 nomen
370 1552 530 1582 acceperunt
543 1566 550 1577 ‚
572 1546 642 1574 inter
657 1545 761 1573 ficarios
775 1565 781 1575 ,
801 1541 912 1578 veneficsi
924 1563 932 1573 ‚
946 1543 1094 1577 parractdii,
1108 1543 1183 1582 fitfi,
1203 1544 1337 1576 adultera,
1352 1545 1440 1582 plagii.
1480 1549 1554 1585 Qu
1567 1552 1650 1580 etiam

74 1587 236 1617 quaecunque
248 1593 311 1612 cum
323 1584 441 1620 privatos
454 1585 630 1620 attingerent,
651 1584 686 1611 de
697 1585 727 1611 iis
741 1583 913 1619 quaestionem
928 1581 1062 1620 publicam
1075 1583 1198 1615 constitui
1214 1582 1271 1619 lege
1287 1582 1372 1619 aliqua
1385 1585 1540 1618 voluerunt,
1562 1596 1591 1614 ea
1598 1598 1650 1624 pro

73 1617 232 1646 criminibus
243 1620 331 1648 habita
341 1621 414 1653 sunt,
434 1628 464 1648 ut
476 1621 688 1656 circumscriptio
700 1620 863 1657 pupillorum
875 1619 928 1656 lege
939 1623 1058 1651 Latona,
1078 1620 1111 1647 de
1118 1629 1169 1657 qua
1182 1624 1265 1647 Cacero
1278 1622 1312 1648 de
1325 1630 1417 1650 natura
1428 1624 1564 1651 Deorum:
1580 1626 1647 1656 Inde

71 1653 203 1690 judicium
217 1658 353 1693 publicum
369 1660 407 1685 rei
418 1659 526 1694 privatae
537 1658 588 1695 lege
600 1662 715 1685 Latona.

111 1694 150 1722 Ut
161 1703 251 1723 autem
265 1706 320 1724 non
332 1697 425 1724 omnia
437 1705 529 1723 rerum
542 1697 704 1732 privatarum
718 1697 814 1732 judicia
827 1697 929 1732 privata
941 1696 1050 1724 fuerunt
1060 1717 1068 1729 ‚
1089 1696 1123 1723 fic
1137 1705 1193 1724 non
1207 1696 1300 1724 omnia
1316 1697 1343 1724 in
1355 1698 1450 1734 quibus
1470 1700 1573 1729 crimen
1589 1711 1648 1730 ver-

68 1728 155 1759 satum
172 1734 209 1760 est
222 1754 229 1765 ,
250 1734 358 1762 fuerunt
373 1735 477 1770 publica
491 1745 496 1761 :
517 1733 561 1761 sed
575 1743 604 1761 ea
615 1735 728 1762 denium
743 1755 750 1765 ,
771 1744 827 1771 quae
840 1734 940 1770 legibus
953 1734 1118 1770 publicarum
1132 1736 1307 1772 quaestionum
1320 1734 1379 1765 suut
1392 1737 1548 1770 constituta,
1570 1741 1643 1777 quod

69 1768 150 1797 docet
164 1775 250 1797 Μιιεεν
263 1772 331 1800 libro
344 1774 436 1808 primo
455 1773 488 1799 de
504 1772 609 1807 judiciis
621 1771 741 1808 publicis.
781 1773 920 1811 Qoniam
934 1781 1024 1800 autem
1040 1772 1120 1801 causse
1137 1773 1249 1809 publicae
1267 1774 1370 1801 crimen
1387 1773 1474 1802 Ferme
1495 1778 1643 1814 complexae

67 1805 141 1841 sunt,
163 1808 225 1836 hinc
236 1819 336 1838 nomen
351 1811 432 1838 etiarn
445 1809 616 1836 mminalmm
629 1811 798 1838 invenerunt.

105 1846 269 1875 Criminibus
283 1849 341 1884 iplis
353 1848 462 1884 adjungi
476 1847 555 1874 debet
567 1848 701 1881 dgsputatzo
713 1849 744 1874 de
752 1847 847 1881 pinis,
867 1847 961 1884 quibus
975 1849 1027 1885 ipsa
1042 1851 1154 1878 crimina
1167 1850 1299 1877 vindicata
1313 1849 1380 1877 sunt.
1400 1853 1540 1879 Paenarum
1548 1862 1640 1883 autem

59 1892 157 1919 genera
175 1894 206 1912 ex
218 1886 378 1915 authoritate
390 1885 469 1913 Tudri
481 1885 532 1912 σεῖο
546 1886 664 1921 prodidit
676 1884 792 1924 fiximus,
815 1888 945 1914 daiiznum
956 1908 964 1920 ,
985 1889 1090 1916 vincula
1102 1909 1109 1920 ‚
1131 1888 1240 1915 verbera
1251 1908 1258 1918 ,
1279 1888 1406 1914 talionem
1415 1908 1423 1919 ‚
1444 1890 1640 1925 ignominiam.

65 1921 176 1949 exilium
188 1943 196 1954 ‚
216 1922 370 1952 serritutem
383 1946 392 1956 ‚
413 1926 440 1952 &
456 1932 576 1950 mortem
589 1945 596 1955 ,
616 1933 728 1960 quarum
742 1924 798 1952 ali-2
809 1924 879 1951 bona
892 1924 1011 1952 laeserunt
1024 1946 1031 1957 ‚
1058 1935 1087 1953 ut
1105 1926 1229 1952 damnum
1243 1936 1248 1951 :
1270 1925 1324 1952 alix
1338 1935 1433 1961 corpus
1447 1947 1454 1958 ‚
1477 1936 1505 1955 ut
1518 1930 1617 1958 ramula
1626 1951 1634 1964 ‚

66 1958 184 1991 verbera,
205 1961 316 1989 &talioe
335 1963 388 1990 aliae
400 1962 455 1998 jus,
476 1969 504 1988 ut
515 1960 665 1998 ignominia,
684 1961 804 1993 exilmm,
828 1964 853 1990 ὃῑ
860 1964 983 1995 firi-nus:
1005 1963 1059 1989 aliae
1075 1964 1174 1993 vitam,
1196 1971 1224 1989 ut
1237 1972 1311 1988 mors.

75 2018 78 2019 γ
105 1998 246 2025 Damnum
259 1999 310 2026 alio
322 2001 433 2027 nomine
442 1999 538 2026 malea
551 1999 587 2026 est
599 1999 677 2025 dieta.
698 1999 797 2026 Mut‘c‘r'a
810 1999 936 2026 Sabinum
947 2000 1106 2027 vocabulum
1120 2000 1181 2031 fuit,
1203 2009 1285 2038 eaque
1299 2002 1324 2026 in
1333 2001 1428 2029 ovibus
1442 2002 1560 2032 &bobus
1574 2007 1639 2034 aesti.

64 2036 145 2062 matis
157 2037 285 2068 constitit,
305 2038 399 2074 quibus
408 2039 501 2073 primis
514 2036 682 2073 temporibus
695 2037 768 2064 ltalia
781 2037 933 2064 abundavit.
955 2038 1047 2074 ltaque
1055 2037 1178 2065 utscribit
1189 2038 1299 2074 Agellum
1308 2038 1353 2066 lib.
1366 2049 1373 2066 1
1384 2050 1406 2068 1.
1427 2042 1556 2078 Suprema
1568 2044 1637 2072 mul-

64 2072 107 2100 &a
122 2083 177 2102 erat
189 2075 300 2104 duarum
315 2077 408 2103 ovium
423 2078 448 2104 ὅ(
462 2076 572 2112 triginta
587 2075 686 2106 boum,
707 2083 756 2110 pro
770 2076 847 2111 copia
860 2074 958 2102 scilicet
972 2074 1055 2103 boum
1066 2096 1072 2106 ,
1094 2077 1235 2111 &penuria
1249 2076 1352 2103 ovium.
1372 2079 1421 2105 Sed
1433 2088 1494 2106 cum
1503 2081 1638 2116 eju.inodi

63 2111 291 2148 mulctapecoris,
309 2114 476 2150 armentique
491 2124 503 2140 a
518 2113 711 2151 magistratibus
723 2113 792 2140 dieta
801 2121 869 2143 erat,
889 2112 1215 2144 addicebanturbovcsffli
1223 2113 1301 2150 esque
1308 2114 1368 2141 alias
1378 2119 1555 2154 pretiiparvi,
1573 2120 1637 2148 alias

63 2150 176 2186 majoris
191 2172 198 2182 ,
220 2161 301 2188 eaque
315 2162 354 2179 res
366 2152 476 2180 iaciebat
490 2152 645 2188 inaequalem
661 2151 765 2178 mulctae
778 2152 946 2186 punitionem
960 2172 969 2183 ,
991 2152 1092 2179 idcirco
1105 2152 1193 2187 postea
1211 2151 1263 2189 lege
1276 2152 1368 2179 Atveria
1382 2156 1518 2184 constituti
1532 2156 1590 2186 lunt
1604 2160 1632 2187 in

63 2195 128 2215 oves
142 2188 252 2226 lingulas
264 2190 319 2216 acris
329 2191 388 2217 deni
408 2191 435 2216 in
445 2190 540 2221 boves,
555 2192 611 2217 aeris
621 2190 735 2217 centeni.
761 2194 872 2216 thma
881 2199 945 2216 vero
952 2188 1047 2215 mulda
1060 2190 1173 2217 ruitovis
1185 2199 1267 2217 uniuS.
1288 2192 1403 2227 Qando
1416 2201 1504 2221 autem
1519 2194 1532 2221 a
1549 2198 1634 2234 magi.

58 2224 181 2258 ‚stratibus
191 2227 281 2264 populi
292 2228 407 2254 Romani
418 2237 495 2254 more
503 2229 637 2263 majorum
646 2227 741 2254 multia
755 2227 904 2256 dicebatur,
926 2227 967 2254 vel
978 2237 1086 2254 mamma
1095 2247 1102 2256 ,
1123 2228 1303 2261 velsuprema:
1323 2228 1456 2258 observari
1468 2231 1580 2265 solebat,
1602 2242 1632 2262 ut

62 2272 126 2291 oves
135 2274 232 2301 genere
246 2266 312 2293 virili
322 2265 529 2301 appellarentur,
548 2274 627 2302 atque
639 2266 675 2294 ita
688 2270 727 2292 M.
738 2270 813 2292 Varro
826 2265 880 2291 haec
892 2264 1012 2301 legitima
1030 2266 1108 2292 verba
1120 2285 1127 2296 ,
1147 2267 1240 2303 quibus
1253 2265 1361 2294 minima
1377 2269 1471 2296 mulcta
1484 2272 1630 2304 dicemur,

62 2305 198 2339 concepit:
214 2306 254 2331 M.
263 2305 420 2337 Terentius,
435 2304 541 2340 quando
548 2304 641 2332 citatus
653 2313 739 2341 neque
747 2303 896 2339 respondit,
910 2312 996 2340 neque
1010 2303 1143 2331 excusatus
1155 2305 1204 2335 est,
1226 2313 1277 2341 ego
1285 2305 1308 2331 ei
1317 2314 1396 2332 unam
1404 2316 1483 2334 oven,
1500 2310 1630 2337 mulc'mm

61 2339 135 2368 dico:
156 2351 186 2369 ac
198 2341 245 2369 nisi
259 2351 292 2369 eo
305 2351 402 2378 genere
413 2341 560 2373 diceretur,
580 2349 744 2378 negaverunt
775 2341 870 2377 justam
886 2342 969 2368 videri
985 2341 1124 2369 muletam.
1144 2344 1208 2369 Haec
1220 2352 1252 2369 ex
1264 2346 1386 2371 Varrone
1398 2346 1517 2382 Ageslms.
1543 2348 1631 2378 Fenus

9 2365 15 2386 ἒ
60 2385 152 2409 autem
164 2381 214 2410 ita:
234 2380 360 2410 Mulc‘i‘am
374 2379 437 2421 Osci
449 2380 501 2408 dici
511 2386 606 2417 putant
612 2388 713 2415 pamm
725 2379 868 2419 quandam.
898 2380 938 2406 M·
948 2382 1035 2409 Varro
1047 2380 1098 2414 ait,
1117 2389 1228 2418 poenam
1241 2380 1306 2416 effe,
1325 2381 1369 2410 sed
1382 2385 1576 2420 pecuniarssam,
1596 2387 1631 2414 de

892 2418 986 2446 Rrrr
1580 2433 1633 2462 qun

97 173 185 204 Item:
204 175 258 202 Hoc
269 169 349 200 edim
364 179 480 205 tenetur,
498 170 547 211 qui
557 181 606 199 non
618 169 733 206 depeHas
746 169 788 206 est.
807 171 932 204 Depefim
945 179 1034 200 autem
1049 173 1147 201 dicitur
1162 175 1276 211 turpiter
1287 178 1394 214 paetus,
1413 177 1497 206 cicero
1509 188 1560 217 pro
1574 182 1686 214 Milone.

1700 1982 1865 2051 ,ἱ
