2075 2734
56 400 65 405 ,
89 386 140 403 tem
155 381 180 404 ἃ
199 379 302 404 liberum
314 378 441 411 imperium
454 384 524 408 penes
537 377 682 401 metatorem
695 376 776 404 fuilse,
793 379 862 408 igno-

460 76 1299 111 DesinivuRouiNa
1622 91 1678 128 387

93 130 150 152 nexa
162 131 190 151 ex
203 125 279 158 aliqua
292 130 354 158 parte
366 122 731 156 cumargumentocohaerebunr.
740 124 867 156 quodcum
895 129 952 156 cum
967 122 1052 150 Caesar,
1070 129 1121 149 tum
1136 125 1174 159 alii
1188 126 1259 151 multi
1266 127 1346 160 legem
1353 129 1679 162 anteposuerintsenatuscon-

93 159 191 185 faciam,
208 165 258 182 non
276 159 378 181 omuino
398 157 459 181 mihi
472 156 571 180 videbor
582 155 692 179 aberrare.
723 155 766 178 Sed
778 157 866 187 reliqua
899 155 975 190 lulton,
993 156 1076 186 quaerit
1094 158 1224 188 quilpiam:
1241 159 1407 191 respondetur,
1427 164 1481 193 quia
1495 167 1634 190 exeuntibus
1650 169 1676 193 in

93 190 268 222 persequamur.
284 188 486 213 senatusconsulto
509 187 590 211 otcstas
598 187 640 210 uni
647 187 865 218 permittebaturab-
900 188 1030 217 provincias
1042 188 1171 218 imperium
1186 196 1277 214 tamum
1291 191 1487 218 senatusconsulto
1499 196 1592 221 dabatur
1601 216 1608 225 ,
1624 200 1676 231 lege

93 221 182 248 solim,
198 228 253 245 cum
267 221 412 245 Diaatorem
426 220 473 243 dici
495 225 572 242 enatus
585 217 683 254 iubebat·
692 226 760 254 nam,
774 219 815 242 etsi
824 220 864 243 Di-
899 225 975 241 amem
989 218 1056 242 fimul
1070 226 1124 243 cum
1136 221 1240 252 imperio
1253 221 1367 254 sumptus.
1383 226 1437 256 quis
1445 233 1515 257 porro
1529 228 1582 251 css‘er
1595 237 1632 253 aut
1645 233 1676 256 ιιι

93 253 206 277 statorem
220 261 270 276 non
284 252 372 276 senatus
384 251 433 283 ipse
444 251 544 277 creabat,
562 248 642 275 sedis,
659 257 701 281 qur
708 249 813 274 summus
821 258 866 274 erat
896 248 977 272 stultus
986 266 996 284 ³.
1009 257 1034 273 ut
1047 252 1176 276 exercitum
1189 254 1248 277 alere
1261 254 1290 278 de
1303 256 1344 279 suo
1359 257 1440 281 vellet:
1459 265 1497 282 aut
1510 261 1540 282 ita
1547 261 1674 290 opulentus

90 285 118 309 in
132 284 194 309 Urbe
204 284 359 316 magistratus:
375 290 467 310 tamen,
484 282 705 314 quizDiCkatorem‚
718 283 865 314 quidieebar,
896 287 922 303 ut
939 282 1026 312 postet-²
1044 282 1099 305 hinc
1117 285 1210 312 evenit,
1228 292 1253 308 ut
1272 289 1302 310 D.
1315 289 1411 315 Brutus,
1429 290 1509 314 Gallia:
1523 292 1646 322 Cisalpinae
1656 294 1672 317 a

90 316 186 340 dicendi
198 317 335 348 potestatem
346 314 359 339 Ξι
372 315 450 339 senatu
462 312 600 344 accipiebat,
616 312 816 338 senatusconsulto
823 317 864 338 Di·
893 311 972 336 senatu
984 313 1117 344 przfedhs,
1134 315 1197 347 supra
1209 319 1498 351 H.S.quadringentiesiu
1505 322 1618 353 stipendia
1626 326 1672 349 mi-

90 348 204 372 statorem
216 348 394 375 fuiffedissum,
411 345 676 377 poffumusintelligere.
693 348 818 370 Summum
826 355 864 370 au·
893 344 964 368 lirum
975 346 1004 368 de
1016 343 1056 368 suo
1069 348 1181 382 erogarit:
1200 349 1267 385 quod
1280 350 1329 381 ipsc
1343 352 1368 375 in
1381 352 1482 383 quadam
1489 354 1585 386 epistola
1593 355 1620 379 ad
1629 358 1670 380 Ci-

893 382 1006 400 ceronem
1023 384 1137 408 queritur.
1153 387 1302 410 provinciam
1314 383 1381 406 enim
1394 383 1491 409 habebat
1505 393 1554 409 non
1568 387 1620 418 lege
1632 395 1672 412 cu-

892 408 962 444 riata,
980 416 1031 440 quae
1045 409 1155 439 praefectis
1168 413 1342 442 provinciarum
1355 416 1381 438 ad
1390 416 1484 440 alendos
1491 418 1580 441 milites
1587 420 1670 450 ssipen—

892 439 933 475 dra
943 440 973 463 de
986 440 1089 476 publico-
1098 442 1177 469 dabat,
1196 443 1234 467 sed
1246 443 1461 474 senatusconsulto,
1479 456 1528 479 quo
1540 451 1669 482 imperium

911 471 1006 507 uidem,
1023 471 1061 495 sed
1075 476 1121 496 line
1133 473 1251 505 stipendio
1265 476 1366 501 dabatur.
1379 486 1448 506 nam,
1466 487 1520 504 cum
1528 481 1671 507 senarusCae-

891 509 942 537 ⁴aris
954 504 1142 539 interfectoribus
1155 510 1255 534 ravenn,
1272 511 1374 539 populus
1386 510 1413 533 ab
1423 513 1528 535 Antonio
1540 516 1668 539 concitatus

889 533 993 571 infensus
1011 535 1077 558 eslet:
1096 539 1190 564 Brutus,
1208 539 1267 562 iram
1281 542 1363 571 populi
1377 542 1474 569 timens,
1488 543 1602 575 desperata
1614 547 1667 578 lege

888 572 992 602 currata3
1004 574 1058 603 cum
1071 575 1100 590 eo
1113 575 1204 592 tantum
1216 571 1328 602 imperio⁷
1352 574 1416 603 quod
1430 574 1441 596 a
1456 576 1533 599 lenatu
1541 584 1665 608 acceperat,

888 604 912 621 iu
926 605 1073 629 provmczam
1087 607 1184 630 propere
1198 601 1322 634 abiir.lege
1329 611 1405 627 autem
1413 606 1510 630 eandem
1520 611 1666 637 provinciam

889 636 939 652 non
958 631 1035 666 multo
1049 631 1099 666 post
1113 633 1221 655 Antonio
1234 633 1327 658 Caesaris
1340 643 1445 660 mortem
1462 639 1609 671 persequenti
1623 649 1668 672 po-

891 662 959 697 pulus
977 662 1081 686 tradidit.
1099 670 1125 686 ut
1142 665 1230 688 eodem
1243 672 1351 698 tempore
1364 669 1462 692 candem
1477 673 1624 701 provinciam
1638 674 1663 697 &t

890 695 1015 721 Decimus,
1031 695 1056 718 δε
1077 697 1210 723 Antonius,
1227 697 1282 721 alter
1301 697 1498 725 senatusconsulto
1512 719 1518 729 ‚
1536 704 1593 727 alter
1611 705 1665 735 lege

889 724 988 749 haberet.
1006 726 1115 749 omniuo
1129 729 1276 757 provinciam
1288 729 1340 762 lege
1353 730 1436 755 habere
1449 740 1521 757 nemo
1534 736 1663 767 potuitqui

887 757 998 781 noluerit.
1015 757 1145 781 militarem
1157 761 1223 783 enim
1236 768 1287 785 rem
1301 765 1415 794 attingere
1428 764 1475 788 fine
1489 766 1540 796 lege
1553 783 1560 793 ,
1579 767 1603 790 id
1617 768 1663 795 est,

886 787 935 811 fine
948 790 1058 820 pecunia,
1076 797 1147 821 quam
1160 791 1286 819 lexdabar,
1304 795 1445 825 quilrceret?
1466 804 1535 824 nam,
1555 798 1664 830 etliApp.

887 821 1015 847 Claudius,
1034 821 1109 844 Publii
1122 821 1205 849 frater,
1223 824 1286 850 ejus,
1303 827 1345 855 qui
1359 833 1413 850 curn
1433 829 1549 851 Cicerone
1563 832 1663 860 gravllli-

885 858 935 875 mas
953 853 1091 876 inimicitias
1101 853 1187 888 gestit,
1204 856 1293 878 iturum
1313 857 1336 880 se
1354 857 1378 880 in
1392 860 1536 888 provinciam
1551 860 1596 884 tine
1610 863 1662 892 lege

884 881 926 905 suo
940 882 1035 915 sumptu
1045 885 1210 910 continuabat:
1228 886 1268 916 (fic
1280 889 1346 912 enim
1357 890 1431 913 rzibus
1438 890 1542 920 epistolis
1551 908 1557 917 ‚
1567 893 1593 916 ad
1602 895 1661 916 Len-

883 915 961 939 tulum
969 933 985 951 ,·
994 916 1021 939 ad
1034 917 1153 944 Atticum,
1173 917 1200 941 ad
1212 917 1321 947 fratrem,
1338 919 1424 950 scriplit
1436 923 1530 951 Cicero)
1539 930 1616 948 tamen
1624 924 1657 951 id,

884 954 934 970 uon
946 954 1001 978 quia
1013 949 1092 979 legem
1099 955 1275 977 contemneret,
1291 952 1420 982 cogitabat,
1429 953 1468 976 sed
1475 955 1530 985 quia
1537 961 1660 983 vereretur,

883 985 913 1013 ne
925 978 1022 1010 perferri
1034 987 1083 1003 non
1097 979 1171 1011 poss‘et
1183 998 1190 1007 ,
1211 982 1294 1013 aliquo
1307 982 1348 1007 fibi
1361 985 1462 1008 inimico
1475 986 1571 1009 tribuno
1585 988 1660 1018 plebis

882 1011 1048 1046 intercedente.
1065 1019 1120 1035 narn
1133 1013 1190 1043 legis
1203 1014 1317 1044 cupidum
1331 1015 1397 1039 fuiss'e
1406 1033 1412 1041 ‚
1430 1016 1532 1040 indicant
1546 1019 1584 1041 illa
1593 1019 1662 1043 verba

881 1043 907 1065 in
920 1043 1015 1073 epistola
1029 1042 1056 1066 ad
1069 1046 1198 1067 Lentulum
1211 1047 1274 1069 Fam.
1287 1054 1306 1070 t.
1315 1054 1338 1072 9.
1355 1047 1403 1076 Sese
1416 1064 1422 1073 ,
1435 1049 1457 1079 fi
1467 1050 1552 1071 lienum
1566 1052 1614 1078 effer
1627 1054 1659 1074 le-

882 1081 929 1103 gem
946 1077 1054 1097 curia'am
1066 1076 1139 1102 serre,
1151 1077 1285 1104 sbrtr'turum
1303 1080 1342 1108 este
1361 1087 1410 1101 cum
1428 1081 1502 1110 cossega
1512 1088 1658 1112 provinciam,

882 1112 960 1136 eoque
978 1107 1060 1129 clarius
1079 1107 1104 1129 id
1123 1107 1211 1130 constat
1229 1109 1296 1139 quia,
1318 1110 1372 1132 licet
1391 1112 1480 1142 Appius
1493 1113 1582 1136 iturum
1597 1113 1618 1136 se
1632 1115 1658 1139 in

881 1138 1027 1171 provinciam
1041 1137 1088 1161 sine
1098 1139 1149 1167 lege
1157 1138 1198 1162 suo
1205 1138 1299 1170 sumptu
1306 1140 1429 1165 distitass'et
1437 1159 1443 1169 ‚
1461 1150 1509 1166 non
1518 1144 1561 1167 ivit
1569 1151 1658 1173 tamen,

882 1169 920 1192 led
937 1169 991 1200 lege
1009 1170 1092 1199 perlata
1111 1171 1241 1201 imperium
1261 1172 1273 1195 a
1287 1173 1376 1203 populo
1389 1174 1546 1205 &pecuniam
1561 1179 1656 1208 accepit.

882 1200 943 1224 unde
955 1201 1053 1230 conjicis
1066 1202 1127 1228 hoe,
1143 1202 1223 1233 inquit
1236 1204 1333 1235 aliquis.²
1352 1205 1406 1236 quia
1419 1205 1521 1230 reversus
1531 1206 1545 1231 e
1558 1210 1655 1239 provin-

880 1233 914 1255 cia
927 1233 1075 1264 triumphum
1091 1234 1169 1265 petiit:
1188 1234 1255 1262 licet,
1273 1235 1386 1260 accusatus
1397 1236 1410 1260 a
1425 1238 1560 1266 Dolabella,
1579 1240 1655 1265 statim

880 1265 1188 1295 triumpliipostulationem
1201 1266 1228 1289 ad
1236 1267 1354 1291 vitandam
1366 1268 1483 1293 invidiam
1497 1269 1611 1299 abiecerit.
1630 1274 1656 1296 iu

880 1296 1026 1327 provinciam
1045 1303 1122 1320 aurem
1141 1296 1189 1320 fine
1200 1298 1254 1328 lege
1267 1298 1390 1330 profeffis,
1408 1301 1556 1332 triumphum
1567 1302 1656 1334 sperare

880 1335 928 1350 non
940 1327 1033 1352 licebat.
1050 1329 1091 1359 qui
1105 1328 1187 1359 probas
1199 1328 1259 1356 hoc,
1278 1330 1357 1361 inquit
1370 1331 1450 1355 idem?
1468 1334 1583 1358 nimirum
1593 1335 1655 1359 restis

877 1359 1004 1390 locupletis
1022 1360 1175 1387 authoritate,
1192 1361 1260 1389 huius
1278 1362 1376 1393 inquam
1396 1363 1482 1387 nostri:
1499 1364 1528 1388 fic
1546 1368 1612 1390 enim
1626 1368 1653 1391 ad

881 1391 985 1414 Atticum
997 1390 1076 1414 scribit
1082 1393 1120 1415 lV.
1131 1395 1167 1414 16.
1185 1394 1289 1415 Pontinus
1296 1396 1348 1416 vult
1354 1397 1429 1419 ale.
1439 1398 1564 1426 ‘NomNo-rt.
1572 1405 1655 1421 trrttm-

875 1425 948 1452 phare.
962 1424 1012 1444 huic
1024 1422 1112 1445 obviam
1125 1425 1188 1450 Cara,
1205 1422 1232 1446 6‘·
1246 1426 1356 1447 sermlrm
1368 1433 1467 1458 pretores
1478 1435 1562 1457 aperte,
1582 1429 1656 1463 &Q

877 1455 968 1476 Mucius
981 1453 1095 1476 tribuum:
1112 1461 1189 1483 negant
1200 1457 1258 1478 enim
1267 1457 1338 1478 latum
1351 1458 1376 1479 de
1389 1460 1491 1489 imperio:
1510 1458 1535 1481 (ῥ’
1544 1461 1570 1489 ‘ss
1578 1462 1651 1485 latrum

876 1486 960 1507 hercule
972 1486 1057 1513 insulse.
1075 1487 1167 1508 Omnes
1179 1485 1240 1513 fere,
1259 1487 1284 1510 in
1298 1488 1430 1517 provincias
1437 1491 1537 1518 exituri,
1555 1492 1582 1514 ad
1592 1492 1655 1517 sena-

875 1516 1047 1539 tusconsultum
1059 1516 1138 1547 legem
1151 1516 1320 1548 adjungebant:
1340 1526 1365 1541 ιιι
1378 1518 1445 1547 esset,
1463 1522 1525 1545 unde
1539 1523 1654 1554 stipendia

875 1547 1012 1578 legionibus
1024 1547 1196 1578 persolverent,
1214 1548 1300 1581 quibus
1314 1557 1364 1574 non
1376 1552 1452 1581 ruodo
1464 1552 1539 1577 socios
1552 1554 1578 1578 ab
1592 1556 1654 1583 iniu-

874 1580 906 1602 ria
924 1579 1080 1603 finitimarum
1099 1580 1208 1610 gentium
1225 1588 1346 1605 tuerentur
1358 1599 1365 1610 ,
1383 1582 1421 1606 sed
1434 1584 1492 1614 ipsas
1504 1587 1575 1610 etiam
1589 1589 1652 1612 ultro

874 1611 994 1634 interdum
1001 1610 1065 1634 bello
1072 1618 1184 1642 peterent.
1192 1612 1392 1638 occationesenim
1401 1617 1528 1646 pugnandi,
1535 1620 1652 1644 uttrium-

875 1643 915 1672 phi
934 1644 1068 1668 materiam,
1086 1643 1157 1666 multi
1175 1645 1314 1674 quaerebant.
1333 1647 1553 1676 senatusconsulto,
1571 1658 1652 1680 prate:

873 1673 953 1696 datum
965 1674 1095 1704 imperium
1108 1690 1115 1700 ‚
1134 1674 1207 1698 eriam
1218 1675 1324 1706 regendae
1338 1678 1464 1707 provincia
1478 1685 1570 1711 tempus
1577 1682 1649 1707 video

872 1705 1011 1728 definitum:
1028 1704 1142 1736 idemque
1153 1706 1219 1738 lege,
1235 1714 1290 1730 cum
1297 1714 1326 1730 ex
1333 1708 1532 1734 senatusconsulto
1539 1711 1646 1742 ferretur,

870 1737 1044 1760 confirmatum.
1061 1736 1162 1768 spatium
1174 1739 1318 1762 autemillud
1325 1747 1372 1763 erat
1379 1748 1495 1765 annuum:
1515 1743 1600 1775 dequo
1608 1753 1649 1770 ve-

871 1775 906 1792 tus
918 1769 956 1791 lex
968 1769 1104 1799 Sempronia
1116 1768 1225 1793 sanxerat.
1243 1769 1280 1794 sed
1288 1771 1540 1805 Cazsariconrralegem
1548 1778 1648 1803 Gracchi

871 1801 895 1823 in
908 1800 1100 1832 quinquennium
1114 1800 1204 1825 decreta
1217 1802 1322 1833 primum
1336 1805 1410 1828 Gallia
1420 1804 1465 1832 est,
1484 1808 1605 1832 mox&iu
1613 1810 1646 1833 al-

871 1839 946 1856 ierum
960 1832 1154 1863 quinquennium
1166 1832 1365 1858 senatusconsulto
1379 1844 1402 1859 ac
1414 1837 1466 1867 lege
1478 1845 1609 1870 prorogata.
1620 1842 1646 1865 δε

870 1870 894 1887 ιιι
904 1864 930 1887 in
943 1863 1170 1894 stipendiamilitum
1184 1866 1255 1889 aerarii
1269 1867 1390 1896 pecuniam
1403 1868 1492 1892 senatus
1504 1871 1596 1902 elargiri
1608 1873 1646 1896 iu·

869 1895 926 1923 juffu
939 1896 1023 1926 populi
1037 1903 1086 1918 non
1099 1903 1200 1926 poterat:
1219 1896 1248 1920 fic
1259 1905 1336 1929 neque
1349 1899 1378 1922 de
1391 1901 1462 1930 agris,
1481 1909 1558 1932 neque
1571 1903 1600 1927 de
1610 1912 1649 1928 ur-

869 1927 938 1950 bibus
955 1927 1092 1956 legitimum
1106 1928 1140 1954 jus
1153 1928 1257 1952 habebat.
1269 1930 1324 1952 ideo
1337 1931 1494 1955 Thermitanis
1510 1936 1604 1965 populis
1617 1938 1644 1961 in

868 1959 958 1984 Sicilia,
976 1959 1041 1989 quod
1060 1957 1150 1990 semper
1169 1960 1194 1982 in
1208 1961 1310 1983 amicitia
1323 1961 1417 1992 fideque
1430 1964 1574 1993 manfiffent,
1592 1975 1643 1992 non

868 1990 957 2012 senatus
970 1989 1017 2013 fine
1030 1991 1118 2020 populo
1131 1990 1211 2017 urbes,
1228 1999 1294 2022 agros
1303 2009 1308 2018 ,
1325 1993 1553 2026 legesquereddidit,
1564 1999 1603 2023 led
1611 1998 1644 2023 se-

868 2028 934 2044 natus
946 2021 1044 2052 quidem
1057 2020 1160 2049 censuit,
1177 2025 1278 2054 populus
1290 2031 1366 2048 autem
1375 2026 1441 2054 juffit.
1461 2028 1643 2060 vestigaletiam

867 2053 937 2077 vistis
950 2053 1013 2076 bello
1027 2053 1148 2084 gentibus,
1165 2062 1215 2078 non
1228 2055 1276 2078 slne
1288 2057 1378 2088 populo
1389 2057 1477 2081 senatus
1489 2060 1642 2091 imponebat:

67 2085 136 2109 modi
150 2084 216 2109 suiffe
229 2086 279 2108 illas
290 2084 392 2111 constat,
410 2092 465 2117 quas
476 2084 569 2108 diverfis
580 2085 727 2114 temporibus
739 2084 838 2109 auibus
867 2084 979 2115 scriptum
991 2084 1023 2108 est
1035 2086 1100 2108 enim
1109 2102 1115 2111 ‚
1131 2087 1288 2110 Mamertinos
1295 2090 1417 2119 pecuniam
1425 2098 1452 2113 ex
1461 2093 1643 2118 senatusconsul-

867 2123 892 2140 to
906 2118 929 2140 ἃ
944 2118 996 2148 lege
1009 2116 1146 2140 diffolviffe:
1164 2118 1368 2144 &omnessiciliae
1381 2122 1483 2146 civitates
1490 2122 1640 2151 frumentum

67 2118 164 2141 Valeriis
176 2118 242 2142 laras,
262 2115 358 2143 Publio,
376 2117 465 2143 Lucio,
482 2119 562 2140 Marco
574 2124 602 2140 ex
610 2116 740 2144 Cicerone,
758 2118 838 2144 Livio,

64 2148 194 2180 Dionysio,
212 2148 331 2172 Plutarcho
343 2147 477 2172 didicimus.
495 2149 640 2176 Caiusetiam
648 2148 732 2175 Cacsar,
750 2148 837 2172 omisso
869 2150 958 2179 populo
971 2153 1083 2172 Romano
1096 2148 1191 2180 {iugulis
1203 2152 1269 2174 annis
1281 2159 1345 2175 certo
1358 2154 1433 2183 pretio
1440 2155 1554 2183 vendere,
1571 2166 1599 2181 ex
1607 2158 1640 2181 se-

64 2180 280 2206 senatusconsulto,
297 2181 348 2211 lege
357 2180 444 2203 Vatinia
452 2179 595 2211 Cisalpinam
608 2181 708 2204 Galliam
721 2181 836 2210 cumllly-
849 2171 852 2196 ἶ
868 2181 1054 2207 natusconsuer,
1072 2181 1179 2212 itemque
1191 2189 1220 2205 ex
1232 2183 1285 2214 lege
1297 2186 1419 2212 Terentia,
1436 2187 1640 2217 &Caffiaesseius-

64 2213 115 2236 rico
129 2211 332 2235 administrandam
345 2212 443 2243 accepit:
463 2219 518 2235 cum
531 2213 555 2235 in
569 2213 620 2243 lege
627 2219 718 2235 tantum
725 2211 835 2242 effepofi-
848 2198 851 2234 Ι
869 2211 913 2235 sas:
933 2213 990 2236 ἂι.
1000 2212 1115 2239 octavio,
1133 2214 1388 2240 C.CottaConsulibus
1401 2217 1503 2241 senarum
1517 2220 1596 2251 legum
1605 2221 1642 2243 di-

63 2250 116 2269 tum
130 2245 284 2275 intelligeret,
301 2250 326 2266 ut
339 2242 535 2266 senatusconsulto
548 2244 793 2275 nonegererquod&
803 2243 835 2268 se-
848 2240 851 2279 }
867 2244 994 2267 cendarum
1007 2243 1144 2275 porestarem
1157 2246 1182 2269 in
1195 2246 1354 2272 locandisvini
1363 2249 1433 2273 Siculi
1443 2267 1448 2275 ‚
1466 2251 1560 2281 oleique
1570 2252 1642 2275 vecti-

64 2283 129 2299 natus
148 2276 251 2303 iudicio,
269 2276 298 2298 ita
311 2274 355 2299 effe
367 2275 506 2298 declararum
519 2275 564 2299 est:
580 2277 622 2306 qui
636 2282 694 2306 mox
708 2276 732 2298 ἃ
746 2277 834 2299 Coma·
848 2281 851 2291 ¹
868 2275 958 2307 galibus
971 2277 1001 2299 ita
1012 2275 1149 2307 permisisse,
1167 2284 1193 2300 ut
1207 2279 1307 2309 populus
1319 2279 1382 2303 idem
1396 2281 1489 2309 jusserit.
1506 2283 1592 2311 quibus
1605 2284 1642 2306 lo-

63 2314 111 2331 tam
124 2308 268 2331 illiGalliam
276 2307 394 2333 attribuit,
412 2308 511 2331 veritus.
528 2307 598 2334 ne,fi
611 2306 658 2339 ipse
666 2305 779 2342 negaffet3
792 2315 833 2338 po·
849 2312 851 2337 ζ
867 2310 913 2330 cis.
932 2309 956 2331 ἃ
975 2308 1026 2331 aliis
1045 2315 1150 2339 praterea
1169 2310 1255 2333 eodem
1271 2310 1436 2341 spectantibus,
1452 2313 1562 2336 adduc'tus
1572 2314 1640 2342 sum,

63 2341 132 2371 pulus
143 2341 168 2366 δε
184 2339 238 2364 hanc
251 2339 323 2364 daret.
340 2338 412 2372 Qiod
425 2338 442 2363 fi
455 2356 463 2368 ,
479 2346 519 2363 cur
531 2340 556 2364 in
569 2339 700 2372 accipienda
713 2341 834 2371 provincia
850 2341 851 2345 ’
869 2339 894 2366 in
909 2342 1004 2395 Verreng
1017 2341 1054 2362 111.
1065 2344 1101 2364 ει.
1118 2347 1255 2374 corrupmm
1267 2343 1364 2372 locum,
1383 2351 1408 2369 ut
1415 2345 1515 2376 opinor,
1531 2347 1643 2370 eruenda-

1012 2378 1069 2395 ssss
1088 2380 1101 2397 2
1609 2385 1641 2403 re.

91 419 139 435 rare
153 413 240 444 opinor
249 412 381 436 neminem:
392 417 470 440 neque
482 416 560 433 tamen
573 409 604 432 est
618 409 656 432 hic
669 410 775 438 narrandi
787 410 862 433 locus.

91 449 152 474 petat
163 444 224 470 haec,
241 444 282 475 qui
292 442 370 473 cupit,
386 440 470 464 alibro
478 441 507 464 de
514 440 809 473 magistratibusinscripto.
821 442 859 465 vi-

91 476 160 499 derur
171 476 242 500 etiam
257 475 282 498 in
296 475 344 497 illis
356 472 569 500 senatusconsultis,
585 472 859 504 quibuslegestolleban—

89 513 142 534 tur,
176 506 256 530 orestas
267 504 348 532 fuiffe,
365 513 414 528 non
423 505 524 528 absoluta
538 504 636 536 quidem
644 504 671 527 ad
682 506 776 531 omnia,
796 512 820 528 ut
833 506 858 528 in

87 539 138 562 illis
163 536 368 564 enatusconsultis‚
386 536 471 569 quibus
490 543 569 560 cavere
587 535 742 567 magistratus.
760 543 789 559 ne
802 536 861 567 quid

88 569 215 600 respublica
226 568 363 593 detrimenti
375 575 464 600 caperet
473 585 479 595 ,
497 567 647 596 iubebantur,
664 567 702 591 sed
712 566 813 591 absolun
829 575 860 591 ta-

88 608 159 629 men,
175 600 241 634 quod
254 601 280 624 ad
293 608 344 624 eam
354 608 403 624 rem
410 599 532 627 attinebat,
549 598 860 628 cujusreicausafastaeranr.

87 632 167 664 itaque
184 633 270 656 multas
287 633 351 664 leges
360 640 408 656 uno
421 631 620 655 senatusconsulto
629 648 636 658 ,
652 638 721 662 atque
733 639 782 654 uno
795 631 860 655 verli-

85 666 157 692 culo,
174 671 199 688 ut
211 665 290 695 inquit
304 665 390 688 cicero
401 664 428 687 de
438 663 542 695 legibus,
559 663 648 695 Ριιιιᾶο
661 664 775 694 temporis
788 662 860 687 subla-

87 702 120 720 tas
132 695 177 721 effe
189 697 305 727 legimus,
323 703 348 719 ur
359 699 386 719 L.
400 698 503 723 Marcio,
521 697 571 718 Sex.
584 695 649 726 Julio
662 694 808 719 Consulibus
815 703 859 722 eas,

85 734 143 759 quas
156 731 190 752 M.
205 729 287 751 Livius
297 726 383 751 Drusus
395 727 501 751 tribunus
508 727 685 758 plebistulerat:
701 727 822 751 decretum
829 727 860 751 est

87 760 154 783 enim
167 766 248 782 contra
261 758 359 791 auspicia
373 758 417 783 esse
430 760 496 785 latas,
514 766 590 790 neque
604 759 633 782 iis
647 759 858 789 populumteneri:

86 791 111 813 ἃ
129 793 160 820 Q
174 792 287 817 Ctzcilio‚
306 794 340 815 M.
350 791 420 818 lunio
428 789 574 815 Consulibus
586 797 623 813 eas
636 797 733 816 omnes,
750 798 800 821 qu:
813 791 858 814 mi-

84 822 141 846 litiae
153 822 266 854 stipendia
279 823 438 849 minuebants
448 822 503 845 ideo
516 821 729 852 abrogariplacere,
746 822 800 851 quia
809 830 857 846 rem

85 853 373 885 militaremimpedirem.
388 854 462 881 Cujus
473 854 522 876 fere
533 853 624 884 generis
638 852 820 877 videnturiuisse
833 854 857 877 δι

83 885 124 908 illa
137 883 344 911 senatusconsulta,
361 892 411 915 quae
423 884 514 916 legibus
527 885 632 915 aliquem
645 883 777 907 solvebant:
795 892 854 916 quo<

83 916 138 939 dam
156 917 223 939 enim
242 917 318 940 modo
333 917 386 939 tolli
400 916 464 947 leges
476 916 599 943 videntur,
615 923 671 939 cum
683 916 774 947 aliquid
786 917 855 941 alicui

83 954 164 980 praetet
179 948 244 979 leges
260 947 416 971 conceditur:
434 955 459 971 ut
470 965 476 974 ‚
495 955 551 972 cum
564 948 654 971 senatus
691 949 854 980 *Scipionem,

81 986 119 1003 aut
125 986 180 1003 cum
187 981 234 1003 Cn.
243 981 382 1011 Pompeium
388 980 479 1011 legibus
486 979 567 1007 solvit,
585 987 635 1011 quo
643 987 679 1003 ma
690 980 768 1006 mins,
781 988 854 1011 quam

99 1011 196 1042 exleges
208 1011 305 1038 licebat,
323 1011 439 1035 Consules
451 1010 606 1043 fieriposseut.
623 1011 854 1042 quamquam&fine

92 1043 279 1067 enarusconsulto
297 1044 349 1075 lege
361 1043 390 1066 ad
403 1043 518 1074 populum
528 1044 571 1066 lata
583 1041 644 1066 solvi
657 1043 748 1074 legibus
760 1042 851 1067 licebar.

80 1082 126 1106 qua
139 1075 168 1098 de
179 1082 203 1098 re
216 1076 240 1098 in
254 1074 316 1098 libro
326 1075 355 1098 de
369 1075 470 1106 Legibus
484 1081 570 1106 agetur.
593 1078 638 1101 At,
655 1075 742 1105 quibus
755 1073 854 1099 senatus-

80 1106 196 1130 consultis
208 1106 279 1130 bostis
289 1107 374 1138 aliquis
385 1106 540 1135 judicabatur,
557 1106 640 1131 nonin
648 1106 695 1129 iilis
702 1105 803 1129 absolura
811 1115 852 1137 po-

79 1137 145 1161 testas
155 1140 214 1161 erat?
229 1137 348 1162 eratsane:
359 1138 520 1165 nonenimii,
533 1136 853 1166 quiejusmodisenatuscon—

79 1168 141 1193 fulto
159 1168 230 1193 essent
243 1170 411 1196 condemnari,
428 1170 452 1193 ὃ(
465 1170 662 1201 provocationem
674 1169 701 1192 ad
716 1170 791 1193 ullum
805 1178 851 1194 ma-

77 1201 213 1232 gistratum,
230 1208 267 1225 aut
283 1202 311 1225 ad
325 1202 440 1233 populum
455 1200 580 1225 habebant:
598 1208 640 1224 nec
653 1207 712 1228 erat,
731 1208 755 1224 ιιι
764 1200 851 1225 senatus

78 1232 194 1258 iudicium
206 1233 325 1256 infirmare
337 1233 434 1263 possent.
446 1233 476 1256 de
488 1233 616 1257 retectione
629 1239 706 1256 tamen
719 1234 850 1257 eorundem

76 1264 252 1294 magistratuum
271 1264 467 1288 senatusconsulta
485 1264 552 1292 huius
569 1265 661 1295 generis
679 1265 738 1288 levia
751 1266 851 1289 &irrita

77 1294 145 1319 fuisse
157 1295 241 1322 video,
259 1303 285 1319 ut
293 1313 299 1324 ‚
315 1303 370 1319 cum
383 1295 526 1320 Consulibus
534 1300 596 1327 App.
605 1296 706 1319 Claudio
714 1297 737 1319 &
747 1298 850 1325 L.Quin—

77 1326 126 1349 &io
145 1327 301 1354 Cincinnato,
319 1328 344 1350 in
363 1328 483 1358 reliquum
503 1328 647 1358 magistratus
661 1328 807 1355 continuari,
826 1330 849 1352 ἃ

76 1357 172 1382 eosdem
183 1358 291 1382 tribunos
303 1358 378 1390 plebis
390 1359 452 1382 refici
465 1358 554 1382 senatus
565 1360 652 1382 vetuit:
671 1359 744 1391 idque
753 1359 768 1382 sr
777 1359 849 1388 fieret,

74 1396 154 1414 contra
161 1390 330 1421 rempublicam
338 1389 382 1414 effe
389 1390 508 1419 iudicavit.
515 1391 580 1422 quod
587 1389 600 1413 {a
607 1390 706 1414 tribunis
714 1391 847 1421 neglectum

74 1421 120 1444 est:
137 1422 180 1454 qui
193 1422 368 1446 reclamantibus
382 1421 525 1446 Consulibus
532 1421 612 1446 refesti
620 1421 762 1453 sunt-neque
769 1429 847 1447 tamen

73 1460 194 1484 propterea
212 1452 302 1476 senatus
319 1454 365 1476 ulla
382 1454 474 1483 gravior
486 1454 547 1477 astio
559 1461 597 1476 aut
610 1454 776 1477 animadversio
787 1454 845 1478 fuit:

74 1492 147 1515 puro,
164 1492 194 1508 ne
212 1485 278 1516 plebs
297 1485 383 1508 irritata
402 1485 557 1516 perniciosam
570 1484 710 1508 seditionem
729 1486 845 1510 excitarer.

74 1518 180 1547 Qatuor
190 1518 292 1540 omnino
305 1515 498 1540 senatusconsulta
512 1516 647 1548 posuimus:
658 1517 696 1542 id,
711 1516 843 1547 quorespu-

73 1546 133 1571 blica
152 1548 321 1579 magistratibus
332 1548 538 1572 committebatur:
555 1548 593 1575 id,
611 1555 660 1580 quo
674 1548 780 1572 Dictator
796 1550 843 1572 dici

73 1578 205 1608 jubebatur:
223 1579 246 1602 id
255 1596 261 1606 ,
278 1587 328 1611 quo
341 1580 404 1610 leges
416 1579 571 1603 tollebantur:
587 1579 626 1606 id,
644 1587 692 1611 quo
700 1581 752 1611 quis
759 1579 791 1603 ob
798 1580 841 1604 sce-

71 1611 142 1634 lerare
154 1610 210 1634 sa&a
224 1610 295 1634 hostis
307 1611 455 1639 judicabatur.
473 1611 557 1642 primis
568 1610 661 1633 duobus
667 1611 795 1635 absolutam
804 1620 842 1641 po-

70 1641 176 1666 testatem
192 1649 242 1666 non
260 1641 309 1673 ipse
325 1642 368 1666 fibi
386 1640 474 1665 senatus
486 1641 624 1668 assumebat,
641 1642 679 1665 sed
693 1643 756 1665 alteri
770 1642 844 1666 dabar.

70 1673 164 1698 duobus
179 1681 291 1697 extremis
309 1681 360 1697 non
379 1673 458 1700 dabat,
476 1672 516 1697 sed
531 1672 666 1699 assumebat,
684 1674 721 1697 vel
734 1672 843 1705 assumpta

69 1707 149 1737 potius
157 1705 269 1730 utebatur.
287 1708 339 1729 ΗΞ(
345 1706 375 1729 de
381 1705 483 1729 absoluta
490 1704 680 1728 senatusconsulti
686 1705 842 1737 potestate3re-

69 1738 164 1768 liquum
177 1737 223 1764 est,
241 1744 264 1760 ur
277 1737 387 1768 deinceps
394 1737 423 1761 de
430 1735 675 1760 definitadifferamus.
691 1740 842 1761 senatuscon—

68 1768 156 1792 sultum
169 1769 271 1792 definita
284 1769 402 1801 potestatis
415 1768 431 1792 fi
440 1776 494 1792 cum
501 1767 709 1799 legejungebatur,
727 1768 842 1800 suasquafi

68 1801 129 1824 vires
142 1800 250 1832 augebat:
266 1801 291 1824 ἃ
300 1817 306 1827 ,
324 1801 389 1831 quod
404 1800 428 1823 in
442 1807 472 1823 eo
483 1799 685 1824 fueratdefiniturn
694 1799 840 1827 ‚absolutum

67 1832 149 1856 fiebat:
167 1833 184 1856 ti
192 1833 250 1863 legis
264 1833 352 1855 auxilio
364 1831 465 1855 carebat:
481 1838 506 1856 ut
518 1830 677 1862 saepeaccidir‚
695 1839 749 1855 cum
757 1833 840 1856 volun-

68 1870 101 1887 tas
110 1863 184 1894 plebis
196 1863 208 1887 Ξι
221 1863 309 1887 senatus
322 1864 411 1892 judicio
425 1863 560 1894 discreparet
574 1872 580 1886 :
603 1872 651 1887 non
669 1862 746 1887 solum
760 1865 840 1889 minus

66 1894 164 1918 habebat
177 1896 302 1925 ponderis,
319 1894 732 1926 quamficumlegeconjungeretur,
749 1894 787 1918 sed
796 1898 840 1919 rni-

67 1934 111 1950 nus
123 1927 195 1950 etiam
208 1943 215 1952 ,
232 1933 302 1957 quam
317 1927 361 1949 lex.
375 1926 454 1957 itaque
463 1928 493 1950 C.
507 1927 634 1949 Flaminius
646 1926 755 1949 tribunus
766 1927 841 1957 plebis

66 1959 144 1989 legem
158 1958 267 1989 agrariam
281 1957 371 1987 aliquot
385 1958 451 1981 annis
464 1964 516 1980 ante
529 1957 655 1981 secundum
669 1959 782 1981 Punicum
791 1957 837 1981 bel-

66 1992 118 2014 lum
132 1991 186 2013 tulit
194 1990 270 2013 invito
277 1987 365 2012 senatu:
384 1996 460 2020 neque
467 1988 543 2012 solum
552 1988 720 2020 tribuniplebis
727 1989 765 2012 sed
773 1991 837 2013 Con»

66 2021 126 2046 sules
137 2023 222 2049 etiam,
240 2021 280 2052 qui
294 2021 385 2051 patroni
397 2021 485 2044 senatus
492 2020 647 2047 habebantur,
666 2027 746 2044 contra
753 2020 840 2046 senatus

67 2055 212 2077 voluntatem
227 2052 275 2076 fine
285 2052 485 2076 senatusconsulto
497 2052 555 2084 szpe
566 2053 750 2084 legestulerunr:
765 2054 839 2081 cujus-
