2075 2734
395 111 451 140 ’688
687 94 1128 144 AuquiJl‘rATUM
1168 110 1514 142 Romanunm
1554 111 1704 144 Lrn.1X.

1043 180 1095 212 De
1119 178 1327 226 quaestionibus.

443 242 607 279 Qaestiones
621 241 728 270 fuerunt
740 240 1036 278 testimoniaj'errvorum,
1056 244 1084 271 vi
1099 252 1300 272 tormentorum
1315 244 1442 280 expressa.
1463 246 1556 282 Itaque
1569 246 1679 283 propria
1691 244 1845 274 accusatoris
1857 245 1980 279 fuerunt,

403 286 433 308 ut
447 290 523 308 reum
539 291 570 308 ex
586 281 661 308 dietis
676 280 812 307 servorum
828 282 1009 310 convinceret.
1046 283 1138 318 Itaque
1151 281 1287 310 accusator
1299 303 1308 314 ‚
1328 283 1372 311 ubi
1385 285 1505 320 primuni
1521 283 1631 322 qmfitor
1649 294 1711 312 cum
1725 284 1857 319 judicibus
1875 286 1980 318 affedit,

401 317 493 345 servos
507 321 543 346 rei
558 320 584 345 in
598 319 769 354 quaestionem
785 319 914 354 postulare
927 319 1112 351 consuevit‚&
1127 320 1159 347 ab
1171 330 1204 347 eo
1217 321 1293 348 datos
1305 321 1332 347 in
1345 323 1488 350 tormentis
1501 322 1609 350 habere:
1631 322 1750 358 Afionius
1760 322 1788 349 in
1797 321 1983 352 Milonianam.

403 356 539 384 Caeterum
554 356 620 393 servi
636 365 728 384 contra
742 357 869 384 dominos
887 359 1006 394 torqueri
1019 368 1073 386 non
1088 366 1212 394 poterant
1225 379 1233 391 ,
1255 366 1364 395 excepta
1378 359 1452 387 causa
1462 361 1577 388 incestus
1592 363 1618 389 &
1632 361 1839 396 conjurationis,
1860 362 1924 389 teste
1937 362 1983 388 ci-

402 400 485 420 vcero-ae
498 403 548 429 pro
558 394 703 428 Dejomro,
726 396 752 422 ἃ
768 395 794 421 in
809 395 1005 424 Partitionibus.
1033 397 1114 424 Ratio
1128 405 1218 424 autem
1233 398 1367 433 quaerendi
1382 397 1464 433 qualis
1478 398 1569 430 fuerit,
1590 398 1646 426 cic.
1661 408 1711 435 pro
1725 398 1864 429 Cluentio,
1886 401 1913 427 ὃ(
1930 400 1982 427 Mi-

403 430 465 458 lone
479 432 601 459 ostendit.
641 431 777 470 Qaestmne
791 432 879 461 habita
892 455 899 465 ,
920 436 947 463 δε
962 435 988 462 in
1004 434 1102 462 tabulas
1114 435 1194 462 relata
1208 455 1214 466 ,
1236 434 1328 462 tabulae
1343 435 1547 473 obfignabantur
1559 457 1567 469 ,
1587 444 1617 466 ut
1633 437 1735 466 ibidem
1749 437 1817 465 dixit
1829 435 1914 464 cicero
1927 445 1977 474 pro

405 468 518 499 Milone.
539 470 657 507 Qaestio
670 478 761 499 autem
775 469 863 499 habita
876 472 913 499 est
927 473 953 500 in
967 472 1074 505 eculeo,
1094 473 1127 500 de
1139 482 1193 510 quo
1206 473 1264 509 post
1278 473 1376 500 dicam.

1080 538 1130 570 De
1154 535 1281 574 testibus.

443 594 637 632 Qaestionibus
651 596 765 633 cognitis
778 596 850 634 testes
862 596 921 625 sunt
933 597 1089 634 attingendi.
1112 598 1147 625 Hi
1161 598 1266 625 fuerunt
1279 596 1350 625 liberi
1362 598 1473 626 homines
1487 620 1495 632 ,
1515 600 1561 636 qui
1572 599 1758 628 testimonium
1773 607 1846 628 extra
1860 600 1982 629 tormen}

404 637 430 660 ta
442 633 576 662 dixerunt.
616 636 753 672 Qoniam
767 644 858 663 autem
873 645 927 662 non
941 636 1067 662 omnibus
1081 637 1169 663 dicere
1182 637 1367 664 testimonium
1382 636 1471 670 licuit,
1492 645 1634 674 propterea
1646 646 1707 666 ante
1720 639 1754 666 de
1767 638 1874 667 testium
1890 640 1983 667 condi—

402 671 480 697 tione
494 673 664 707 quaerendum
681 673 726 700 est.
763 673 925 708 Calltstratus
939 673 966 701 ff.
979 674 1013 701 de
1028 674 1134 702 testibus
1150 674 1204 702 haec
1217 674 1306 702 scribit
1321 685 1330 701 ι
1359 674 1480 703 Testiurn
1495 676 1560 703 fides
1579 675 1721 712 diligenter
1737 677 1911 704 examinanda
1931 678 1981 709 est,

404 708 519 744 ideoque
532 710 559 737 in
573 710 685 746 persona
698 720 792 738 eorum
807 711 967 748 exploranda
982 720 1060 740 erunt
1073 713 1099 739 in
1114 713 1208 748 primis
1221 713 1342 740 conditio
1355 713 1480 750 cujusque
1496 733 1503 743 ,
1522 722 1615 742 utrum
1630 714 1689 751 quis
1703 713 1816 746 decurio,
1835 724 1868 741 an
1877 714 1985 749 plebejus

404 745 452 778 fit,
473 749 499 774 δε
513 757 546 775 an
561 748 689 783 honestae,
712 751 738 777 &
753 750 891 786 inculpatae
906 751 966 777 vitae
976 771 983 781 ,
1004 760 1036 777 an
1051 760 1116 778 vero
1129 759 1245 783 notatus,
1267 753 1293 779 ὃ(
1306 751 1496 790 repreherfibilis
1509 772 1516 783 ,
1536 762 1569 779 an
1582 751 1713 788 locuples,
1736 752 1777 779 vel
1791 760 1872 788 egens
1890 752 1936 784 fit,
1952 760 1984 780 ut

403 783 470 812 lucri
486 785 559 814 causa
572 787 636 823 quid
651 787 727 814 facile
742 788 867 816 admittat
883 809 889 818 ‚
910 787 951 815 vel
966 798 998 815 an
1013 789 1135 816 inimicus
1149 789 1172 816 ei
1188 789 1218 817 fit
1235 810 1242 820 ,
1263 789 1386 818 adversus
1401 800 1482 826 quem
1497 790 1682 818 testimonium
1697 790 1768 822 fert,
1789 790 1832 817 vel
1847 790 1948 818 amicus
1959 790 1986 818 ei

404 821 445 853 fit,
459 831 509 859 pro
523 833 577 860 quo
592 825 776 852 testimonium
792 826 845 854 dat,
871 827 945 853 Nam
962 826 980 853 fi
993 834 1079 854 careat
1094 826 1239 863 suspicione
1250 827 1437 856 testimonium
1452 849 1460 860 ‚
1480 828 1521 856 vel
1538 835 1648 864 propter
1661 828 1819 865 personam,
1840 827 1854 855 ὲ
1868 837 1920 863 qua
1932 827 1985 854 fer·

364 881 368 887 .
403 867 462 892 tur,
482 863 554 897 quod
567 862 674 890 honesta
687 863 719 890 sit
729 883 736 892 ,
760 864 801 891 vel
815 873 924 900 propter
937 864 1038 893 causam
1049 885 1055 893 ,
1077 866 1148 901 quod
1162 875 1247 901 neque
1261 865 1325 892 lucri
1338 887 1344 897 ,
1368 876 1454 902 neque
1467 867 1571 903 gratiae,
1591 876 1678 903 neque
1688 867 1835 894 inimicitiae
1851 865 1924 893 causa
1937 865 1984 898 fit,

404 897 583 927 dimittendus
596 902 639 928 est.
668 901 817 929 videantur
831 903 910 930 etiam
925 912 982 939 quae
996 904 1030 931 ibi
1045 903 1160 931 scribunt
1174 903 1296 930 Arcadmt
1309 907 1334 932 ἃ
1351 905 1514 938 Papmiames.
1547 906 1588 931 De
1598 905 1628 932 iis
1641 914 1720 936 vero,
1740 905 1785 941 qui
1798 904 1984 932 testimonium

406 935 496 963 dicere
509 947 564 965 non
578 946 737 974 potuerunt,
757 939 799 965 lex
812 950 844 967 xr
856 949 877 966 ι.
888 940 1033 967 tabularum
1045 941 1134 968 locuta
1151 942 1200 973 est,
1223 941 1300 968 verba
1314 943 1434 978 quaedam
1454 942 1513 970 sunt
1527 943 1595 978 apud
1613 942 1745 979 Age-Ilium
1759 942 1803 969 lib.
1819 951 1859 978 ¹5·
1875 950 1931 977 cap.
1943 951 1987 978 ¹3·

407 974 468 1014 (Qli⁴
478 974 503 1000 se
518 975 604 1004 scierit
615 978 746 1007 testarier,
767 977 925 1014 libripensve
940 978 1036 1010 fuerit,
1056 981 1083 1006 in
1096 980 1280 1007 testimonium
1295 979 1418 1011 feriatur,
1440 981 1590 1016 improbus,
1611 979 1814 1016 intestabilisque
1827 980 1890 1006 esto.
1917 982 1984 1005 lme-

401 1009 501 1047 stabtlis
514 1023 603 1042 autem
619 1016 670 1047 est,
691 1023 720 1042 ut
734 1016 819 1052 inquit
832 1018 923 1050 Cajus,
945 1019 970 1044 ἃ
985 1018 1030 1054 qui
1045 1017 1103 1054 lege
1116 1016 1239 1052 jubetur,
1259 1027 1293 1044 ne
1306 1017 1362 1052 ejus
1374 1019 1558 1046 testimonium
1572 1019 1727 1054 recipiatur,
1748 1027 1815 1045 neve
1828 1017 1874 1053 ipfi
1882 1017 1985 1045 dicatur

405 1050 599 1080 testimonium.
620 1054 670 1080 Sed
685 1054 718 1080 de
731 1061 787 1081 tota
801 1053 849 1081 hac
861 1054 920 1091 lege
931 1054 999 1082 libro
1013 1057 1137 1092 proxime
1151 1055 1310 1091 praecedenti
1325 1055 1384 1083 satis
1398 1056 1511 1083 dietum.
1532 1057 1652 1083 Testium
1667 1065 1750 1091 porro
1763 1056 1806 1083 illa
1819 1055 1914 1083 divifio
1924 1054 1986 1087 fuit,

406 1094 436 1115 ut
448 1087 492 1115 alii
505 1091 688 1118 testimonium
696 1091 783 1125 sponte
796 1092 915 1120 dicerent
924 1113 931 1123 ,
952 1091 994 1120 alii
1007 1093 1100 1120 mvin':
1122 1093 1161 1120 his
1178 1093 1219 1120 lex
1232 1093 1339 1127 jubebat
1353 1114 1360 1123 ‚
1380 1102 1411 1121 ut
1423 1095 1609 1121 testimonium
1626 1094 1826 1121 denuntiaretur
1837 1114 1845 1125 ,
1865 1093 1897 1120 ab
1909 1101 1986 1120 accu-

403 1124 508 1158 ἦτοι-ε,
528 1130 572 1165 qui
586 1130 626 1156 uti
639 1139 733 1156 eorum
748 1130 903 1157 testimonio
918 1130 1052 1166 cupiebat,
1075 1140 1156 1168 quam
1171 1131 1300 1159 intellexit
1316 1130 1397 1159 Valer.
1411 1131 1490 1161 lib.8.
1503 1134 1529 1160 ὃς
1544 1131 1622 1158 Cicer.
1640 1132 1669 1159 in
1683 1135 1807 1159 Verrem.
1829 1132 1897 1159 Non
1910 1137 1985 1166 puta-

406 1163 439 1190 ssi
455 1174 500 1191 me
514 1166 542 1193 in
558 1166 624 1195 hanc
638 1177 695 1195 rem
711 1167 763 1195 tuis
778 1167 985 1196 familiariffimis
998 1170 1150 1197 testimonia
1163 1169 1390 1197 denuntiaturum·
1415 1171 1446 1198 In
1459 1170 1553 1207 quibus
1565 1178 1654 1197 autem
1668 1169 1748 1197 caufis
1761 1170 1851 1197 invitis
1864 1169 1986 1197 testimo-

405 1203 483 1229 nium
498 1204 649 1233 denuntiari
669 1215 723 1233 non
737 1207 815 1242 poffit
830 1226 837 1235 ,
862 1207 975 1234 ostendit
991 1207 1033 1233 lex
1049 1206 1128 1244 Julia
1147 1208 1314 1244 publicorum
1334 1208 1496 1243 judiciorum
1513 1229 1519 1240 ‚
1547 1217 1627 1244 quam
1648 1206 1700 1234 alio
1720 1207 1781 1235 loco
1801 1207 1985 1234 recitavimus.

408 1239 528 1275 [Paulus
539 1241 570 1280 ff
583 1243 614 1270 de
628 1242 705 1280 testib.
721 1243 875 1278 Papinianus
878 1243 916 1284 ff
928 1245 959 1271 de
973 1246 1097 1281 acmfizt]
1120 1247 1153 1273 Et
1166 1247 1199 1274 de
1211 1245 1252 1274 his
1267 1246 1372 1273 testibus
1385 1247 1568 1274 testimonium
1585 1247 1672 1274 dicere
1685 1245 1853 1285 respuissent,
1874 1244 1908 1272 fic
1922 1244 1984 1272 scri-

406 1285 486 1313 Ptum
503 1289 559 1308 erar
571 1282 598 1308 in
611 1291 642 1308 XI
654 1293 673 1309 ι.
689 1282 792 1310 tabulis.
830 1287 880 1309 Cus
894 1281 1062 1319 testtmonium
1073 1283 1196 1318 defuerit,
1215 1284 1238 1311 215
1249 1283 1331 1311 ternis
1345 1283 1430 1312 dtebus
1442 1285 1469 1311 ob
1474 1293 1577 1319 portum
1590 1283 1768 1321 obvagulatum
1780 1291 1830 1310 rto:
1851 1283 1877 1309 id
1892 1283 1940 1312 est.
1967 1281 1987 1310 fi

406 1316 481 1351 quis,
499 1319 542 1345 cui
556 1319 741 1348 testimonium
755 1321 943 1349 denuntiatum
957 1321 988 1350 fit
1005 1342 1011 1352 ,
1032 1321 1119 1358 ipsum
1135 1323 1320 1350 testimonium
1333 1321 1477 1351 deseruerit
1490 1343 1500 1354 ‚
1521 1330 1580 1350 tum
1594 1322 1626 1349 ad
1640 1322 1706 1349 aedes
1721 1321 1777 1356 ejus
1791 1321 1823 1349 ad
1838 1321 1983 1348 dicendum

408 1357 563 1384 convicium
582 1358 622 1385 ito
635 1379 642 1390 ‚
663 1359 696 1386 de
708 1369 759 1396 qua
773 1358 832 1396 lege
845 1359 914 1387 alibi.
952 1361 1090 1396 Qoniam
1105 1370 1170 1388 vero
1183 1362 1260 1389 testes
1275 1360 1387 1398 protulit
1399 1382 1406 1393 ‚
1428 1364 1455 1390 ὃ(
1469 1360 1606 1389 accusator
1619 1362 1645 1389 ὅ(
1660 1359 1797 1391 defensor,
1818 1360 1917 1386 invitos
1926 1359 1984 1395 qui-

407 1391 472 1420 dem
485 1394 634 1427 accusator,
654 1396 818 1426 voluntarios
831 1406 944 1434 uterque
957 1398 1099 1435 diligenter
1113 1419 1118 1429 ‚
1140 1399 1372 1435 quemadmodum
1387 1409 1432 1427 eos
1444 1401 1622 1436 interrogaret
1634 1419 1642 1430 ,
1661 1397 1985 1439 animadvertere-debue-

406 1438 480 1459 runt.
501 1433 563 1461 Fuit
578 1436 650 1461 enim
665 1435 692 1462 in
706 1436 897 1472 interrogando
912 1436 976 1464 teste
989 1436 1094 1463 summa
1107 1437 1237 1465 industriae
1251 1438 1373 1471 oratoriae
1386 1437 1440 1466 laus
1452 1438 1552 1475 pofita,
1573 1438 1606 1464 de
1616 1445 1667 1473 qua
1679 1435 1777 1473 scriplit
1788 1433 1902 1473 thtl.
1914 1434 1985 1463 libro

409 1470 506 1504 quinto
515 1471 716 1500 Institutionum
732 1474 920 1501 Oratoriarum
935 1483 992 1509 cap.
1004 1474 1120 1501 secundo
1133 1495 1139 1506 ,
1161 1474 1205 1501 ubi
1223 1475 1256 1502 de
1273 1482 1329 1503 tota
1343 1477 1447 1502 ratione
1464 1475 1718 1510 interrogandorum
1739 1473 1771 1500 ab
1785 1481 1896 1508 utraque
1909 1480 1984 1509 parte

409 1506 515 1547 testium
528 1508 658 1543 pluribus,
679 1520 709 1537 ac
722 1510 838 1538 subtilius
852 1511 915 1546 agir.
938 1512 968 1538 In
983 1520 1063 1547 quam
1080 1512 1238 1539 iententiam
1255 1513 1336 1540 etiam
1352 1512 1384 1539 ab
1398 1512 1502 1547 Afionio
1516 1511 1643 1547 scriptum
1660 1512 1695 1538 est
1709 1522 1714 1537 :
1734 1513 1840 1537 Tenere
1853 1509 1984 1537 debemus

407 1543 633 1582 interrogationes
647 1548 752 1576 testium
768 1569 775 1580 ‚
797 1551 823 1577 δε
837 1548 994 1577 accusatoris
1007 1569 1015 1580 ,
1036 1551 1062 1576 ἃ
1076 1549 1218 1576 defensoris
1231 1549 1305 1576 fuiil‘e
1318 1570 1326 1581 ‚
1348 1551 1375 1578 ὃς
1388 1550 1444 1584 ejus
1456 1571 1462 1581 ,
1483 1551 1527 1587 qui
1541 1549 1666 1586 producit
1681 1550 1707 1576 δι
1722 1548 1777 1584 ejus
1794 1555 1886 1587 contra
1899 1556 1982 1584 quem

406 1583 602 1617 producuntur.
621 1586 759 1614 Videndus
773 1589 799 1615 ἐξ
815 1584 898 1613 Cicero
911 1596 961 1623 pro
974 1586 1077 1621 FlaccO.
1100 1587 1225 1614 Formula
1237 1588 1420 1625 interrogandi
1432 1588 1503 1615 testis
1517 1589 1578 1615 fnit:
1598 1590 1687 1624 Qaro
1699 1587 1731 1612 de
1745 1595 1784 1617 re,
1805 1584 1983 1628 arbnremffie?

410 1619 462 1655 lpfi
477 1630 542 1649 vero
555 1623 632 1650 testes
645 1624 839 1660 respondebant
850 1624 942 1659 jurati,
963 1624 1202 1661 respondentesque
1214 1626 1335 1653 dicebant
1347 1635 1354 1652 ι
1372 1624 1487 1653 arbitror.
1513 1625 1651 1659 Afiom'as:
1670 1623 1813 1660 Religione
1825 1622 1932 1651 addudtt
1944 1631 1984 1652 te.-

410 1657 461 1684 stes
475 1658 488 1685 a
502 1658 554 1687 cic.
566 1660 703 1695 dicuntur,
726 1663 785 1699 quia
796 1662 876 1698 jurati
890 1663 966 1690 testes
980 1664 1091 1698 produci
1104 1663 1204 1694 solent,
1225 1673 1279 1690 non
1292 1663 1392 1695 solum,
1413 1673 1447 1691 ne
1461 1662 1523 1690 falia
1535 1663 1639 1694 dicant,
1659 1671 1753 1690 verum
1767 1663 1863 1693 etiam,
1883 1670 1918 1688 ne
1926 1670 1984 1698 quae

410 1704 473 1723 vera
487 1696 551 1726 sint,
571 1706 683 1727 taceant.
703 1700 754 1727 Cic·
769 1701 795 1728 in
810 1700 933 1728 Lucullo:
956 1701 1073 1737 Majores
1086 1701 1168 1728 nostri
1181 1701 1336 1733 voluerunt,
1357 1708 1387 1729 ut
1401 1702 1446 1739 qui
1459 1702 1644 1736 testimonium
1657 1700 1757 1729 diceret
1770 1699 1890 1727 arbitrari
1904 1698 1930 1726 se
1942 1700 1983 1728 di-

407 1741 494 1766 ceret,
515 1736 597 1763 etiam
612 1738 684 1774 quod
698 1738 750 1775 ipse
763 1738 873 1766 vidiffet.
896 1740 1030 1766 Caeterum
1045 1737 1207 1776 inte-magatia
1220 1739 1325 1767 testium
1339 1738 1420 1775 ipsam
1432 1739 1625 1768 accusationem
1642 1739 1782 1775 praeceffit,
1804 1738 1830 1765 id
1838 1737 1909 1774 quod
1917 1746 1982 1764 cum

408 1772 464 1799 aliis
478 1773 580 1811 legibus
595 1783 703 1804 cautum
718 1777 769 1808 est,
791 1785 849 1805 tum
861 1779 976 1811 Pomp-711
989 1777 1022 1804 de
1038 1778 1064 1804 vi
1078 1798 1085 1808 ,
1108 1777 1141 1804 de
1155 1786 1207 1814 qua
1218 1777 1302 1813 supra.
1321 1778 1385 1806 Aliae
1397 1778 1469 1813 leges
1481 1779 1539 1814 post
1551 1776 1654 1804 causam
1668 1777 1755 1803 astam
1771 1776 1845 1804 testes
1859 1776 1915 1802 dari
1932 1785 1982 1803 vo-

407 1809 527 1841 luerunt,
548 1820 577 1841 ut
590 1813 642 1851 lt‘ge
655 1814 772 1841 Cornelia
785 1815 818 1842 de
834 1815 999 1849 repetundis,
1019 1815 1046 1842 in
1061 1818 1174 1842 Verrem
1187 1813 1280 1842 Cicero.
1314 1815 1397 1843 Addit
1410 1814 1589 1852 Qintilianus
1600 1815 1751 1841 testimonia
1765 1821 1809 1840 aut
1822 1815 1834 1839 ὲ
1849 1812 1982 1855 praesenti-

407 1847 456 1877 bus
471 1850 553 1880 dieta,
574 1859 618 1879 aut
631 1861 679 1887 per
691 1851 791 1882 tabulas
801 1852 993 1889 simpliciorem
1005 1852 1079 1880 fuisse
1093 1860 1185 1880 contra
1196 1852 1296 1881 tabulas
1309 1862 1437 1890 pugnam.
1457 1854 1557 1889 Adjicit
1571 1851 1635 1880 illud
1649 1852 1730 1878 etiam
1740 1872 1746 1882 ,
1761 1851 1826 1887 saepe
1833 1851 1981 1893 contigisse,

409 1894 440 1913 ut
452 1888 529 1915 testes
543 1888 647 1917 laudare
661 1899 726 1926 opus
739 1891 814 1918 esset:
835 1891 909 1926 cujus
923 1891 960 1918 rei
974 1892 1040 1918 ratio
1058 1900 1089 1918 ex
1103 1890 1216 1918 artificio
1230 1892 1350 1918 oratorio
1361 1892 1504 1928 repetenda
1518 1891 1577 1919 fuit.
1617 1891 1683 1917 Non
1696 1889 1881 1917 omittendum
1896 1889 1932 1916 est
1947 1888 1980 1916 11-

406 1923 452 1951 lud
466 1927 546 1954 etiam
555 1946 562 1957 ‚
583 1928 654 1963 quod
669 1929 705 1956 est
719 1928 787 1966 apud
800 1925 920 1961 lfidorum
934 1929 967 1956 de
979 1929 1086 1957 testibus
1099 1929 1230 1966 allegatis:
1252 1930 1343 1957 Testes
1356 1929 1429 1960 sunt,
1449 1930 1537 1967 inquit
1547 1949 1554 1959 ‚
1575 1926 1692 1965 &quibus
1704 1928 1828 1964 quaeritur
1840 1927 1937 1954 veritas
1950 1927 1980 1955 iu

406 1961 508 1998 judicio
520 1985 527 1995 ‚
548 1973 614 2001 quos
628 1966 737 2003 quisque
755 1975 816 1995 ante
827 1966 959 2002 judicium
974 1966 1020 1994 fibi
1033 1967 1136 2004 placitis
1153 1967 1262 2005 allegat,
1284 1977 1318 1995 ne
1333 1968 1374 1995 cui
1386 1967 1417 1995 fit
1431 1969 1519 2003 postea
1532 1967 1645 1995 liberum
1655 1988 1662 1998 ,
1682 1975 1727 1993 aut
1739 1964 1913 1996 disfimulare,
1935 1971 1980 1993 aut

409 1998 560 2029 subtrahere
574 2003 612 2035 se,
624 2005 649 2032 δε
663 2004 766 2042 allegati
781 2003 954 2040 appellantur.
975 2005 1068 2041 Itaque
1082 2008 1167 2032 thero
1180 2005 1279 2042 scripiit
1290 2006 1323 2033 ad
1337 2007 1468 2033 Fratrem:
1491 2006 1589 2033 Nerius
1601 2004 1682 2039 judex
1695 2004 1780 2032 edidit
1793 2003 1825 2031 ad
1837 2002 1977 2041 allegatos,

410 2037 460 2064 Cn.
475 2040 618 2070 Lentulum
634 2044 660 2070 δε
674 2045 706 2070 C.
720 2043 887 2071 Cornelium.
909 2044 998 2080 Atque
1010 2043 1065 2071 haec
1079 2044 1110 2070 de
1122 2042 1229 2078 testibus.
1252 2045 1360 2072 Restant
1371 2043 1460 2072 tabula
1472 2043 1639 2082 explicandae.

1083 2094 1135 2126 De
1158 2091 1282 2127 tabulis.

448 2145 604 2174 Tabularum
618 2157 682 2176 vero
695 2150 807 2177 nomine
821 2159 904 2178 omne
916 2158 999 2188 genus
1012 2149 1199 2185 seripturarum
1213 2147 1392 2185 appellabant,
1414 2156 1468 2185 quo
1481 2148 1584 2175 caulam
1600 2148 1760 2176 confirmare
1774 2148 1846 2176 suam
1866 2147 1979 2184 possent.

409 2183 541 2221 Inprimis
557 2194 645 2213 aurem
661 2196 735 2215 erant
748 2188 835 2215 tabula
850 2187 1002 2223 neseph&
1019 2185 1132 2222 expensi,
1151 2197 1214 2224 quas
1227 2187 1363 2215 accuiator
1376 2186 1389 2213 a
1404 2196 1450 2214 reo
1464 2186 1611 2222 postulabat
1627 2187 1654 2213 in
1666 2188 1743 2214 certis
1757 2186 1850 2216 causis,
1870 2194 1899 2215 ut
1911 2195 1978 2221 repe-

406 2222 561 2252 tundarum,
583 2225 609 2250 ἃ
618 2225 761 2257 peculatus,
781 2227 816 2253 de
834 2227 927 2263 quibus
947 2226 982 2253 fic
1000 2226 1132 2261 Afionius:
1152 2226 1237 2254 Moris
1258 2224 1322 2256 fuit,
1343 2234 1565 2262 unumquemque
1583 2225 1759 2253 domesticam
1779 2225 1911 2252 rationem
1932 2224 1979 2251 fibi

408 2261 489 2299 totius
509 2260 569 2288 vitae
587 2260 636 2288 {uae
654 2270 700 2297 per
720 2264 774 2291 dies
793 2265 908 2301 singulos
925 2263 1052 2296 scribere,
1072 2274 1104 2292 ex
1124 2273 1175 2301 qua
1194 2270 1342 2300 appareret,
1364 2262 1427 2300 quid
1447 2262 1556 2300 quisque
1574 2264 1608 2291 de
1628 2263 1755 2290 reditibus
1774 2263 1838 2294 suis,
1860 2263 1923 2300 quid
1941 2261 1976 2288 de

407 2305 478 2329 ²rte,
498 2297 603 2325 foenore
615 2319 621 2329 ‚
644 2298 751 2327 lucrove
766 2300 916 2337 seposuisset
929 2311 1036 2339 quoque
1049 2303 1091 2330 die
1105 2323 1112 2333 ‚
1135 2305 1161 2330 &
1175 2303 1238 2339 quid
1257 2302 1323 2330 item
1337 2300 1457 2338 sumptus
1471 2323 1478 2333 ‚
1498 2301 1625 2329 damnive
1638 2300 1739 2329 fecisset
1752 2313 1757 2329 z
1776 2300 1821 2329 sed
1835 2301 1974 2337 postquam

407 2336 574 2372 obsignandis
586 2335 668 2364 literis
682 2347 788 2365 reorum
802 2349 834 2367 ex
848 2340 899 2367 suis
911 2340 1019 2377 quisque
1033 2339 1127 2369 tabulis
1140 2340 1261 2368 damnari
1274 2340 1357 2376 coepit
1371 2359 1378 2370 ‚
1398 2340 1430 2367 ad
1445 2340 1561 2367 nostram
1579 2340 1743 2367 memoriam
1757 2347 1814 2367 tota
1829 2338 1883 2378 haec
1900 2345 1976 2377 vetus

408 2373 572 2403 consuetudo
583 2374 698 2405 ceffavit.
718 2379 781 2405 Haec
793 2376 845 2406 ille·
865 2379 930 2418 Qo
942 2378 1055 2415 respexit
1067 2379 1150 2407 etiam
1161 2382 1244 2406 Caero
1257 2378 1358 2416 aliquot
1371 2377 1445 2408 locis.
1464 2379 1581 2407 Fuerunt
1598 2379 1680 2406 etiam
1699 2377 1787 2406 tabula
1804 2373 1977 2418 fflronurrq,

2063 262 2068 325 l
