2075 2734
333 136 390 172 335
626 132 1064 164 AnerU1TATUM
1104 126 1615 158 Ro'MANARumLin.V,

332 189 412 216 quam
433 180 460 206 δε
481 175 614 212 σσηῙΞιαΙιίι
637 174 759 203 Romulo
779 173 942 206 defendunt,
963 175 1035 212 quod
1059 183 1088 202 ea
1109 175 1184 210 Confi
1206 174 1349 206 dicaverit,
1368 175 1444 206 Deo,
1466 182 1495 203 ut
1510 174 1620 208 volunt,
1639 177 1751 207 confilii:
1772 181 1828 217 ejus
1844 177 1914 208 sciliss

330 227 390 248 cet,
411 225 466 253 quo
479 225 543 244 tunc
558 215 712 242 Sabinarum
727 213 862 250 virginum
879 214 998 250 rapinam
1013 212 1141 240 militibus
1159 212 1208 240 suis
1222 213 1250 240 in
1265 214 1440 240 matrimonia
1455 214 1632 251 excogitavit,
1653 217 1704 243 ἃς.
1716 219 1742 245 &
1754 218 1833 255 paulo
1840 219 1912 255 post:

332 255 437 282 Dehinc
451 254 523 281 idem
539 253 659 280 Romulus
672 252 735 290 Jovi
749 252 868 279 Feretrio
882 251 958 279 ludos
972 252 1083 279 instituit
1097 251 1124 279 in
1138 252 1270 287 Tarpejo,
1293 260 1359 288 quos
1372 253 1487 286 Tmpejos
1502 252 1603 283 dietus,
1624 254 1650 280 &
1667 254 1832 288 Capitolinos,
1854 256 1913 283 Piso

333 294 451 320 tradidit.
478 292 537 319 Post
551 292 621 319 hunc
636 292 730 317 Numa
747 289 892 325 Pompilius
904 288 991 316 Marti⁴
1003 292 1030 318 8<
1043 287 1159 326 Robtgini
1172 288 1245 317 fecit.
1280 291 1355 317 Nam
1371 291 1398 317 &
1413 289 1541 327 Robtgim'a‘
1553 293 1637 317 Deam
1651 290 1796 321 finxerunt:
1818 294 1914 322 dehinc

333 331 393 358 Tul.
413 329 544 365 Hostibus:
564 329 661 357 dehinc
679 327 914 360 Ancus-Martius,
935 330 962 356 ὃ(
983 328 1070 356 caeteri
1091 336 1198 364 quoque
1217 336 1265 364 per
1281 328 1414 356 ordinem.
1448 331 1512 356 Haec
1533 328 1714 357 Tertulcianus.
1748 331 1821 366 Qin
1832 333 1916 360 etiam

334 368 447 406 fingulas
467 368 593 394 ludorum
615 366 713 403 specics
733 365 839 403 singulis
860 366 918 394 Diis
938 365 1100 393 consecratas
1122 365 1196 393 fuiffe
1211 386 1218 397 ,
1245 374 1305 394 tum
1324 366 1368 393 alii
1381 367 1480 394 docent
1496 387 1502 397 ‚
1529 374 1588 394 tum
1604 365 1740 395 Salvianus
1752 368 1916 397 Maffilienfis

334 406 475 442 Presbyter
493 405 537 432 lib.
552 409 578 433 6.
597 405 629 433 de
653 404 855 432 Gubernatione
873 404 939 434 Dei,
960 403 999 431 his
1021 403 1120 431 verbis:
1144 403 1250 431 Colitur
1265 413 1397 440 namque,
1418 405 1520 441 inquit,
1542 408 1568 432 ὃς
1587 404 1734 432 honoratur
1749 405 1868 433 Minerva
1887 408 1916 436 in

333 443 475 480 gymnasiis
489 464 496 475 ‚
522 446 603 470 Veh-[4⁹5
631 443 659 470 in
678 442 786 471 theatris
799 462 807 474 ‚
833 444 966 476 Neptunus
986 442 1014 469 in
1034 442 1111 470 circis
1126 462 1132 472 ‚
1160 445 1233 468 Mars
1252 441 1280 468 in
1298 442 1383 470 arenis
1399 462 1407 474 ,
1433 440 1574 469 Mercurius
1592 443 1619 469 in
1640 443 1759 479 palaessris
1776 455 1781 470 z
1809 446 1836 472 δί
1854 445 1916 472 ideo

332 474 385 518 pro
398 480 524 517 qualitate
537 481 696 512 authorum,
717 479 803 508 cultus
818 480 853 507 est
867 479 1091 517 superstitionum.
1118 478 1201 506 Votivi
1215 479 1389 512 dicebantur,
1410 481 1455 517 qui
1469 489 1501 508 ex
1517 487 1583 507 voto
1598 480 1639 507 vel
1655 490 1704 517 pio
1720 481 1851 514 viCtoriis,
1873 481 1918 510 vel

333 529 384 556 pro
404 519 476 546 bona
495 520 647 547 valetudine
661 517 812 546 edebantur.
846 517 970 545 Funebres
983 539 990 550 ,
1017 519 1104 555 quiin
1118 517 1252 545 honorem
1266 517 1456 545 defunfitorum
1473 517 1671 546 exhibebantur.
1713 520 1919 549 Lxercitationis

334 556 408 585 causa
422 556 520 585 fiebant
534 556 649 591 Trojam',
668 555 809 594 castrenst’s,
830 555 892 589 &a
912 557 1062 587 Caeterum,
1083 555 1154 593 quod
1171 555 1204 583 ad
1217 562 1272 583 tres
1286 555 1433 591 superiores
1440 555 1537 592 species
1544 557 1654 587 attinet,
1675 556 1782 585 illorum
1792 558 1918 586 aliierant

329 594 394 633 stati
408 616 415 626 ‚
443 595 486 622 alii
499 605 549 622 non
555 594 629 633 stati.
669 595 703 622 Et
717 595 839 631 primum
855 595 965 631 quidem
979 594 1034 622 ludi
1047 603 1143 621 omnes
1155 591 1287 627 conceptivi
1300 614 1307 624 ,
1335 593 1388 620 sive
1400 593 1519 621 indtfflvi
1533 603 1608 622 erant
1620 615 1628 626 ,
1654 604 1709 622 non
1725 596 1828 623 annales
1842 615 1849 626 ,
1873 602 1919 624 aut

334 633 429 664 annui,
448 633 501 661 hoc
522 634 574 665 est,
593 643 649 660 non
663 633 690 660 in
705 641 787 660 annos
802 632 928 670 singulos:
952 632 1048 660 deinde
1063 632 1171 669 quidam
1188 631 1250 659 faffi
1265 630 1324 659 sunt
1337 631 1457 663 annales,
1478 640 1537 660 tum
1551 631 1609 659 stati
1623 631 1670 660 soli
1684 632 1846 667 Apollinares.
1885 635 1918 662 In

336 671 500 699 Kalendario
514 673 642 699 Romano
658 670 714 697 fere
727 680 823 698 omnes
835 670 904 702 ludi,
925 673 970 707 qui
984 671 1013 697 in
1026 672 1147 698 Deorum
1162 669 1296 697 honorem
1307 669 1516 707 peragebantur,
1535 676 1565 696 ut
1569 668 1638 704 stati
1651 678 1784 699 notantur.
1799 679 1858 700 tum
1868 673 1917 709 igi-

337 716 382 737 tur
401 707 523 746 nonstats'
536 709 643 737 fuerunt
656 707 779 736 funebres
793 711 819 737 ἓξ
835 709 928 736 votivi.
960 709 1011 735 Sed
1025 708 1080 736 haec
1094 708 1193 745 singula
1206 708 1382 743 prolixiorem
1399 708 1534 744 aliquanto
1547 709 1685 743 requirunt
1697 709 1919 746 explicationem,

335 755 420 784 quam
433 746 478 776 hic
493 746 676 784 subjiciemus,
696 745 806 783 sumpto
819 747 896 775 initio
909 746 941 774 ab
955 747 1001 778 iis,
1023 747 1068 785 qui
1081 747 1108 774 in
1124 747 1247 774 Deorum
1261 745 1396 774 honorem
1409 745 1537 775 celebrati
1550 744 1666 800 Qut.

1019 817 1043 843 C
1064 827 1080 844 Λ
1101 826 1125 844 Ρ.
1163 817 1254 850 ΧῙΙῙ.“

926 871 980 904 De
997 869 1079 904 ludis
1096 868 1332 917 Megaletfibus.

402 944 493 972 ninam
510 944 661 983 Megalenses
679 944 734 972 ludi
754 944 874 974 fuerint,
901 952 956 971 non
979 945 1049 971 inter
1070 952 1164 972 omnes
1184 944 1319 972 convenit.
1360 943 1478 978 Scriptor
1498 943 1558 971 vitae
1579 943 1710 976 Terentii,
1738 944 1792 973 five
1806 947 1828 974 is
1841 947 1922 976 AElias

419 987 536 1010 Donatus
549 1004 556 1015 ‚
584 984 637 1012 five
650 983 714 1011 alius
731 984 766 1010 est
781 1004 788 1014 ,
809 980 960 1019 Megale-asts
973 982 1078 1018 magnis
1094 982 1152 1010 Diis
1168 982 1334 1010 consecratos
1347 981 1398 1008 elle
1409 1001 1416 1012 ‚
1437 989 1503 1016 quos
1518 983 1604 1009 Graeci
1619 991 1760 1017 μέμψεώς
1774 985 1920 1020 appellant,

423 1022 450 1049 &
464 1020 535 1049 hunc
548 1021 692 1049 secuuntur
706 1029 765 1048 tum
780 1020 824 1047 alii
840 1018 934 1051 multi,
955 1026 1014 1047 tum
1029 1020 1110 1047 etiam
1125 1026 1250 1048 Amemus
1264 1024 1398 1047 Govennus
1412 1019 1458 1045 IC.
1472 1019 1517 1055 qui
1529 1020 1626 1048 etiam,
1648 1019 1750 1049 uthanc
1759 1021 1920 1052 sententiam

338 1057 484 1086 defendere
496 1051 591 1096 possit}
609 1057 758 1096 Megalesia,
778 1056 792 1085 ὲ
806 1056 999 1094 Megalensibus
1016 1058 1160 1095 distinguit.
1195 1059 1245 1085 Sed
1264 1057 1336 1085 τεᾶὶε
1351 1056 1481 1084 refutatur
1501 1056 1515 1083 a
1529 1061 1567 1084 M.
1583 1058 1697 1085 Antonio
1711 1063 1820 1088 Murem.
1852 1062 1918 1090 Non

338 1096 414 1123 enim
435 1097 585 1134 Megalensts
605 1097 660 1125 ludi
682 1097 718 1124 illi
738 1095 797 1123 sunt
815 1095 939 1131 appellati
952 1116 959 1127 ‚
987 1097 1031 1133 qui
1052 1095 1079 1123 in
1093 1097 1227 1124 honorem
1246 1104 1407 1132 magnorum
1424 1095 1548 1121 Deorum
1566 1095 1764 1123 celebrabantur
1779 1118 1786 1129 ,
1812 1097 1856 1126 sed
1874 1101 1921 1136 qui

337 1142 443 1170 magnce
457 1136 579 1162 Deorum
596 1135 676 1162 Matri
689 1133 801 1164 fiebant,
823 1136 850 1161 &
864 1135 984 1170 primum
1001 1134 1111 1170 quidem
1124 1134 1189 1161 dieti
1202 1131 1369 1170 Megalenfia3
1384 1133 1472 1168 postea
1488 1153 1494 1163 ‚
1516 1138 1545 1159 ut
1557 1133 1601 1164 fit,
1627 1134 1724 1162 detrita
1734 1135 1810 1163 litera
1823 1147 1849 1169 n,
1864 1142 1922 1163 Me-

332 1171 394 1207 gale
403 1182 438 1199 m.
479 1174 523 1200 Sic
548 1172 621 1200 enim
643 1171 775 1200 Terentius
801 1175 876 1198 Varro
891 1193 897 1204 ‚
924 1172 1156 1209 quemadmodum
1176 1169 1298 1208 Jtfiphus
1315 1169 1425 1207 Scaliger
1444 1170 1587 1206 legendum
1608 1172 1757 1200 existimat:
1784 1174 1922 1211 Megalesia

339 1209 410 1236 dieta
426 1210 439 1238 a
452 1212 552 1238 Graccis
567 1231 574 1242 ‚
601 1211 673 1247 quod
688 1220 720 1238 ex
735 1210 807 1237 libris
824 1209 956 1246 Sibyllinis
971 1209 1095 1237 accerfita
1109 1210 1142 1236 ab
1156 1208 1248 1237 Attalo
1263 1210 1338 1245 Rege
1354 1209 1475 1245 Pergami
1490 1227 1496 1237 ,
1526 1208 1664 1236 Peliflunte
1675 1229 1682 1238 ,
1710 1210 1755 1236 ubi
1769 1212 1922 1250 Megalesion

339 1246 475 1283 templum
502 1249 557 1284 ejus
582 1249 646 1275 Deae
659 1269 666 1280 ,
693 1249 763 1276 unde
789 1248 898 1276 adveeta
925 1250 1055 1276 Romam.
1096 1249 1130 1275 Et
1155 1247 1243 1274 Festus
1257 1256 1262 1272 ι
1289 1245 1424 1283 Megalesm
1443 1244 1512 1271 ludos
1531 1249 1625 1272 Mams
1645 1256 1738 1283 magna
1756 1250 1922 1282 appellabam,

341 1284 416 1322 Qiu
432 1286 512 1314 etiam
532 1286 623 1313 Livius
636 1286 689 1322 ipse
706 1307 712 1318 ‚
739 1294 769 1313 ut
784 1287 818 1313 de
831 1286 885 1313 aliis
900 1294 1001 1315 taceam
1017 1307 1024 1317 ,
1044 1286 1117 1313 idem
1131 1285 1284 1312 confirmat.
1322 1286 1387 1312 Haec
1404 1283 1478 1310 enim
1492 1281 1551 1310 sunt
1565 1283 1622 1319 ejus
1636 1284 1715 1312 verba
1729 1284 1774 1313 lib.
1790 1287 1920 1324 vigesimo

340 1331 424 1350 nono.
454 1325 484 1351 In
499 1324 584 1351 aedem
599 1325 741 1355 Vicini-ize,
761 1332 818 1361 quae
833 1325 868 1351 est
881 1325 909 1351 in
922 1324 1037 1356 Palatio,
1057 1323 1190 1360 pertulere
1203 1324 1290 1350 Deam
1305 1322 1391 1358 pridie
1405 1321 1467 1361 Idus
1481 1319 1592 1357 Aprilis:
1612 1320 1684 1358 isque
1698 1323 1753 1351 dies
1767 1323 1846 1353 festus
1861 1325 1922 1357 fuit.

341 1361 456 1396 Populus
470 1360 593 1399 frequens
606 1363 676 1390 dona
689 1364 753 1390 Deae
767 1363 794 1389 in
810 1362 937 1389 Palatium
952 1362 1014 1390 tulit
1026 1373 1032 1389 ι
1059 1362 1250 1389 leffisternium
1263 1380 1271 1391 ‚
1300 1363 1327 1388 ἃ
1340 1359 1396 1387 ludi
1410 1360 1484 1386 tuere
1497 1379 1503 1390 ‚
1522 1358 1658 1396 Megalesia
1671 1361 1809 1397 appellata.
1847 1364 1922 1392 Item

339 1396 410 1426 libro
426 1400 565 1437 trigesimo
586 1409 690 1437 quarto.
721 1397 855 1437 Megalesta
868 1420 874 1430 ,
902 1400 977 1428 ludos
997 1399 1122 1427 scenicos.
1147 1403 1176 1426 C.
1190 1396 1299 1426 Attilius
1311 1402 1434 1424 Serranus
1446 1417 1454 1428 ‚
1480 1401 1511 1423 L.
1524 1396 1663 1425 ScrlbonAlM
1676 1399 1736 1426 Ltbo
1750 1401 1850 1429 AEdiles
1867 1403 1921 1430 Cu-

342 1436 412 1464 rules
431 1439 513 1473 primi
534 1438 664 1466 fecerunt.
705 1439 769 1474 Qo
783 1447 815 1464 ex
830 1437 892 1465 loco
905 1439 988 1465 etiam
1004 1437 1067 1465 illud
1083 1437 1182 1464 constat
1192 1457 1199 1468 ,
1221 1436 1319 1463 AEdiles
1333 1434 1443 1462 Curules
1457 1433 1505 1461 hos
1519 1434 1595 1462 ludos
1609 1437 1729 1469 cdidiffe,
1751 1440 1823 1475 quod
1836 1443 1920 1467 etiam

341 1483 374 1502 ex
395 1474 509 1502 Cicerone
523 1475 591 1503 libro
606 1477 700 1513 quinto
716 1476 836 1503 Adtionis
849 1485 874 1502 2.
889 1477 916 1503 in
931 1479 1043 1503 Verrem
1059 1495 1066 1507 ‚
1095 1478 1119 1503 ἃ
1134 1474 1202 1502 libro
1214 1473 1331 1501 secundo
1345 1474 1378 1501 de
1392 1472 1506 1509 Legibus
1520 1473 1692 1501 manifestum
1707 1475 1743 1502 est
1756 1496 1764 1506 ,
1791 1477 1836 1504 ubi
1851 1479 1922 1506 inter

341 1512 391 1539 alia
411 1512 445 1540 sic
466 1512 575 1541 scribit:
601 1518 680 1540 Sumo
701 1513 792 1539 AEslsles
812 1521 934 1540 curatores
955 1513 1028 1540 Urbts
1042 1535 1049 1546 ‚
1075 1522 1174 1540 annona
1188 1532 1194 1543 ‚
1220 1511 1385 1550 ludorumque
1398 1510 1548 1545 solennium.
1588 1511 1665 1538 Idem
1682 1522 1715 1539 ex
1736 1513 1854 1542 Asconio
1868 1517 1924 1543 1²ae-

342 1550 423 1577 diano
438 1552 646 1579 Commentario
658 1552 684 1578 in
700 1551 888 1578 Cornelianum
905 1552 1053 1581 Ciceronis,
1064 1554 1089 1579 ὅς
1104 1551 1193 1578 Dione
1206 1549 1249 1576 lib.
1259 1560 1302 1586 39.
1316 1550 1406 1585 liquet.
1426 1548 1535 1576 Fiebant
1550 1557 1639 1577 autem
1654 1549 1679 1577 hi
1695 1551 1749 1578 ludi
1766 1552 1793 1579 in
1804 1553 1921 1585 Palatio,

343 1588 416 1624 quod
431 1589 511 1615 docet
525 1589 608 1616 Cicero
622 1589 751 1616 Oratione
764 1589 797 1616 de
812 1589 922 1626 Harusp.
936 1589 1050 1625 respons.
1064 1588 1102 1615 his
1117 1588 1204 1615 verbis
1218 1599 1222 1614 :
1253 1590 1325 1614 Ram
1341 1588 1404 1624 quid
1421 1595 1473 1623 ego
1488 1587 1522 1613 de
1536 1587 1587 1614 illis
1601 1587 1669 1615 ludis
1682 1588 1774 1625 loquar
1784 1610 1790 1621 ‚
1813 1593 1878 1626 quos
1893 1592 1922 1619 in

345 1625 446 1653 Palatio
467 1627 548 1654 nostri
569 1627 687 1662 majores
700 1635 762 1655 ante
775 1627 908 1663 templum
919 1648 927 1661 ,
953 1628 980 1654 in
995 1627 1051 1663 ipso
1065 1625 1207 1662 conspectu
1222 1626 1314 1653 Matris
1329 1635 1433 1663 magnae
1447 1623 1626 1662 Megalenfibus
1639 1625 1695 1652 fieri
1708 1646 1715 1657 ‚
1743 1627 1923 1665 celebrarique

344 1663 495 1693 voluerunt.
537 1667 594 1692 Hos
613 1665 689 1693 ludos
707 1674 756 1700 per
769 1664 812 1693 sex
826 1666 880 1692 dies
892 1686 900 1697 ‚
928 1664 1038 1702 &pridie
1054 1666 1147 1692 Nonas
1161 1663 1243 1700 April.
1256 1664 1289 1690 ad
1306 1674 1330 1690 v.
1346 1665 1407 1690 Idus
1424 1662 1515 1702 tuille,
1541 1663 1599 1690 tatii
1614 1671 1715 1691 veteres
1729 1664 1923 1695 demonstrant.

345 1703 421 1730 Nam
443 1703 488 1731 etfi
501 1704 589 1730 Deam
603 1703 731 1739 perlatam
746 1703 796 1730 effe
810 1704 895 1740 pridie
908 1704 968 1730 Idus
982 1702 1079 1739 Aprilis
1092 1704 1119 1730 in
1132 1703 1216 1729 aedem
1234 1700 1345 1728 Vtcloriae
1359 1701 1496 1731 Pas'atmae,
1516 1710 1634 1738 eumque
1646 1702 1718 1729 diem
1734 1702 1831 1731 festum
1846 1704 1922 1732 fuiffe

344 1750 408 1768 cum
429 1740 588 1769 lcffisternio
609 1743 636 1770 &
656 1741 722 1768 ludis
737 1762 743 1772 ,
770 1742 815 1778 qui
835 1740 969 1779 Megalesia
988 1742 1074 1769 vocari
1094 1740 1153 1768 sunt
1168 1760 1175 1769 .
1196 1738 1285 1766 Lirim
1305 1740 1387 1767 dicat:
1408 1739 1496 1774 postea
1516 1749 1608 1767 tamen
1627 1749 1672 1767 eos
1692 1740 1768 1768 ludos
1787 1742 1815 1769 in
1836 1743 1922 1778 pridie

346 1779 441 1806 Nonas
455 1780 569 1815 rejecsstos
581 1780 646 1810 effe,
665 1788 721 1806 non
735 1779 771 1806 est
786 1778 799 1806 ἐ]
811 1789 875 1807 vero
888 1779 1019 1811 alienum,
1042 1788 1102 1806 cum
1118 1777 1262 1814 prcesertim
1279 1778 1360 1804 etiam
1377 1778 1439 1804 AElii
1454 1778 1584 1812 Spartiani
1598 1778 1781 1807 testimonium
1794 1781 1920 1812 accedat,

345 1818 392 1854 qui
414 1827 478 1845 cum
498 1827 555 1845 rix.
575 1817 637 1845 Idus
656 1815 753 1854 Aprilis
773 1817 831 1853 ipsis
847 1815 1028 1855 Megalenfibus
1042 1817 1236 1852 interemptum
1253 1815 1415 1842 caracallam
1431 1822 1520 1842 narret
1532 1836 1548 1855 ³.
1568 1814 1628 1842 satis
1643 1816 1741 1843 indicat
1755 1837 1763 1848 ,
1790 1819 1920 1855 Megalen-

344 1854 410 1890 st'um
423 1856 545 1892 primum
558 1855 631 1883 diem
644 1855 730 1891 pridie
744 1856 806 1882 Idus
821 1857 915 1892 Aprilis
928 1865 983 1883 non
996 1854 1072 1882 fuisse
1085 1875 1092 1885 ‚
1112 1854 1159 1881 nifi
1174 1854 1192 1880 ii
1206 1863 1264 1890 quis
1277 1853 1437 1880 mendosum
1452 1853 1503 1879 effe
1516 1857 1585 1879 Ln=11
1597 1853 1688 1880 locum
1702 1874 1709 1884 ,
1732 1856 1758 1882 &
1771 1863 1822 1890 pro
1834 1857 1921 1892 pridie

347 1895 409 1921 Idus
422 1915 430 1925 ‚
457 1894 602 1931 legendum
623 1893 710 1929 pridie
731 1894 824 1926 Nonas
843 1894 1002 1922 arbitretur:
1029 1902 1064 1919 ne
1082 1892 1264 1919 diffidentibus
1284 1892 1397 1927 antiquis
1410 1891 1536 1927 opinione
1547 1891 1626 1918 dubia
1640 1891 1808 1920 fluetuemus.
1848 1895 1920 1922 Vide

347 1932 459 1959 Paulum
482 1931 632 1960 Munatium
653 1932 864 1958 Commentariis
884 1932 911 1958 in
933 1941 956 1958 2.
971 1930 1115 1965 epistolam.
1129 1929 1174 1959 lib.
1187 1939 1212 1956 2.
1224 1929 1256 1956 ad
1273 1928 1426 1960 familiares,
1464 1930 1505 1955 De
1524 1928 1563 1955 his
1576 1928 1643 1956 ludis
1658 1930 1821 1957 Herodianus
1832 1930 1879 1960 lib.
1898 1943 1921 1960 1.

348 1971 427 1997 Veris
441 1970 518 1998 initio
531 1990 538 2001 ,
560 1968 715 2006 solennique
729 1969 772 1996 die
786 1978 917 2006 pompam
933 1968 1014 1996 Matri
1028 1969 1118 1995 Deum
1133 1967 1252 1994 Romani
1266 1966 1409 1995 celebrant.
1451 1967 1482 1994 In
1496 1976 1539 1998 ea,
1560 1975 1617 2003 quo:
1631 1968 1698 2003 apud
1712 1977 1848 2006 quemque
1861 1969 1922 1999 sunt

348 2007 501 2035 divitiarum
526 2008 656 2044 praecipua
681 2006 850 2044 supellexque
872 2007 998 2044 pleraque
1024 2004 1184 2040 Imperatoria
1196 2026 1204 2037 ,
1233 2007 1350 2033 materia:
1375 2012 1420 2033 aut
1445 2005 1506 2032 artis
1533 2004 1679 2041 spectantia:
1692 2026 1697 2037 ‚
1723 2006 1841 2041 praefcrri
1859 2015 1923 2036 ante

350 2046 438 2072 Deam
459 2046 552 2073 solent.
584 2046 734 2082 Pasfimque
748 2046 874 2072 omnibus
888 2045 995 2073 ludendi
1008 2043 1114 2071 licentia
1125 2043 1249 2081 permissa
1264 2063 1271 2074 ,
1298 2043 1332 2070 fic
1345 2051 1374 2071 ut
1386 2042 1508 2079 personas
1521 2043 1631 2071 induant
1646 2064 1653 2075 ‚
1680 2053 1743 2080 quas
1755 2046 1850 2083 cuique
1863 2046 1922 2074 libi-

349 2090 408 2109 tum
424 2103 430 2113 ‚
456 2083 607 2120 nullamque
620 2092 675 2110 non
691 2084 893 2121 Magistratuum
908 2092 1014 2121 quoque
1027 2083 1174 2119 imaginem
1189 2103 1198 2114 ‚
1224 2088 1304 2118 prout
1317 2081 1440 2117 cujusque
1455 2080 1569 2109 studium
1584 2101 1591 2112 ,
1618 2080 1804 2117 repraesentent
1817 2105 1825 2116 ,
1846 2084 1880 2112 fic
1892 2091 1923 2112 ut

350 2128 406 2146 non
420 2127 522 2147 temere
536 2120 549 2148 ἐι
563 2121 628 2148 falfis
643 2131 704 2149 vera
717 2120 866 2158 dignoscas.
887 2123 928 2149 De
941 2121 1106 2157 turpitudine
1119 2119 1253 2147 sacrorum
1268 2121 1363 2146 Mams
1376 2129 1468 2156 magna
1482 2119 1601 2147 Aurelius
1618 2120 1776 2157 Augustinus
1788 2121 1833 2149 lib.
1850 2132 1873 2149 2.
1887 2123 1921 2149 de

351 2158 468 2184 Civitate
483 2159 549 2189 Dei,
570 2168 625 2194 cap.
637 2170 663 2195 5.
679 2162 705 2187 &
721 2160 765 2187 lib.
776 2163 799 2187 6.
814 2169 870 2196 cap.
885 2163 926 2187 26.
947 2159 1065 2185 Plurima
1078 2159 1111 2185 de
1126 2155 1306 2196 Megalensibus
1318 2158 1431 2185 Ovidius
1443 2157 1487 2184 lib.
1495 2167 1522 2192 4.
1543 2158 1695 2190 Fastorum,
1716 2168 1747 2186 ex
1756 2169 1811 2197 quo
1819 2160 1920 2195 aliquot

352 2194 439 2223 versus
454 2196 593 2222 citavimus
607 2198 634 2223 in
649 2197 822 2229 Kalendario‚
844 2197 959 2235 reliquos
973 2197 1005 2224 ab
1020 2197 1075 2232 ipio
1089 2203 1158 2233 pete.
1181 2195 1267 2233 Simul
1280 2195 1362 2222 etiarn
1375 2202 1466 2232 repete
1480 2205 1524 2227 ea,
1546 2205 1602 2232 quae
1615 2196 1660 2226 lib,
1671 2206 1695 2223 2.
1709 2197 1743 2224 d:
1755 2202 1812 2225 Dea
1820 2196 1919 2233 Cybele,

353 2236 380 2261 &r
402 2232 446 2259 lib.
460 2244 482 2269 3.
502 2233 535 2259 de
552 2234 629 2259 Gallu
637 2234 803 2268 fiacerdotrbus
824 2236 886 2263 Deae
908 2235 1021 2272 Cybeles
1032 2255 1039 2266 ‚
1068 2237 1094 2263 &c
1113 2233 1253 2271 Archtgallo
1272 2233 1398 2260 diximus.
1437 2233 1584 2260 Alexander
1601 2232 1633 2261 ab
1651 2234 1794 2263 Alexandro
1811 2234 1879 2261 libro
1895 2238 1922 2262 6.

352 2271 506 2298 Genialium
521 2270 639 2302 dierum,
659 2281 715 2307 cap.
731 2284 773 2308 ¹9·
786 2283 848 2300 cum
863 2275 897 2301 de
912 2270 1091 2311 Megaletfium
1105 2272 1270 2299 instituiione
1282 2271 1384 2299 dixiss'et
1397 2292 1404 2303 ‚
1424 2271 1478 2299 haec
1491 2271 1639 2309 subjungit:
1661 2274 1732 2300 Ante
1745 2274 1807 2299 Deae
1817 2272 1921 2300 fimula-

353 2309 448 2336 chrum
461 2308 551 2335 ludere
560 2327 566 2338 ‚
588 2309 774 2346 matronasque
788 2310 906 2346 spefihtae
920 2312 1053 2347 pudicitiae
1066 2311 1094 2338 in
1107 2309 1145 2336 his
1158 2308 1278 2347 psallere,
1299 2310 1440 2337 memoria:
1454 2311 1548 2337 datum
1563 2312 1606 2337 est.
1649 2310 1750 2348 Qibus
1763 2309 1854 2337 diebus
1864 2311 1922 2337 Ro-

351 2356 438 2375 manae
457 2345 652 2374 consuetudinis
673 2354 742 2378 erat,
762 2350 897 2378 convivia,
919 2352 945 2377 ἃ
965 2348 1114 2377 sodalitates
1134 2348 1251 2375 invicem
1264 2356 1355 2384 agere,
1375 2350 1402 2376 ὃς
1417 2347 1570 2380 contestari,
1591 2348 1664 2375 vidtu
1678 2357 1767 2376 tamen
1782 2347 1876 2386 fi·ugali
1892 2351 1920 2377 &

350 2386 487 2414 modesto:
509 2393 558 2412 nec
569 2384 613 2412 die
624 2392 728 2413 tantum
738 2405 745 2417 ,
767 2385 810 2413 sed
825 2386 907 2416 nediu
922 2387 1030 2423 epulari.
1069 2388 1196 2424 Namque
1209 2385 1296 2414 hiludi
1303 2387 1433 2424 praecipue
1441 2387 1517 2419 casti,
1537 2394 1638 2423 magno
1646 2385 1737 2414 favore
1744 2384 1921 2423 speetamium

1858 2434 1922 2453 COH-
