2075 2734
381 96 431 124 Da
453 96 582 124 Mense
603 92 801 128 Aut-,usroj
820 103 862 124 ετ
884 105 1075 126 „11:1³0st
1095 105 1134 125 ao
1155 95 1299 126 Fas-risi
1337 98 1421 127 Car.
1444 108 1485 127 12.
1679 101 1732 139 287

139 151 197 192 'ejus'
209 151 336 190 auspicia,
356 160 388 179 ac
403 151 500 183 fidem,
521 152 634 188 AEgyptus
646 150 698 178 hoc
711 135 805 177 *ense
820 150 848 177 in
862 150 1021 185 potestatem
1036 150 1128 187 populi
1143 152 1262 180 Romani
1278 153 1381 180 redae'ta
1394 153 1439 184 fit,
1461 153 1570 192 finisque
1584 154 1636 184 hoc
1651 165 1728 185 men-

140 193 168 222 se
185 191 260 220 bellis
276 190 395 219 civilibus
417 188 556 227 impolitus
567 187 597 216 fit
612 209 617 218 ,
644 196 723 225 atque
736 188 771 215 ob
784 187 829 215 has
845 197 930 216 cauas
944 187 988 216 hic
1005 189 1100 217 mensis
1114 189 1176 218 huic
1188 191 1309 227 Imperio
1324 191 1486 219 felicissimus
1502 193 1532 221 sit
1545 213 1552 224 ‚
1581 203 1611 221 ac
1627 195 1726 228 fuerit,

138 232 242 269 placere
261 229 389 259 Senatui,
416 236 445 256 ut
465 227 509 255 hic
530 225 626 254 menfis
649 225 775 262 Augustus
788 226 940 263 appelletur.
980 227 1050 254 Item
1065 228 1235 256 Plebiscitum
1251 229 1352 257 faetum
1366 229 1402 256 ob
1417 231 1530 258 eandem
1545 240 1605 258 rem
1619 254 1627 265 ,
1652 238 1726 262 Sext.

137 268 244 298 Pacubio
258 267 381 295 Tribuno
395 265 500 303 plebem
514 270 634 301 rogante.
658 264 794 291 Hmstenus
806 263 954 291 Macrobius.
981 265 1058 292 Idem
1074 264 1128 293 fere
1142 267 1196 293 Dio
1211 266 1281 295 libro
1292 278 1335 303 55.
1351 268 1447 299 tradit,
1467 268 1507 296 his
1519 269 1606 297 verbis
1620 282 1625 297 ·,
1648 273 1726 300 Men.

137 307 196 336 sem
212 305 334 333 Sextilem
349 302 490 342 Augustum
505 302 656 343 nominavit
671 312 676 328 ε
704 303 775 339 quod
792 312 894 330 nomen
907 302 969 330 cum
986 302 1029 330 alii
1043 304 1193 340 Septembri
1208 326 1215 337 ‚
1242 314 1296 342 quo
1311 305 1400 333 mense
1414 315 1488 334 natus
1503 307 1567 335 esset
1581 309 1726 346 Augustus,

138 345 232 374 indere
254 344 367 376 vellent,
387 345 441 378 ipre
453 339 577 367 sextilem
590 339 720 380 praetulit,
743 340 816 378 quod
832 350 864 368 eo
878 340 971 368 menie
985 340 1106 376 primum
1124 343 1222 370 Consul
1238 343 1334 375 factus,
1356 353 1386 372 ac
1401 355 1433 372 eo
1450 345 1541 374 multis
1549 348 1653 384 magnis
1660 358 1725 385 prae-

137 384 179 412 ΜΞ
191 383 304 411 νῇἃοῑὶᾶ
317 382 418 419 potitus
428 379 503 406 effer.
534 378 568 404 Et
583 380 716 405 Suetonius
731 379 758 406 in
774 379 892 417 Augusto
905 399 913 410 ‚
931 379 1017 416 capite
1034 389 1076 416 31.
1107 381 1216 407 Annum
1232 402 1238 411 ,
1258 382 1345 418 inquit
1359 382 1372 409 a
1386 383 1450 411 divo
1464 383 1539 421 Julio
1551 386 1724 419 ordinatum,

136 422 180 451 sed
201 420 290 458 postea
309 418 471 457 negligentia
491 415 680 444 conturbatum
702 424 781 455 atque
801 417 943 446 confufiim
958 439 966 449 ,
994 416 1081 445 rursus
1098 417 1130 444 ad
1151 418 1287 453 pristinam
1308 420 1442 448 rationem
1456 423 1580 459 redegit:
1606 425 1634 451 in
1648 424 1723 460 cujus

136 460 337 489 ordinationem
354 455 478 484 Sextilem
498 453 618 481 mensem
640 454 654 482 ἐ
673 455 721 483 suo
739 456 852 484 nomine
872 456 1037 493 nuncupavit
1049 476 1056 486 ‚
1085 457 1171 492 magis
1185 455 1265 493 quam
1280 457 1445 490 Septembrem
1459 481 1465 491 ,
1493 469 1546 497 quo
1560 469 1617 489 erat
1630 469 1721 489 natus:

136 499 199 537 quia
211 498 264 526 hoc
276 497 322 524 fibi
336 497 362 524 ὅς
375 494 479 531 primus
493 492 651 521 Consulatus
663 514 670 526 ‚
693 496 718 522 ἃ
734 495 848 532 iniignes
865 494 984 523 vietoriae
996 493 1158 531 obtigiflent.
1189 493 1323 521 Caeterum
1338 495 1380 523 hic
1396 497 1505 530 menfis,
1526 500 1571 535 qui
1586 500 1612 526 in
1625 501 1723 528 caeteris

137 535 222 565 tutela
245 543 320 566 erat,
347 542 380 561 ex
406 531 577 559 ordinatione
604 532 716 560 Romuli
742 536 769 562 &
787 532 852 571 Julii
870 543 931 562 xxx.
952 541 984 560 ex
1003 535 1090 559 Numa
1111 539 1201 560 autem
1222 533 1412 561 constitutione
1430 545 1509 564 xxix.
1529 538 1635 566 dierum
1656 537 1721 570 fuit,

137 581 168 603 ut
180 575 258 603 initio
268 572 347 609 hujus
359 570 421 598 libri
435 570 585 599 docuimus.

651 641 703 675 De
717 639 821 675 diebus
837 642 944 689 mensis
957 639 1095 689 Augusti
1103 640 1205 687 fcstis.

174 721 302 752 Kalendis
315 720 422 758 Augusti
433 720 509 750 nullae
523 720 594 749 feriae
608 722 634 749 in
648 720 694 749 illo
709 722 871 750 Kalendario
885 742 892 754 ‚
912 722 984 759 quod
999 721 1077 749 initio
1089 720 1168 757 hujus
1181 720 1240 748 libri
1253 719 1391 757 posuimus
1403 741 1411 752 ,
1431 727 1529 750 notatae
1543 723 1610 751 sunt.
1640 724 1719 762 Legi-

133 770 195 791 mus
210 768 302 790 tamen
315 761 383 796 apud
399 759 507 788 Dionem
519 759 564 788 lib.
574 763 619 788 60.
633 760 759 789 Kalendis
772 759 878 798 Augzsti
890 760 1018 797 equestria
1032 760 1178 788 certamina
1192 758 1267 787 fuisse
1281 759 1395 788 exhibita
1404 781 1411 792 ,
1432 760 1506 798 quod
1523 770 1555 788 eo
1570 762 1612 788 die
1626 762 1722 790 Martis

132 801 202 829 aedes
214 798 366 828 consecrata
378 798 450 827 esset.

174 839 225 866 IV.
247 839 321 865 Non.
342 835 453 875 Augusti
471 842 546 863 erant
559 836 631 864 feria:
645 856 653 868 ‚
679 836 754 874 quod
769 837 854 865 Caesar
869 835 1018 871 Hispaniam
1034 837 1190 864 citeriorem
1205 836 1313 864 vicisset.
1356 838 1461 863 Harum
1477 837 1513 864 ita
1527 838 1654 864 meminit
1668 839 1723 865 Ka-

131 876 303 905 lendarium:
330 876 388 903 Fer.
408 874 489 911 Qod
508 874 561 902 hoc
582 875 624 902 die
644 878 675 903 C.
689 876 776 910 Caefizr.
795 875 871 912 Hisp.
884 876 929 903 cit.
945 876 1010 903 vicit
1024 895 1032 906 ‚
1058 874 1292 912 quemadmodum
1314 874 1393 902 etiam
1417 875 1444 901 in
1466 874 1550 903 altero
1563 875 1609 903 illo
1625 875 1722 902 Kalen-

131 916 224 947 dario,
246 914 319 952 quod
335 913 466 941 beneficio
490 911 622 940 Benediffl
636 912 706 941 Aria
718 913 838 941 Montani
851 915 879 942 in
893 913 982 941 lucem
995 914 1089 941 datum
1103 913 1154 940 est:
1174 913 1305 949 scripturn
1320 911 1411 941 fuisse,
1433 912 1617 951 fragmentum
1634 913 1722 940 osten-

132 954 173 983 dit
185 973 193 984 ,
220 962 282 980 c11.
295 952 370 979 vicit.
403 951 492 978 Priora
513 952 587 979 enim
601 952 789 980 defiderantur.
828 954 893 981 Haec
908 950 972 980 vero
988 961 1045 989 quae
1058 951 1130 987 prius
1143 961 1176 979 ex
1193 951 1355 979 Kalendario
1368 950 1476 989 integro
1490 951 1612 988 adscripfi
1625 951 1720 984 verba,

131 991 168 1019 fic
181 989 293 1028 legenda
306 989 381 1017 sunt:
403 990 484 1016 Feriae
497 991 569 1027 quod
584 989 637 1017 hoc
651 991 695 1018 die
713 993 744 1018 C.
757 991 836 1025 Castu*
848 990 1004 1026 Hispaniam
1019 991 1174 1018 citeriorem
1188 990 1260 1017 vicit.
1281 990 1323 1016 De
1336 987 1386 1016 hac
1401 987 1465 1017 vcro
1479 990 1592 1018 vietona
1605 992 1632 1017 ὃς
1648 989 1721 1018 feriis

131 1030 160 1057 in
171 1028 336 1056 memoriam
346 1027 402 1064 ejus
417 1027 552 1057 celebratis
569 1027 619 1055 Dio
634 1028 735 1067 lib.43.
770 1029 800 1057 Id
814 1029 982 1066 postremum
999 1028 1098 1056 bellurn
1114 1029 1146 1056 ab
1159 1038 1194 1056 eo
1208 1026 1364 1056 confectum
1379 1027 1414 1054 est
1428 1048 1435 1059 ‚
1462 1026 1582 1066 hancque
1595 1027 1720 1055 ultimam

131 1067 276 1095 vistoriam
295 1067 458 1103 reportavit,
479 1069 530 1095 δῖε.
570 1066 755 1095 Nihilominus
776 1075 868 1096 tamen
889 1066 980 1105 aperte
995 1066 1145 1104 triplexque
1158 1075 1258 1103 pompa
1274 1067 1370 1093 Romae
1383 1066 1417 1093 de
1433 1065 1545 1094 victoria
1558 1065 1722 1103 Hispanienfi

130 1105 221 1134 habita
243 1106 279 1133 est
292 1126 300 1137 ‚
327 1104 452 1142 feriaeque
472 1104 578 1142 insuper
598 1105 788 1143 quinquaginta
804 1107 908 1134 dierum
924 1105 996 1133 aetae.
1037 1106 1079 1132 De
1093 1106 1187 1133 eadem
1202 1104 1311 1132 vietoria
1324 1103 1456 1131 Suetonius
1472 1104 1500 1132 in
1515 1104 1588 1142 Julio
1602 1103 1720 1135 Caesare,

132 1145 221 1181 capite
235 1147 278 1181 36.
292 1145 319 1172 &
332 1142 401 1170 alibi.
417 1142 566 1170 Plutarchus
578 1144 605 1170 in
619 1144 675 1180 ejus
689 1145 752 1172 vita.
773 1144 876 1171 Hirtius
892 1143 937 1172 lib.
951 1144 985 1171 de
1000 1143 1074 1171 Bello
1087 1142 1259 1180 Hispaniensi.
1282 1141 1386 1177 Vellejus
1401 1142 1445 1170 lib.
1456 1152 1479 1169 2.
1500 1143 1640 1179 Imprimis
1654 1146 1717 1169 Car.

130 1181 247 1219 Sigonius
261 1183 289 1209 in
305 1181 443 1208 Fastorum
458 1182 684 1212 Commentariis,
706 1183 738 1209 ad
751 1191 852 1209 annum
869 1191 1000 1209 mccux.

174 1223 209 1247 V.
229 1220 290 1246 Idus
304 1219 414 1254 Augusti
426 1219 462 1246 ita
473 1226 580 1246 notatus
594 1219 621 1245 in
638 1219 800 1246 Kalendario
814 1220 861 1246 est:
882 1222 944 1247 Hoc
957 1219 1000 1246 die
1013 1219 1092 1253 Caesszr
1106 1216 1213 1252 Hispali.
1225 1216 1271 1245 vic.
1285 1217 1313 1244 id
1327 1217 1378 1248 est,
1397 1219 1460 1244 Hoc
1473 1218 1516 1245 die
1530 1217 1614 1245 Caessr
1630 1215 1720 1251 Hispa-

132 1256 270 1321 Ιὶνῖιῑνίεἰῖ.
283 1293 299 1320 s
313 1255 442 1283 Meminit
462 1257 490 1283 δε.
509 1255 587 1292 hujus
607 1256 724 1284 victoriae
742 1256 794 1284 Dio
813 1257 858 1285 lib.
868 1267 915 1294 43.
933 1258 1002 1284 item
1020 1260 1151 1284 Suetonius
1165 1257 1193 1284 in
1209 1255 1325 1286 Caelare,
1352 1256 1379 1283 &
1398 1252 1501 1287 Hirtius
1513 1254 1583 1282 libro
1596 1255 1630 1283 de
1645 1254 1731 1283 Bello—

132 1295 171 1323 H·
184 1294 281 1330 panien
292 1304 308 1321 ι.

172 1333 223 1359 VI.
242 1332 304 1359 Idus
319 1333 390 1358 Aras
404 1329 465 1365 opis
479 1333 506 1360 δε
520 1330 620 1358 Cereris
634 1332 662 1360 in
676 1333 738 1360 vico
751 1334 862 1370 Jugario
875 1333 1038 1361 consecratas
1049 1333 1100 1361 effe
1113 1353 1122 1365 ‚
1142 1330 1222 1360 Lilius
1235 1329 1367 1368 Gregorius
1380 1329 1505 1368 Gyraldut
1519 1339 1553 1358 ex
1568 1330 1667 1366 veteri,
1688 1336 1719 1357 ut

129 1368 185 1406 ipse
197 1370 248 1401 ait,
269 1369 430 1398 Kalendario
443 1376 527 1397 notat.

170 1407 258 1435 Pridie
276 1407 339 1435 Idus
353 1406 457 1434 Herculi
468 1417 558 1444 magno
573 1406 675 1444 Custodi
687 1409 715 1435 in
728 1408 801 1436 circo
817 1408 951 1437 Flaminio
963 1407 1033 1436 sacra
1047 1407 1116 1435 fasta
1130 1406 1194 1438 effe,
1216 1407 1291 1435 idem
1305 1405 1385 1434 Lilius
1400 1405 1524 1444 G-'yrnldus
1538 1412 1664 1437 annotat,
1683 1413 1717 1433 ex

129 1445 215 1475 veteri
229 1444 398 1473 Kalendario.

129 1476 138 1483 k
169 1481 259 1511 Idibus
275 1483 384 1519 Augusti
397 1482 490 1511 Dianae
500 1482 571 1513 fitera
584 1483 696 1515 fiebant,
716 1485 789 1522 quod
803 1480 911 1513 testatur
923 1483 1057 1512 Martialis
1071 1485 1154 1522 epigr.
1163 1486 1207 1514 68.
1220 1482 1280 1511 libri
1297 1479 1338 1534 ff

437 1522 512 1555 Majae
527 1521 684 1549 Mercurium
697 1521 792 1560 creastis
806 1523 865 1549 Idus
873 1543 881 1552 ,

444 1559 567 1597 Augustis
579 1562 647 1588 redit
660 1560 744 1587 Idibus
757 1559 855 1589 Diana.

167 1597 206 1632 Et
220 1595 346 1631 Ausonius
357 1596 474 1633 Eidyllio
487 1598 521 1624 de
534 1597 606 1625 feriis
621 1599 766 1626 Romanis:

437 1639 472 1662 Et
485 1635 580 1663 medias
593 1636 654 1663 Idm
666 1637 748 1672 Mafi,
768 1636 922 1676 Augustique
934 1637 1046 1671 recurfic.

497 1671 624 1712 Qasfibi
636 1674 777 1702 Mercurim
785 1696 792 1707 ‚
811 1679 922 1714 qua—sque
936 1673 1023 1702 Diana
1035 1673 1111 1702 dicae.

170 1713 226 1747 Has
240 1711 316 1740 ferias
329 1710 454 1749 intelligit
467 1712 614 1746 Propertius
625 1712 688 1740 cum
700 1713 745 1741 lib.
760 1723 785 1741 2.
799 1715 866 1751 eleg.
883 1723 927 1750 33.
940 1712 975 1740 fic
989 1712 1092 1741 scribit:

559 1750 612 1778 Sed
621 1750 668 1778 tibi
681 1761 722 1778 me
732 1752 829 1779 credere
840 1752 915 1779 turba
928 1759 999 1778 vetat
1007 1773 1016 1783 ,

440 1786 508 1815 Cicm
522 1787 592 1816 videt
607 1787 708 1827 accensis
720 1790 838 1818 devotam
850 1799 946 1817 currere
957 1789 1027 1816 tadi}

497 1830 528 1853 In
539 1837 641 1856 nemus,
664 1828 697 1861 &¹
713 1827 804 1856 Trivia
816 1828 913 1857 lumina
918 1827 989 1863 ferre
1002 1831 1068 1855 Dea.

174 1863 299 1894 Mulieres
313 1866 388 1894 enim
402 1866 461 1895 voti
474 1866 620 1897 damnatae,
642 1868 669 1894 &
683 1873 825 1903 compotes
838 1867 870 1895 ab
883 1866 957 1895 Urbe
970 1866 1092 1894 ardentes
1107 1865 1177 1893 faces
1190 1864 1217 1891 in
1232 1863 1369 1891 Aricinum
1378 1870 1488 1894 nemus,
1503 1861 1549 1890 ubi
1556 1860 1711 1899 religiofiffi-

132 1902 182 1932 me
195 1903 328 1934 colebatur
342 1903 442 1938 Diana,
463 1904 583 1932 ferebant
595 1903 662 1931 illius
677 1906 740 1932 Deae
754 1904 841 1937 feriis,
862 1913 892 1933 ut
905 1903 1015 1933 ovidius
1029 1905 1056 1932 in
1073 1904 1151 1932 Fastis
1163 1901 1268 1931 scribit:

437 1947 594 1979 Sapepotens
605 1941 659 1969 voti
664 1943 777 1979 frontem
788 1942 910 1971 redimita
921 1942 1013 1970 coronis

500 1979 616 2009 Foemina
628 1980 736 2008 lucentes
745 1987 833 2018 portat
845 1981 876 2009 ab
888 1980 1029 2016 urbefixces.

174 2019 209 2047 Et
229 2026 368 2048 venatores
392 2022 403 2056 (
410 2029 474 2049 nam
488 2019 673 2048 venationibus
686 2019 773 2047 Diana
787 2020 894 2056 praeest)
908 2020 1089 2057 saepenumero
1103 2017 1172 2045 faces
1187 2017 1293 2054 spicatas
1303 2035 1323 2056 ³.
1336 2012 1453 2042 accensas
1467 2013 1501 2041 eo
1515 2013 1636 2042 ferebant
1645 2035 1653 2047 ‚
1683 2017 1709 2043 δε

131 2059 210 2088 'canes
225 2056 284 2085 suos
298 2058 397 2089 morbo
409 2080 416 2091 ,
437 2067 482 2088 aut
494 2058 578 2088 scabie
591 2057 700 2086 affectos
714 2057 803 2086 infulis
817 2057 916 2087 velatos
931 2059 996 2085 Deae
1007 2056 1127 2084 sistebant
1140 2076 1149 2088 ,
1170 2062 1305 2091 omneque
1317 2053 1524 2081 instrumentum
1539 2054 1710 2082 vei-latorium

130 2104 193 2129 ante
206 2105 266 2125 earn
281 2095 454 2126 collocabant.
472 2097 577 2126 Gratim
590 2097 623 2124 de
635 2097 798 2124 Venarione:

440 2136 596 2174 spicata-sique
602 2135 778 2171 fixcesfitcrum
791 2135 828 2162 ad
837 2134 962 2163 nemorale
974 2131 1062 2160 Diana

438 2173 566 2210 Ststtmm,
587 2173 628 2206 ἐς
634 2174 709 2208 solito
719 2173 797 2201 catuli
809 2177 928 2201 velantur
940 2173 1026 2200 honore
1037 2182 1044 2198 :

438 2214 538 2251 Jpffique
546 2222 592 2247 per
599 2211 672 2250 flores
685 2213 765 2239 medio
777 2211 804 2239 in
816 2211 955 2247 difirimine
968 2210 1020 2237 luci

445 2254 562 2278 stravere
574 2260 647 2278 arma
653 2250 748 2285 fficrtsss,
769 2250 810 2284 ἐς
818 2259 878 2285 pace
892 2247 1009 2278 vacantia
1016 2247 1090 2286 ftsta.

169 2289 223 2318 Sed
244 2291 270 2319 &
290 2287 377 2317 Diana
391 2310 398 2321 ,
426 2298 484 2327 quae
498 2290 587 2316 venari
599 2307 606 2319 ,
633 2288 750 2326 ferasque
764 2290 863 2327 agitare
875 2310 883 2320 ‚
912 2291 939 2317 ὃς
952 2287 1053 2324 sagittis
1065 2285 1197 2314 conficere
1211 2286 1384 2322 antiquorum
1398 2283 1525 2319 opinione
1541 2282 1694 2324 censebatur
1703 2303 1711 2314 ‚

131 2326 182 2358 illis
194 2328 254 2366 ipsis
268 2327 339 2355 feriis
354 2327 403 2356 suis
416 2349 423 2360 ,
450 2336 508 2364 quae
521 2326 610 2355 Idibus
625 2326 729 2363 Augusti
745 2327 943 2355 celebrabantur
956 2347 963 2357 ,
984 2326 1112 2352 emeritos
1127 2333 1203 2352 canes
1219 2344 1226 2355 ‚
1246 2322 1398 2360 quietosque
1413 2321 1427 2350 ὲ
1442 2322 1597 2353 venatione,
1619 2323 1645 2349 Sc
1658 2330 1711 2348 im-

128 2377 227 2399 munes
241 2366 337 2396 habere
351 2366 520 2398 credebatur,
539 2365 645 2402 ipsaque
657 2366 740 2394 etiam
754 2366 851 2394 feriari.
871 2369 970 2393 Statius
985 2362 1105 2399 Papinius
1122 2373 1145 2400 3.
1158 2364 1312 2399 Sylvarurn:

1661 2398 1712 2432 Ipft
