2075 2734
769 79 782 92 .
1499 84 1502 88 .

418 115 468 144 D!
490 116 618 145 Mansa
638 116 754 152 MAJo‚
779 123 820 143 ετ
842 121 970 142 ninus
995 121 1030 142 ru
1052 124 1092 144 zo
1114 117 1256 146 Fas-ris.
1288 114 1370 145 ΟΜ».
1390 78 1426 154 ρτ
1611 65 1702 156 '²7¹

123 166 224 196 dietum
240 162 379 197 namium,
399 165 472 203 quod
485 165 600 194 minime
614 165 646 194 fit
657 163 795 202 publicum
808 173 814 190 :
833 162 892 190 imo
906 163 943 190 ita
957 163 1060 193 diCtum
1069 185 1078 199 ,
1098 166 1170 202 quod
1184 174 1234 202 pro
1248 164 1348 202 populo
1362 165 1453 199 fieret,
1470 167 1500 195 ·&
1513 166 1646 199 Juvenal&
1661 169 1706 204 251-

124 205 197 233 ducit
212 202 331 233 versum:

432 244 482 269 Pro
487 240 574 277 populo
580 238 677 277 finiens
689 247 816 278 quantum
831 238 932 273 Sauseja
945 237 1050 268 bibebat.
1109 232 1184 307 9

159 280 270 309 Fiebant
284 284 374 309 autem
388 279 444 310 haec
456 279 525 307 sacra
537 278 551 306 ὲ
565 278 695 306 matronis
708 278 735 306 in
749 277 803 304 atde
817 276 952 307 Pontificis
968 278 1091 309 Maximi.
1130 307 1133 310 ,
1159 288 1224 316 aque
1239 289 1300 307 cum
1311 278 1342 308 in
1356 280 1455 314 :edibus
1469 285 1499 308 C.
1511 280 1578 314 sulii
1588 282 1705 317 Casmis‚

121 319 169 356 qui
183 327 242 347 tum
257 317 382 346 Pontifex
396 317 531 345 Maximus
544 324 601 345 erat
614 337 622 348 ‚
642 322 847 354 peragerentur,
869 319 897 341 P.
911 314 1028 346 Gladim,
1050 315 1174 347 muliebri
1191 318 1285 345 vestitu
1296 318 1419 351 indutus,
1439 321 1467 347 in
1481 320 1514 347 iis
1530 320 1706 356 deprehenfi1<

122 357 173 384 suit
182 379 189 389 ,
210 360 236 386 &
248 357 286 384 ita
298 355 367 383 {acra
381 364 411 382 ea
424 354 532 390 polluit:
553 355 615 391 Qa
629 355 661 382 de
675 364 703 381 re
717 357 816 383 acero,
838 352 1005 385 Plutarchus,
1025 355 1051 381 &
1067 353 1110 380 alii
1125 354 1200 390 saepe.

160 396 196 422 11.
216 395 267 422 Die
283 393 363 429 Maji,
383 393 428 428 qui
443 393 536 419 Latine
550 393 601 419 Vl.
614 393 689 420 Non.
705 391 816 422 dicitur,
839 389 993 425 Compitalia
1006 397 1096 422 erant,
1117 401 1233 428 quomm
1248 393 1283 421 fic
1298 396 1425 423 meminit
1440 395 1644 425 Kalendarium:

165 434 194 460 B.
214 435 241 461 F.
262 433 310 459 Co
319 441 340 459 M
348 441 371 458 r.
383 429 435 457 hoc
447 430 496 461 est,
518 430 604 458 Fastus
618 429 790 466 Compitalia.

164 472 242 498 Con
252 481 265 497 ν
275 480 283 498 ι
293 478 335 497 τΑ
345 477 377 495 Lx
388 477 403 494 A
418 477 424 494 2
450 468 538 504 inquit
554 471 629 495 Vin-ro
643 489 651 500 ‚
677 469 732 496 dies
746 467 888 496 attributus
902 466 1012 495 Laribus
1025 487 1034 499 ,
1061 474 1091 495 ut
1105 465 1166 493 alibi
1179 477 1183 493 :
1205 468 1274 506 ‘ideo
1289 490 1295 500 ‚
1316 469 1361 498 ubi
1375 472 1423 498 viae
1437 479 1597 507 competunt
1614 493 1621 504 ,
1642 478 1702 501 tum

123 511 150 537 in
166 508 307 545 compiteis
320 505 478 532 sacrificatur
492 516 497 532 :
525 507 666 543 quotannis
679 507 701 534 is
721 507 777 534 dies
796 505 953 543 concipitur.
987 505 1076 534 Festus
1089 515 1094 531 τ
1122 505 1272 540 Compnalm
1279 506 1343 543 festa
1358 528 1364 539 ‚
1392 518 1447 545 quae
1462 510 1488 536 in
1506 511 1632 546 compitis
1645 519 1705 547 per—

122 547 242 585 agebant.
277 546 319 571 De
332 542 372 571 his
384 542 460 571 sacris
473 546 542 580 apud
555 544 709 572 Mam-obiam
723 545 792 573 libro
810 555 831 572 1.
851 543 1061 572 Saturnaliorum
1077 564 1084 575 ‚
1106 552 1162 579 cap.
1175 554 1200 580 7.
1228 544 1339 574 Albinus
1352 546 1461 573 camma
1476 558 1484 572 :
1505 548 1621 585 Qalem
1635 558 1707 576 nunc

122 583 350 623 permutationem
364 580 497 611 sacrificii,
513 583 678 612 Praztextate‚
693 583 846 610 memorasti
861 603 868 614 ,
895 583 1004 610 invenio
1017 582 1105 618 postea
1120 580 1289 616 compimbbm
1302 582 1461 611 celebratam
1475 606 1482 615 ,
1512 595 1573 613 cum
1589 585 1644 614 ludi
1658 596 1705 624 per

123 622 226 651 Urbem
247 620 274 648 in
294 620 423 656 compitis
435 619 602 657 agitabantur
614 641 623 653 ‚
650 621 761 650 restituti
775 620 874 649 scilicet
888 619 901 648 a
915 621 1064 657 Tarquinio
1087 619 1206 656 Superbo
1227 619 1334 651 Laribus
1352 630 1382 648 ac
1403 626 1508 653 Mnmae,
1531 633 1563 651 cx
1578 624 1703 661 responso

123 659 252 698 Apollinis
266 679 274 690 ,
299 667 354 695 quo
373 666 536 695 praeceptum
556 659 593 686 est
605 680 612 691 ‚
639 666 669 686 ut
688 669 737 696 pro
752 659 880 696 capitibus
892 657 1089 695 supplicaretur.
1129 658 1213 695 quue
1227 658 1378 695 aliquandiu
1392 658 1559 688 observatum
1577 683 1582 693 ,
1610 670 1639 689 ut
1653 671 1703 698 pro

121 697 285 726 familiarum
297 695 421 731 sospitate
437 698 513 732 pueri
526 697 706 725 maeiarentur
718 698 810 725 ,Mania
823 701 881 724 Deae
894 717 901 728 ,
922 697 1002 724 matri
1017 697 1136 724 Larium.
1176 697 1259 732 Qiod
1273 696 1392 724 lactificii
1405 705 1488 734 genus
1498 718 1504 728 ‚
1525 697 1626 734 Jtmim
1639 704 1708 726 Bru-

119 744 162 764 tus
184 733 281 763 Consul
302 734 375 771 pulso
396 735 546 771 Tarquinio
566 735 641 762 aliter
660 736 794 763 constituit
814 735 1012 762 celebrandum.
1053 736 1128 762 Nam
1139 735 1266 771 capitibus
1279 735 1330 762 allii
1345 756 1351 764 ‚
1378 736 1405 762 &
1421 737 1557 771 papaveris
1570 737 1708 775 supplicari

120 775 193 811 juffit
207 794 214 805 ‚
241 781 270 801 ut
293 771 417 808 responso
431 772 558 806 Apollim'ae
572 772 711 801 satisfieret
721 774 754 801 de
768 774 879 801 nomine
894 774 1011 809 capitum
1027 794 1034 804 ‚
1063 780 1173 800 remoto
1187 772 1289 801 scilicet
1302 771 1399 800 scelere
1411 772 1527 801 infausta:
1543 774 1708 803 zacrificatio-

120 813 170 840 nis.
210 812 375 847 Faetumque
396 810 432 837 est
445 831 454 842 ‚
478 819 508 840 ut
529 811 631 849 effigies
647 810 859 847 Maniaeftqpenfh
873 821 922 849 pro
938 811 1104 847 fingulomm
1120 809 1222 838 foribus
1232 831 1240 843 ‚
1268 811 1418 847 periculum
1431 810 1451 837 fi
1464 812 1536 848 quod
1553 813 1709 842 immineret

121 849 230 878 familiis
243 871 249 881 ‚
278 850 422 885 expiarent.
464 848 606 886 Ludosque
619 849 688 885 ipsos
702 859 733 876 ex
750 850 798 877 viis
812 850 998 885 compitorum
1014 871 1021 881 ,
1049 850 1076 877 in
1090 848 1184 886 quibus
1197 849 1361 886 agitabantur
1375 869 1382 880 ,
1407 848 1550 883 compitalia
1573 851 1709 887 appellita-

120 894 226 916 verunt.
264 890 329 915 Haec
346 885 496 913 Mzcrobius.
537 887 666 925 Dtonrsius
685 886 886 925 Halicarnasseus
907 887 976 915 libro
996 898 1023 923 4.
1042 888 1076 915 de
1096 887 1266 921 compitalibus
1285 886 1395 918 scribit,
1422 896 1452 914 ea
1473 889 1561 924 paucis
1583 889 1640 924 post
1662 891 1709 916 Sa-

121 926 232 954 turnalia
246 925 338 953 diebus
351 923 480 952 celebrata
493 925 582 958 fuiss'e,
604 925 817 963 iacrificiumque
830 926 1037 953 ministrantibus
1052 925 1133 953 strvis
1145 926 1293 961 peractum.
1330 925 1420 953 Verba
1434 925 1490 961 ejus
1504 925 1565 953 sunt
1576 925 1644 954 haec:
1664 928 1709 954 Sa-

121 964 216 992 crificis
233 961 375 997 compitalia
387 965 463 996 ,fincta
484 962 638 992 facientibus
652 985 660 997 ‚
688 974 743 992 non
758 965 887 1001 ingenuos
900 986 907 996 ,
934 963 979 991 sed
993 963 1082 991 strvos
1097 964 1246 992 ministrare
1261 963 1345 992 voluit
1361 962 1459 990 Tullius
1473 984 1480 995 ‚
1502 963 1572 1000 quali
1585 964 1637 992 hoc
1649 974 1709 1002 gra-

121 1002 173 1030 tius
191 1001 255 1029 esset
278 1000 386 1028 Lambm
400 1012 408 1026 :
435 1001 506 1038 quod
530 1001 624 1030 festum
646 1003 734 1030 nostra
754 1012 862 1040 quoque
883 1009 959 1030 aetate
976 1002 1095 1029 Romani
1109 1002 1211 1039 agitant
1224 1023 1232 1033 ,
1259 1003 1350 1038 paucis
1365 1001 1457 1029 diebus
1471 1002 1529 1038 post
1543 1003 1708 1033 Saturnalia,

119 1049 182 1068 cum
209 1040 304 1075 primis
324 1038 427 1068 celebre
440 1060 447 1070 ,
484 1042 512 1068 &
531 1039 716 1076 sumptuosum
731 1061 738 1072 ‚
765 1040 934 1075 compitalium
953 1040 1130 1078 appellatione
1147 1051 1152 1067 :
1180 1041 1309 1076 duratque
1329 1050 1390 1067 mos
1409 1040 1453 1067 illc
1468 1039 1568 1076 priscus
1587 1040 1614 1068 in
1634 1040 1711 1068 sacris

118 1077 240 1114 placandi
253 1079 346 1115 genios
359 1086 407 1113 per
412 1077 545 1111 ſsrwrum
559 1078 699 1117 ministeria
713 1099 720 1111 ‚
748 1079 793 1116 qui
808 1079 972 1115 temporaria
986 1079 1108 1106 libertate
1122 1078 1247 1106 fruuntur
1260 1086 1308 1113 per
1323 1088 1369 1106 eos
1384 1078 1439 1105 dies
1454 1098 1460 1109 ‚
1482 1086 1511 1105 ut
1526 1077 1574 1106 hac
1588 1077 1711 1107 humani-

119 1124 175 1145 tate
195 1115 385 1144 mansuetiores
398 1115 510 1147 redditi,
531 1116 658 1145 dominos
673 1117 803 1145 chariores
819 1117 946 1148 habeant,
968 1119 994 1146 ἃ
1008 1117 1091 1145 levius
1105 1116 1191 1145 ferant
1204 1116 1254 1143 suae
1267 1115 1381 1144 fortuna:
1394 1116 1604 1144 inclementiam.
1644 1119 1709 1144 Haec

119 1153 172 1181 ille.
206 1155 323 1182 Fuerunt
335 1162 426 1182 tamen
439 1152 495 1182 haec
509 1153 580 1183 sacra.
593 1165 649 1183 non
662 1157 725 1184 stata
739 1176 746 1187 ‚
766 1155 809 1183 sed
826 1156 983 1190 conceptiva
999 1175 1007 1186 ‚
1027 1163 1057 1182 ut
1074 1156 1151 1182 initio
1166 1155 1244 1191 hujus
1258 1154 1318 1182 libri
1332 1155 1481 1182 docuimus.
1517 1155 1559 1181 De
1573 1153 1710 1188 compitali-

119 1191 164 1219 bus
183 1193 265 1221 etiam
279 1191 412 1219 Suetoriius
428 1193 455 1218 in
471 1194 590 1228 Augusto
603 1213 612 1225 ‚
640 1202 696 1229 cap.
715 1204 757 1230 3¹-
788 1191 942 1226 Compitales
955 1196 1033 1219 Lare:
1045 1203 1133 1220 ornare
1143 1192 1180 1218 bia
1195 1190 1383 1228 annojnstituit
1396 1212 1404 1223 ,
1427 1191 1509 1218 vernis
1518 1190 1619 1230 floribus
1633 1212 1641 1224 ,
1666 1191 1708 1225 ζῇ

120 1230 206 1267 aestiuia
215 1251 223 1262 ,
243 1230 306 1261 &a

162 1268 225 1294 VII.
245 1267 285 1294 Id.
300 1266 381 1302 Maji,
401 1267 447 1303 qui
460 1267 497 1293 est
511 1266 566 1295 dies
580 1267 677 1295 menfis
692 1267 811 1305 ejusdem
826 1277 926 1300 nonus,
945 1266 1067 1295 Lemuria
1081 1275 1165 1295 erant.
1185 1267 1227 1294 Sic
1241 1267 1316 1296 enim
1334 1265 1544 1294 Kalendarium:
1565 1267 1597 1294 A.
1613 1266 1708 1300 Lem,

122 1306 160 1332 N.
173 1304 225 1332 hoc
237 1304 288 1336 est,
309 1304 441 1335 Lemuria,
462 1304 594 1333 Nefastus.

161 1345 333 1370 Lemnum
354 1341 511 1370 dicebantur
530 1342 543 1370 ὲ
563 1343 712 1371 Lemuribus
725 1365 732 1376 ,
753 1345 799 1381 qui
820 1354 848 1372 re
868 1344 957 1372 divina
977 1343 1046 1371 faeta
1064 1343 1104 1371 his
1123 1343 1216 1371 diebus
1234 1342 1424 1379 placabantur:
1445 1343 1478 1370 de
1501 1341 1594 1379 quibus
1612 1341 1709 1370 Nonius

121 1380 275 1408 ,nmrcellum
303 1382 432 1407 Lemures
454 1380 531 1406 larvae
554 1381 689 1409 noeturnae
702 1403 709 1414 ,
736 1384 762 1410 ἃ
784 1381 986 1410 terrificationes
1006 1382 1156 1418 imaginum
1179 1383 1206 1409 ὃς
1220 1381 1371 1408 bestiarum.
1411 1384 1489 1407 Varro
1501 1381 1534 1408 de
1551 1381 1604 1407 vita
1617 1381 1710 1416 populi

121 1419 258 1449 Romani,
279 1417 325 1447 lib.
343 1428 365 1445 ι.
407 1417 509 1456 Qibus
530 1419 697 1456 temporibus
718 1420 745 1446 in
760 1418 835 1447 sacris
847 1419 937 1447 fabam
951 1419 1051 1455 ja6tant
1066 1419 1164 1451 noCtu‚
1186 1428 1216 1446 ac
1230 1419 1336 1451 dicunt,
1356 1418 1382 1446 se
1398 1422 1516 1445 Lemures
1531 1418 1618 1450 domo
1632 1427 1707 1446 extra

120 1458 230 1494 januam
247 1455 352 1492 ejicere.
384 1454 516 1502 Porplgyrio
529 1456 659 1493 interpres
673 1458 779 1486 Horatii
792 1479 800 1490 ‚
822 1458 850 1485 in
868 1469 894 1486 2.
907 1457 1045 1494 epistolam
1061 1478 1068 1489 ‚
1088 1456 1133 1484 lib.
1146 1467 1171 1483 2.
1204 1461 1324 1483 Lemures
1338 1478 1345 1489 ‚
1366 1457 1453 1494 inquit
1467 1476 1474 1487 ‚
1495 1456 1581 1484 dictos
1595 1456 1646 1483 effe
1660 1465 1709 1492 pu-

118 1502 176 1522 tant
188 1514 196 1525 ‚
216 1494 286 1530 quali
299 1503 412 1520 remures
426 1513 433 1525 ‚
454 1504 467 1521 a
482 1495 574 1523 Remo
590 1517 597 1527 ,
618 1495 692 1532 cujus
706 1495 785 1523 occisi
798 1496 924 1523 umbram
940 1493 1022 1524 frater
1036 1494 1171 1523 Romulus
1185 1505 1248 1523 cum
1263 1494 1368 1531 placare
1383 1494 1461 1522 vellet
1476 1514 1482 1525 ‚
1502 1492 1623 1520 Lemuria
1639 1493 1709 1529 insti-

119 1533 170 1560 tuit
183 1552 191 1563 ‚
219 1532 246 1559 id
268 1532 303 1558 est
315 1552 323 1563 ,
350 1531 500 1558 Parentalm
514 1553 521 1564 ‚
547 1542 604 1571 quae
619 1533 708 1562 mense
724 1533 799 1570 Majo
814 1544 861 1571 per
875 1534 994 1562 triduum
1010 1533 1137 1562 celebrari
1152 1533 1237 1562 solent
1252 1554 1259 1565 ,
1287 1541 1348 1561 ante
1361 1533 1483 1561 additum
1499 1541 1569 1558 anno
1584 1530 1707 1558 mensem

120 1570 312 1597 Februarium:
341 1569 376 1596 ob
394 1579 475 1606 quam
496 1580 555 1598 rem
578 1573 654 1609 Majo
677 1572 767 1600 mense
789 1573 884 1611 religio
904 1573 940 1599 est
954 1573 1061 1600 nubere.
1094 1572 1230 1600 Hactenus
1246 1570 1386 1608 porphyrio.
1420 1570 1454 1597 Et
1469 1569 1524 1596 haee
1539 1568 1610 1596 sacra
1624 1568 1707 1596 tribus

119 1607 256 1638 nostibus,
276 1617 331 1635 non
352 1608 500 1640 continuis,
520 1608 563 1636 sed
584 1611 780 1639 interveniente
799 1610 904 1647 semper
917 1619 969 1638 una
982 1611 1063 1638 nocTte
1077 1609 1292 1642 celebrabantur,
1311 1610 1351 1638 uti
1363 1610 1392 1638 in
1406 1607 1567 1637 Kalendario
1581 1613 1707 1635 notatum
1727 1627 1732 1630 -

88 1673 91 1675 ,
120 1647 164 1673 cst.
194 1646 238 1673 De
250 1645 345 1674 iisdem
359 1646 486 1678 Ovidius,
508 1656 534 1674 v.
549 1649 614 1676 Fast.
627 1649 693 1677 vers.
704 1659 769 1685 419.

432 1684 500 1712 Hinc
511 1683 552 1712 ubt
561 1687 808 1723 protulerttsormofiz
822 1695 861 1714 ter
870 1686 990 1722 Hesperus
1002 1696 1059 1720 ora,

489 1728 539 1751 Ter
551 1724 667 1752 dederint
681 1723 860 1761 I’haebofidera
876 1725 944 1752 viiia
957 1725 1045 1753 locum.

430 1760 506 1789 Ritus
519 1762 567 1789 erit
580 1763 673 1798 rqteris
684 1762 806 1790 noHurna
819 1762 940 1791 Lemuria
946 1763 1030 1798 sinri,

485 1799 587 1835 Inferias
599 1800 683 1828 tacitis
695 1800 814 1829 Manibus
828 1800 872 1829 illa
885 1800 990 1837 dabam.

427 1841 518 1864 Annus
531 1847 588 1865 erat
601 1838 697 1866 brevior
705 1860 713 1871 ,
730 1849 773 1867 nec
786 1839 867 1867 adhuc
874 1838 920 1874 pia
930 1839 1021 1876 februa
1035 1848 1126 1867 norant
1135 1860 1141 1868 ,

485 1880 536 1903 Nec
549 1885 579 1903 ιιι
591 1877 646 1904 dux
659 1878 783 1913 men-fiam,
803 1877 893 1916 June,
913 1877 1023 1915 btfhrmis
1036 1887 1105 1910 erm,
1126 1877 1188 1910 &Hc

163 1914 198 1942 Et
210 1914 287 1952 paulo
299 1915 369 1952 post:
389 1914 456 1943 vers
467 1916 532 1951 485.
815 1920 818 1921 ⁷

426 1957 500 1980 Fana
513 1961 599 1981 tamen
612 1961 707 1981 veteres
717 1953 770 1982 illis
782 1953 886 1989 clausere
897 1953 995 1984 diebus,

486 1994 521 2018 Ut
533 2001 598 2018 num·
604 1990 682 2028 ferali
695 2001 803 2027 tempore
814 2001 899 2027 operta
911 1992 990 2021 vides.

427 2033 478 2056 Nec
490 2029 571 2057 vidua
584 2028 654 2057 radis
666 2031 754 2057 eadem
763 2049 771 2059 ,
791 2039 833 2057 nec
846 2029 952 2067 virginis
963 2038 1022 2065 apta

487 2073 621 2103 Tempora,
642 2077 694 2107 qua
707 2065 802 2104 nupsit,
821 2078 869 2094 non
881 2069 1005 2095 diuturna
1011 2067 1083 2104 fiaeit,
1105 2067 1166 2100 &a

158 2107 206 2135 IV·
228 2106 267 2134 Id.
282 2107 363 2143 Maji,
384 2107 429 2144 qui
442 2106 478 2133 est
492 2107 547 2134 dies
561 2106 657 2134 mensls
670 2107 727 2143 ejus
738 2116 769 2134 xi
779 2116 800 2133 1.
815 2107 884 2134 Ludi
894 2107 975 2133 Marti
984 2106 1114 2134 fiebantin
1122 2106 1214 2134 Circo.
1234 2104 1275 2131 Sic
1283 2103 1357 2132 enim
1367 2102 1569 2140 Kalendarium.
1578 2106 1613 2133 D.
1623 2106 1698 2134 N.P.

121 2146 169 2174 Lu
179 2156 207 2173 n.
228 2146 344 2173 MART.
365 2155 399 2173 m
420 2155 452 2172 οι
463 2154 513 2172 RC.
526 2145 553 2172 id
567 2146 618 2177 est,
640 2145 763 2173 Nefastus
778 2144 885 2180 primo,
908 2146 999 2172 Lunt
1022 2146 1147 2172 Mauri
1162 2144 1190 2171 in
1205 2143 1295 2170 Circo.
1315 2144 1357 2170 De
1371 2141 1467 2171 iisdem
1482 2143 1565 2170 Ovid.

430 2178 544 2209 Solemies
557 2184 625 2210 ludos
640 2182 709 2210 Circi
721 2181 837 2210 cesebrate
853 2182 984 2220 Qeirher,

487 2224 543 2247 Non
556 2222 608 2256 “mſsa
620 2220 653 2258 est
662 2221 837 2257 fortemfterm
850 2222 933 2247 decere
946 2225 1040 2248 Decem,

161 2260 240 2288 Plura
252 2261 285 2288 de
297 2260 337 2288 his
349 2260 469 2288 dicemus
482 2257 552 2285 libro
566 2259 695 2296 sequenti.
1613 2279 1631 2297 ·

160 2299 250 2327 Idibus
278 2300 344 2335 Maji
372 2301 514 2336 Argeorum
533 2296 628 2333 fiirpea
644 2296 783 2336 simulacra
797 2318 806 2330 ,
833 2300 860 2326 &
887 2296 975 2324 oscilla
1001 2297 1034 2324 de
1052 2304 1137 2333 ponte
1156 2295 1266 2324 sublicio
1285 2296 1313 2324 in
1333 2296 1455 2325 Tiberim
1475 2295 1704 2333 praecipitabantur

122 2338 271 2374 quotannis.
307 2339 351 2364 Sic
365 2339 437 2365 enim
454 2335 541 2363 Festus
553 2345 559 2361 :
586 2340 677 2371 Argeos
689 2335 922 2371 voraba71tfii77⁷ea5
935 2334 1026 2372 effigies
1038 2354 1046 2363 ,
1074 2345 1127 2373 que.
1134 2344 1179 2369 per
1193 2334 1299 2371 wrgines
1315 2333 1419 2372 Vestales
1435 2334 1508 2362 annis
1512 2333 1618 2373 singulis
1624 2334 1705 2368 jacie-

120 2374 212 2405 bantur
224 2374 253 2405 ἐκ
265 2374 383 2405 Τὶὁενηη.
405 2375 439 2404 Et
452 2377 539 2403 Varro
552 2371 621 2401 libro
633 2373 708 2402 sexto
722 2374 754 2402 de
766 2373 854 2411 lingua
869 2374 975 2403 Latina:
998 2376 1084 2412 Arget
1098 2373 1165 2403 fiunt
1178 2371 1192 2401 ἐ
1205 2371 1312 2410 scirpeis
1324 2374 1475 2411 virgulteis‚
1497 2373 1638 2438 simulacra1
1648 2379 1707 2415 1unt

1362 2422 1365 2425 ¹
1621 2435 1628 2438 .
1639 2419 1710 2438 omi»
