2075 2734
555 104 618 133 Du
658 101 1324 146 Lun'onuMP0uvaicAmz3‘.
1671 123 1728 154 347

803 179 828 207 C
847 188 863 207 Α
884 189 908 208 Ρ.
949 180 1057 209 XXIII.

748 238 802 272 De
827 238 968 273 ludorum
989 250 1109 288 pompa.

202 328 240 347 uae
255 327 346 354 pompa
365 315 481 344 ludorum
503 314 585 343 fuerit
604 314 673 350 apud
694 321 798 344 veteres
810 336 819 348 ‚
848 316 983 354 eleganter
1004 317 1117 355 explicat
1135 318 1265 358 Diorrvfius
1287 320 1490 360 Halicarmffl’us
1505 322 1552 353 lib.
1566 336 1591 361 7.
1631 326 1725 355 Imoue

221 357 367 394 ipfiimmet
379 355 414 382 de
431 363 474 385 ea,
494 354 521 381 &
534 352 645 393 quidem
659 354 755 381 Latine
768 354 900 383 beneficio
913 354 1070 393 Sz'gilinundi
1085 356 1196 388 &leni-i,
1217 359 1374 395 loquentem
1389 362 1537 390 audiamus.
1576 364 1620 392 Sic
1632 353 1724 393 autem

219 395 322 424 scribit:
343 397 436 427 Pompa
449 391 580 421 ludorum,
599 392 722 428 iactaque
734 392 865 421 habebant
878 393 903 420 ie
919 394 973 421 hoc
989 394 1084 422 modo.
1119 395 1274 432 Priusquam
1290 397 1467 433 spectaculum
1485 403 1722 435 committeretur,

135 435 187 463 viri
201 433 330 471 potestate
342 440 373 458 ac
386 430 514 466 dignitate
526 429 731 464 praeeminentes
743 451 750 462 ‚
772 440 888 466 pompam
905 431 1039 459 ducebant
1054 432 1113 460 Diis
1130 431 1143 459 a
1159 434 1293 469 Capitolio
1307 444 1355 471 per
1369 436 1461 465 sorum
1476 439 1504 466 in
1519 440 1622 468 circum
1638 442 1723 470 maxi-

135 483 214 500 mum
223 493 231 504 ‚
250 473 279 500 jn
291 478 341 508 qua
352 468 436 505 primi
447 474 523 494 erant
535 476 631 495 eorum
645 467 691 495 filii
704 469 837 505 pubertati
848 470 984 506 proximi,
1005 470 1051 506 qui
1062 471 1120 506 jam
1135 479 1184 506 per
1198 478 1305 499 aetatem
1318 474 1438 503 inter-este
1450 477 1555 512 pulsent
1566 499 1575 510 ‚
1597 480 1669 516 cquis
1681 480 1721 507 in-

137 511 208 538 vesti
223 531 230 541 ,
249 515 364 547 quotum
384 513 471 542 patres
491 514 565 534 erant
586 507 705 534 Romani
723 516 820 546 eqmtes
833 528 842 540 ‚
860 509 946 535 caeteri
963 508 1060 543 pedites
1082 509 1109 536 in
1127 509 1279 545 pedestrem
1298 513 1421 540 acceniiti
1440 515 1585 548 militiam,
1605 518 1721 546 distin&

135 558 185 586 per
203 548 268 579 alas,
289 548 315 575 &
334 544 480 575 centurias,
501 543 674 581 claffiumque
694 547 814 577 ordines,
834 555 865 573 ac
883 545 903 573 fi
921 546 1016 574 ludum
1039 546 1187 584 literarium
1208 555 1346 583 peterent,
1366 559 1394 578 ut
1414 560 1552 588 appareret
1572 553 1721 591 hospitibus

135 587 222 615 futura
238 586 361 621 juventus
379 582 479 610 urbana
499 591 582 619 quam
603 582 667 610 esset
685 586 792 622 egregia
811 583 899 612 forma
911 605 918 616 ,
940 587 967 613 &-
986 594 1118 613 numer-o:
1139 584 1189 613 hos
1208 586 1398 623 sequebantur,
1419 591 1590 628 quadrrgarii,
1610 592 1717 631 lug-arii,

131 625 354 662 singulariumque
381 630 512 658 equorum
540 621 703 658 agitatores:
728 623 787 658 post
805 632 871 659 quos
890 622 995 650 athletae
1014 624 1171 660 graviorum
1186 643 1194 655 ‚
1221 624 1408 662 leviorumque
1427 631 1606 658 certaminum
1619 652 1627 663 ,
1654 633 1721 660 nudi

132 671 238 693 caetera,
258 659 381 697 pudenda
394 667 501 687 tantum
514 660 579 687 teeti
592 659 761 697 subligar-ibus
776 661 965 697 campestribus
977 671 983 688 :
1005 663 1051 698 qui
1065 671 1125 689 mos
1138 663 1235 690 Roma:
1249 671 1342 690 manet
1354 664 1446 691 nostro
1459 674 1565 703 quoque
1579 676 1718 707 tempore:

131 699 199 727 ficut
213 699 279 727 olim
293 698 343 726 fuit
356 699 385 725 in
395 698 513 729 Graecia,
533 698 560 724 in
575 706 627 734 qua
641 708 712 726 nunc
725 699 873 735 antiquatas
886 700 937 731 est,
958 707 1020 726 orto
1034 699 1047 727 a
1061 701 1272 729 Lacedaemoniis
1287 701 1374 728 initio.
1404 703 1523 730 Athletas
1542 705 1717 743 sequebantur

128 737 286 765 saltatorum
299 736 374 764 chori
389 735 607 764 divui=trifariam
621 755 628 766 ,
652 737 744 772 primo
757 736 869 764 virorum
880 758 888 769 ‚
915 738 1040 774 deinceps
1053 737 1202 765 imberbium
1216 759 1224 771 ,
1250 739 1389 775 postremo
1397 749 1533 774 puerorum
1549 755 1556 769 .·
1581 746 1638 780 post
1650 755 1719 782 quos

129 776 252 803 tibicines
273 775 395 802 inflantes
415 774 517 810 antiqui
538 773 622 800 moris
640 773 735 801 breves
760 774 836 802 tibias
848 795 854 806 ,
883 785 995 812 quarum
1019 778 1045 804 δί
1061 786 1133 804 nunc
1143 776 1203 804 usus
1217 777 1253 804 est
1266 797 1273 809 ,
1301 776 1477 817 citharrstaeque
1490 779 1636 815 plec'tentes
1651 784 1720 820 lyras

128 813 233 850 septem
248 813 342 840 fidium
357 811 483 839 eburneas
496 832 504 843 ,
532 814 559 839 ὃς
569 820 627 847 quae
641 821 772 840 vocantur
782 833 790 844 ‚
814 812 915 840 barbita
926 834 934 845 ,
955 813 1050 851 quibus
1063 815 1119 850 jam
1134 816 1172 842 uti
1186 816 1289 843 Gracia
1301 816 1376 843 deliit
1389 837 1396 848 ,
1417 817 1487 853 apud
1501 819 1641 847 Romanos
1655 831 1720 850 vero

128 851 288 879 adhibentur
308 850 433 878 omnibus
453 849 566 885 antiquis
587 852 755 878 ceremoniis.
793 851 952 878 Saltntorum
972 851 1076 879 habitus
1096 860 1171 880 erant
1191 854 1288 882 tunicae
1304 854 1423 890 puniceae
1437 855 1550 884 baltheis
1563 858 1634 886 atreis
1650 859 1721 887 astri-

130 890 179 917 &ae
193 911 200 922 ,
226 889 321 927 gladiis
342 887 553 924 dependentibus
566 905 575 916 2
602 888 790 925 gestabantque
808 888 945 917 breviores
960 890 1141 918 mediocribus
1153 890 1257 919 lanceas
1271 902 1277 919 z
1305 892 1355 920 viri
1369 901 1434 921 vero
1444 894 1526 922 etiam
1541 905 1619 923 aereas
1633 896 1722 933 galeas

129 929 212 956 cristis
231 926 346 964 pinnatis
364 926 478 963 insignes
491 936 499 957 ;
526 935 662 963 quemque
682 926 796 954 chorum
815 929 980 964 praecedebat
994 937 1062 955 unus
1076 929 1116 956 vir
1128 949 1136 961 ‚
1162 930 1207 966 qui
1220 929 1331 966 praeibat
1344 931 1598 967 caeterisfirltatiomk
1614 933 1719 962 formu-

125 964 164 994 las
175 986 183 998 ,
210 975 276 993 unus
296 966 364 992 item
383 964 513 992 militares
531 973 563 990 ac
579 965 731 993 concitatos
752 966 898 1001 praecinens
919 967 1046 995 modulos
1058 967 1178 1004 rhytbmbs
1188 967 1349 1006 plerumque
1356 969 1587 1004 proceleustnaricis.
1626 973 1657 1000 Id
1672 982 1718 1011 ge-

125 1012 176 1032 nus
195 1004 315 1033 exercitii
335 1002 403 1039 apud
417 1003 527 1030 Graecos
539 1001 608 1029 olim
622 1012 686 1031 cum
699 1004 796 1040 primis
809 1013 866 1033 erat
878 1004 998 1035 celebre.
1018 1005 1254 1040 armatafiilmtio,
1272 1015 1330 1044 quae
1343 1015 1452 1036 vocatur
1468 1009 1603 1046 pyrrhica:
1623 1011 1675 1038 five
1690 1012 1716 1039 id

125 1042 245 1070 Minerva
258 1042 399 1069 inventum
413 1040 450 1067 est
465 1062 473 1073 ‚
499 1049 557 1077 quae
569 1041 628 1077 post
641 1041 743 1070 deletos
758 1042 867 1070 Titanas
880 1064 889 1074 ‚
915 1045 943 1071 in
957 1043 1045 1071 laetitia
1059 1043 1189 1071 victoriali
1201 1043 1285 1073 fertur
1296 1046 1385 1081 prima
1401 1046 1499 1074 saltafle
1513 1056 1615 1076 armata
1628 1069 1635 1080 ‚
1655 1049 1717 1076 cho-

127 1080 236 1118 reasque
255 1080 374 1108 duxiile:
400 1078 452 1106 five
471 1080 544 1115 prius
563 1080 646 1107 etiam
665 1080 816 1109 institutum
835 1080 849 1109 a
868 1080 1002 1109 Curetibus
1016 1101 1024 1113 ,
1050 1082 1115 1109 dum
1135 1083 1267 1110 infantem
1285 1085 1387 1121 Jovem
1407 1084 1557 1113 mulcerent
1576 1096 1717 1115 armorum

124 1118 215 1147 sonitu
229 1140 237 1152 ,
264 1116 454 1154 concinnisque
472 1117 717 1154 gesticulationibus
729 1139 737 1150 ,
763 1126 792 1146 ut
811 1118 909 1148 habent
925 1119 1026 1148 fabul-x.
1066 1120 1126 1147 Post
1140 1128 1258 1149 armatos
1270 1121 1406 1149 saltatores
1419 1123 1447 1150 in
1455 1132 1544 1157 pompa
1558 1125 1717 1154 incedebant

115 1156 220 1195 fizgyri,
245 1157 362 1184 sicinnen
381 1155 527 1183 referentes
547 1157 731 1184 Graecanicam
745 1167 751 1184 ε
778 1156 884 1185 habitus
906 1158 1005 1186 horum
1022 1157 1116 1185 Silenos
1133 1157 1378 1195 repraesentantium
1400 1168 1475 1188 erant
1488 1161 1592 1190 hirsutae
1605 1164 1715 1195 tunicae,

124 1203 189 1231 quas
209 1196 320 1232 quidam
333 1193 467 1230 appellant
471 1195 581 1227 Jc‘orteas
591 1214 599 1225 ,
626 1194 794 1231 amiculaque
808 1194 930 1223 conserta
944 1206 976 1223 ex
989 1196 1067 1223 omni
1080 1197 1180 1224 florum
1195 1206 1293 1233 genere
1307 1209 1312 1224 z
1339 1197 1403 1225 alius
1415 1199 1483 1225 item
1490 1201 1634 1236 fizryrotum
1647 1222 1655 1233 ‚
1681 1211 1715 1230 ex

123 1231 234 1260 hircinis
253 1232 403 1268 tergoribus
422 1231 578 1266 campestria
590 1251 598 1262 ,
625 1230 736 1268 setaeque
750 1233 890 1260 horrentes
905 1234 932 1261 in
947 1234 1048 1261 vertice
1061 1254 1069 1265 ,
1097 1234 1199 1271 aliaque
1211 1234 1252 1262 his
1264 1234 1358 1262 iimilia
1371 1246 1376 1262 ι
1402 1235 1430 1262 hi
1442 1235 1518 1264 serias
1531 1237 1588 1264 illas
1601 1238 1715 1268 ialtatio-

127 1279 174 1297 nes
193 1270 303 1298 ridicule
322 1268 495 1297 imitabantur
509 1289 516 1300 ‚
544 1269 718 1305 depravantes
737 1278 785 1306 per
805 1269 951 1298 ludibrium
965 1292 972 1303 ,
995 1271 1089 1307 quibus
1107 1271 1201 1299 lufibus
1220 1272 1336 1308 satyricis
1348 1292 1357 1306 ,
1378 1273 1522 1311 salibusque
1539 1276 1597 1312 jam
1617 1278 1678 1305 inde
1699 1279 1714 1305 a
1744 1294 1749 1300 -

123 1308 216 1344 priscis
236 1308 332 1336 iieculis
351 1307 497 1336 deleChitos
516 1309 641 1334 Romanos
661 1310 770 1344 appa'ret
783 1305 797 1334 ἐ
811 1309 954 1345 triumphis
968 1310 1060 1336 etiam.
1103 1311 1272 1338 Permittitur
1286 1312 1359 1338 enim
1374 1312 1490 1339 victores
1503 1313 1711 1347 deducentibus,

123 1347 231 1383 jambos
254 1348 281 1375 ἃ
301 1346 411 1374 dicteria
425 1346 513 1381 jacere
526 1346 554 1372 in
568 1348 730 1379 Imperatores
745 1345 900 1373 clarissimos
912 1367 920 1378 ,
947 1348 1181 1384 quemadmodum
1196 1347 1308 1375 Athenis
1324 1348 1441 1378 solebant
1454 1359 1586 1388 pompam
1600 1353 1627 1380 in
1640 1353 1714 1389 plau-

123 1385 180 1412 stris
199 1385 325 1413 ducentes
344 1383 536 1412 scommatibus
556 1383 652 1410 obvios
672 1383 822 1419 impetere:
849 1393 920 1412 nunc
939 1392 1030 1413 autem
1050 1385 1276 1421 extemporalibus
1296 1395 1407 1414 utuntur
1427 1389 1558 1416 verlieulis
1572 1410 1579 1421 ‚
1601 1392 1666 1427 quin
1685 1394 1714 1420 ὃῑ

122 1423 150 1450 in
169 1423 309 1450 illustrium
328 1423 448 1450 virorum
461 1419 606 1456 fimebrtbns
619 1429 715 1454 pompts
735 1423 805 1448 inter
823 1421 887 1449 alios
907 1422 1038 1450 feretrum
1055 1423 1237 1458 praecedebant
1248 1423 1385 1458 stltatores
1394 1426 1497 1463 sig-‚rm
1509 1448 1517 1459 ‚
1544 1431 1664 1457 maxime
1684 1431 1713 1458 in

86 1478 88 1480 v
123 1461 250 1488 divitum.
268 1461 348 1494 Lufics
361 1458 594 1494 autemffiryriws,
615 1461 642 1487 ὃς
658 1458 808 1486 saltationes
821 1459 959 1496 satyricas,
980 1470 1030 1488 nec
1038 1462 1186 1497 Ligurum,
1208 1471 1258 1489 nec
1266 1462 1449 1494 Umbrorum,
1469 1474 1520 1492 nec
1528 1465 1642 1494 aliorum
1651 1468 1711 1495 bar-

121 1499 250 1526 batorum
261 1498 367 1526 Italiam
379 1497 558 1524 habitantium
570 1496 645 1524 fuiffi:
659 1497 800 1525 inventum
809 1517 816 1528 ‚
836 1497 855 1524 fi
868 1498 967 1525 docere
982 1498 1107 1530 voluero,
1127 1509 1222 1527 vereor
1234 1509 1268 1527 ne
1283 1501 1407 1528 molestus
1422 1502 1527 1535 videar,
1547 1503 1668 1532 laborans
1682 1506 1710 1533 in

120 1538 246 1565 evidente
257 1546 287 1563 re
299 1535 516 1564 demonstranda.
537 1535 596 1562 Post
608 1534 657 1562 hos
672 1534 767 1563 choros
780 1535 904 1563 transibat
916 1545 1015 1573 agmen
1027 1535 1230 1574 cuharistmm,
1249 1547 1280 1566 ac
1293 1537 1426 1567 tibicinum
1437 1550 1446 1565 :
1465 1541 1523 1577 post
1537 1550 1602 1578 quos
1614 1543 1657 1570 alii
1663 1552 1711 1580 ge-

119 1575 216 1602 stantes
230 1583 332 1601 acerras
346 1580 497 1611 argenteas,
516 1573 657 1610 aureasque
670 1580 727 1601 tam
741 1572 839 1605 sacras,
858 1583 940 1611 quam
954 1574 1070 1610 publicas
1079 1595 1086 1606 ,
1106 1575 1280 1613 iuffitumque
1287 1575 1422 1605 facientes.
1440 1578 1602 1607 Extremum
1611 1591 1709 1619 agmen

119 1611 277 1641 claudebant
285 1610 481 1647 fimulacrorum
493 1609 586 1644 bajuli,
604 1611 775 1643 habentium,
796 1611 885 1648 quales
897 1613 966 1648 apud
980 1614 1088 1640 Graecos
1102 1612 1240 1650 finguntur
1252 1614 1367 1651 effigies,
1388 1616 1558 1654 eundemque
1571 1617 1708 1653 habitum,

120 1651 215 1679 eadem
234 1650 360 1687 insignia,
380 1657 558 1685 muneraque,
580 1658 696 1686 quorum
709 1650 864 1678 inventores
877 1652 904 1679 ἃ
919 1651 1061 1677 donatores
1075 1651 1229 1684 traduntur,
1248 1661 1298 1680 nec
1310 1652 1398 1680 mlum
1409 1654 1493 1687 sor-is,
1514 1656 1633 1690 sunonis,
1653 1659 1708 1686 Mi-

119 1698 215 1720 nerva,
233 1687 359 1722 Neptuni.
379 1686 564 1723 aliorumque,
585 1696 653 1723 quos
672 1688 759 1716 Graeci
778 1689 848 1715 inter
870 1698 912 1715 12.
940 1689 1014 1716 Deos
1033 1698 1190 1721 numerant,
1209 1690 1253 1718 sed
1272 1691 1454 1728 antiquiorum
1467 1693 1566 1725 etiam,
1587 1703 1706 1731 quorum

124 1736 165 1755 12.
184 1726 222 1754 illi
241 1726 302 1754 sunt
321 1725 478 1763 progenieS,
499 1729 621 1756 Saturni,
645 1725 718 1760 Opis,
746 1725 888 1757 The-mdis,
907 1729 1025 1759 Latona,
1046 1730 1200 1760 Parcarum,
1221 1733 1362 1759 Memora,
1380 1730 1462 1757 adhuc
1476 1730 1634 1766 Proserpina,
1654 1738 1708 1762 Lu.

117 1765 190 1797 cina,
214 1765 401 1802 Nympharum,
427 1763 573 1795 Μιιίῖιηιηι,
592 1766 738 1795 Horarum,
757 1768 922 1796 Gratiarum,
941 1763 1037 1796 Liberi,
1047 1765 1280 1805 semideorumque,
1300 1777 1417 1805 quorum
1437 1768 1532 1796 animae
1554 1771 1613 1806 post
1631 1781 1708 1801 mor-

117 1810 178 1832 tem
197 1803 268 1831 inter
286 1802 390 1830 coelites
408 1801 496 1829 relatae
514 1802 571 1838 pari
589 1810 654 1829 cum
672 1801 712 1830 his
724 1802 828 1830 honore
841 1802 980 1834 coluntur,
999 1803 1128 1836 Herculis,
1148 1804 1292 1839 AEfiuMpii,
1313 1804 1459 1842 Castorum,
1480 1806 1591 1840 Helena,
1610 1809 1708 1844 Panis,

120 1843 148 1870 &
168 1841 282 1869 aliorum
303 1842 518 1869 innumerorum.
558 1840 666 1867 PeraChz
679 1849 770 1875 pompa
786 1839 928 1869 confestim
940 1840 1122 1871 sacrificabant
1136 1843 1264 1870 Coniules
1276 1864 1284 1875 ,
1309 1844 1459 1872 sacerdotes
1472 1844 1567 1881 quibus
1582 1845 1620 1874 fas
1634 1856 1706 1881 erat¹

119 1881 149 1908 &
167 1878 322 1911 vifflmarii,
349 1880 430 1916 idque
443 1887 522 1905 more
534 1878 701 1907 nostratium.
743 1879 820 1906 Lotis
834 1879 908 1906 enim
922 1879 1045 1908 manibus
1058 1901 1066 1912 ‚
1093 1883 1120 1909 &z
1132 1881 1246 1908 lustratis
1258 1890 1325 1918 aqua
1337 1890 1403 1917 pura
1418 1882 1537 1909 victimis
1547 1904 1556 1917 ,
1576 1885 1704 1923 molaque

119 1916 263 1954 consparfis
276 1927 368 1945 earum
382 1915 526 1955 capitibus,
545 1915 667 1952 votiique
680 1917 837 1954 nuncupatis
849 1925 909 1945 tum
923 1919 1056 1945 ministros
1070 1928 1112 1945 eas
1126 1919 1245 1946 mastare
1256 1919 1397 1954 jubebant,
1417 1929 1534 1956 quorum
1540 1922 1582 1949 alii
1590 1924 1704 1953 stantem

120 1956 205 1983 etiam
223 1962 283 1983 tum
296 1955 410 1983 hostiam
421 1956 496 1983 vetite
509 1954 639 1982 feriebant
650 1955 676 1982 in
690 1963 815 1992 tempora
826 1976 834 1987 ,
861 1956 905 1983 alii
919 1957 1063 1983 cadentem
1076 1957 1169 1985 cultris
1182 1957 1350 1992 excipiebant
1365 1978 1372 1988 ‚
1397 1966 1428 1985 ae
1442 1968 1509 1986 mox
1522 1959 1634 1997 derepto
1649 1970 1703 1991 ter-

120 2002 188 2030 gore
207 1993 383 2021 concidebant
401 1992 576 2021 membratim
585 2013 593 2024 ‚
614 1992 789 2030 delibatasque
801 2003 834 2021 ex
848 1993 954 2030 singulis
967 1995 1048 2025 extis,
1069 1994 1177 2031 aliiique
1190 1993 1322 2022 membris
1333 1996 1465 2032 primitias
1478 1996 1547 2025 farre
1559 1998 1702 2029 obvolutas

118 2033 148 2059 in
161 2031 276 2058 canistris
288 2030 435 2060 offerebant
448 2029 668 2063 sacrificantibus,
689 2033 734 2068 qui
741 2033 792 2059 aris
805 2032 941 2067 impolitas
954 2031 1160 2066 succendebant,
1182 2036 1208 2060 δε
1218 2033 1309 2059 vinum
1318 2032 1489 2062 affimde‘oant
1504 2035 1617 2075 insuper.
1638 2039 1700 2067 Post

119 2069 176 2097 haec
191 2068 330 2096 certamina
341 2068 532 2105 spectabantur.
572 2071 678 2097 Primus
691 2077 748 2097 erat
759 2071 942 2109 quadrtgarum
955 2089 963 2100 ,
981 2069 1095 2107 btgarum
1104 2091 1110 2101 ,
1130 2069 1355 2108 singulariumque
1367 2081 1500 2109 equorum
1512 2084 1614 2108 currus,
1634 2076 1700 2105 ficut

118 2107 190 2144 apud
211 2108 320 2134 Graecos
338 2108 405 2134 olim
424 2109 452 2135 in
471 2106 584 2146 Ohmpia
596 2128 604 2140 ‚
631 2110 658 2137 ὃς
673 2117 744 2135 nunc
757 2118 874 2145 quoque.
912 2109 945 2136 In
964 2108 1003 2135 his
1017 2107 1178 2145 equestribus
1190 2108 1382 2137 certaminibus
1395 2110 1450 2138 duo
1463 2112 1584 2148 quaedam
1599 2114 1699 2151 prisco-

118 2155 182 2174 rum
196 2145 312 2173 instituta
324 2144 459 2173 strvantur
471 2144 485 2173 a
500 2147 643 2177 Romanis,
663 2145 716 2174 hoc
728 2155 836 2184 quoque
848 2146 952 2174 faeculo:
975 2146 1090 2174 alterum
1101 2147 1276 2184 trigas-torum,
1297 2148 1368 2185 quod
1381 2147 1480 2178 defecit
1492 2150 1520 2176 in
1534 2153 1637 2181 Graecja
1650 2152 1700 2180 ufi-

118 2192 208 2214 tatum
223 2183 336 2211 heroiim
350 2181 517 2220 temporibus
530 2204 538 2215 ,
563 2192 592 2212 ut
606 2188 731 2212 Homerus
744 2186 851 2213 testatur
863 2184 1014 2213 describens
1027 2194 1122 2213 eorum
1136 2185 1239 2221 praelia:
1260 2193 1314 2221 quo
1329 2185 1432 2214 duobus
1445 2188 1520 2224 equis
1533 2188 1656 2228 bigarum
1670 2192 1699 2219 in

119 2232 230 2252 morem
248 2222 347 2258 junetis
359 2243 367 2254 ,
395 2220 587 2259 adjungebatur
607 2225 701 2251 tertius
719 2223 811 2251 funalis
831 2223 987 2252 loramentis
1007 2223 1122 2251 adnexus
1142 2232 1223 2260 quem
1244 2223 1306 2251 inde
1325 2232 1436 2260 mproeffl
1449 2227 1536 2255 Graeci
1550 2228 1698 2260 vocabant,

119 2263 250 2291 alterum,
271 2262 343 2297 quod
359 2260 428 2297 apud
440 2269 539 2296 paucos
551 2260 652 2298 aliquot
665 2263 774 2289 Graeciae
785 2262 899 2299 populos
913 2263 990 2291 durat
1003 2272 1035 2289 ex
1048 2263 1204 2299 antiquitate
1217 2261 1363 2299 reliquum,
1382 2262 1511 2291 vestorum
1523 2267 1615 2302 curfia.
1657 2268 1699 2294 Fi-

119 2301 180 2328 nito
200 2300 274 2327 enim
288 2307 419 2336 equorum
435 2298 581 2325 certamine
592 2320 600 2331 ,
621 2300 686 2332 viri,
706 2301 752 2337 qui
765 2302 838 2337 prius
852 2310 914 2328 cum
929 2301 1024 2338 aurigis
1038 2300 1134 2328 eodeni
1148 2309 1227 2328 curru
1242 2301 1421 2334 vehebantur,
1441 2311 1507 2340 quos
1522 2305 1610 2334 Poetae
1616 2314 1697 2339 para-

118 2337 211 2370 baras,
239 2336 411 2365 Athenienses
434 2335 560 2373 apobatas
583 2338 745 2369 nominant,
771 2339 919 2376 defilientes
942 2340 970 2366 in
993 2340 1073 2376 pedes
1091 2338 1166 2367 cursu
1187 2346 1288 2368 certant
1305 2343 1333 2369 in
1352 2341 1444 2369 stadio.
1484 2342 1544 2370 Post
1564 2352 1699 2380 equorum

119 2375 227 2406 cursum
257 2376 361 2405 athletae
391 2373 584 2404 inducebantur
595 2395 604 2409 ,
628 2377 731 2412 cursores
742 2396 752 2408 ,
775 2377 909 2406 lut-iatores
921 2397 931 2411 ,
949 2377 1068 2447 pugiles>⁸³
1106 2381 1173 2407 Haec
1203 2378 1277 2418 enim
1307 2378 1358 2410 tria
1388 2388 1487 2418 genera
1517 2382 1699 2410 certaminum

1075 2425 1093 2447 x
1113 2426 1130 2445 2
1629 2422 1702 2457 apud
