2075 2734
356 108 409 136 882
815 101 1060 128 1³1⁴qu

1120 100 1489 127 MANuTrl

359 157 427 179 unius
439 154 522 178 relatio
534 150 624 178 suisset,
642 151 658 176 fi
671 151 794 183 utriusque
808 153 923 176 relatione
931 151 993 176 nihil
1001 149 1069 178 esset,
1078 150 1145 182 quod
1161 150 1261 186 primum
1274 148 1499 181 rogaresblimseffit,
1519 141 1760 184 snfl'ompejfcmpost
1767 147 1942 179 Juliaefiliaerma

360 185 470 209 differret.
487 184 525 209 sed
538 184 666 209 referebant
677 184 759 208 eadem
772 184 801 207 de
815 192 838 207 re
853 184 994 208 noneodem
1006 182 1097 207 modo:
1113 189 1138 206 ut

362 220 386 241 in
399 226 422 240 ea
432 235 437 245 ,
456 218 485 240 de
504 224 549 248 qua
567 217 616 240 dixi
627 234 633 240 ,
650 216 747 247 epistola
761 215 911 239 manifestum
925 216 970 242 est,
990 218 1083 246 Lupum
1097 215 1137 237 tri-

362 249 453 273 bunum
463 248 536 280 plebis
548 247 648 272 retulisse
657 255 681 270 ut
694 249 818 277 Pompeius
829 249 985 271 Ptolomxum
999 248 1023 270 in
1038 254 1138 278 regnum

362 281 495 308 reduceret,
512 289 566 303 cum
577 281 690 303 consules
702 279 917 303 retuiifi‘enrutrnm
924 279 1068 303 reducendus
1075 278 1137 305 esset,

364 314 387 336 ὃ(
402 313 417 336 li
432 313 577 336 reducendus
591 329 597 338 ,
615 311 627 334 a
640 318 698 342 quo.
715 313 827 342 Legimus
839 314 910 335 exirm
924 313 949 335 in
963 314 1010 334 Vll.
1024 311 1137 341 Philippi<

365 352 390 367 ca
398 352 444 367 or.
467 345 559 367 dirersis
574 343 601 365 de
611 343 676 366 rebus
684 343 786 366 diversos
799 343 942 374 magistratus
953 343 1041 367 eodem
1053 342 1092 366 die
1106 349 1138 365 re·
1154 336 1156 351 ¹

365 374 448 399 tulill'e.
468 375 497 398 lic
516 375 582 398 enim
602 376 625 398 in
640 382 664 398 ea
675 375 704 398 sci
712 376 788 406 iprum
801 374 844 398 est:
865 378 899 398 De
913 377 993 407 ,Appia
1005 376 1059 401 via,
1076 373 1102 397 ό*
1115 375 1140 396 de

366 409 456 429 Momm
471 408 559 436 Consul,
576 407 601 428 de
614 408 717 438 Lupercis
730 406 902 436 tribunusplebn
909 410 983 436 refert.
1001 406 1140 430 Notandum

366 440 390 460 ὃ(
405 438 475 461 illud:
494 445 549 461 cum
563 438 592 461 de
605 445 706 470 utroque
718 437 820 461 Consule
835 438 961 465 referente,
978 444 1015 461 aut
1027 438 1056 462 de
1070 437 1139 469 pluri-

368 468 410 492 bus
423 469 524 493 tribunis
538 469 612 500 plebis
625 476 662 492 aut
675 469 811 500 praetoribus
827 470 913 501 legitur
926 487 932 497 ‚
950 476 1001 493 non
1014 477 1038 493 re
1051 477 1103 493 vera
1116 476 1142 492 ο-

367 508 436 524 mnes
450 502 563 528 retulisse,
573 500 610 524 sed
624 501 739 525 referendi
752 508 826 531 partes
839 509 912 525 unum
926 500 1069 528 sustinuisse,
1087 501 1141 524 reli-

368 540 429 562 quos
448 534 549 564 collegas
568 534 709 557 relationem
729 533 897 565 comprobasse.
912 535 989 564 itaque
1001 533 1026 557 in
1038 535 1079 556 lll.
1093 533 1144 556 Phi-

367 565 451 595 lippica
466 565 573 588 tribunos
586 564 661 596 plebis
674 565 705 588 ait
717 565 746 588 de
759 565 864 596 pracsidio
877 564 1011 589 Consulum
1024 566 1048 588 &
1057 564 1146 587 senatus

370 596 483 620 retulisse:
502 597 526 620 in
540 599 577 620 1v.
589 605 609 624 ς.
626 604 682 620 vero
691 614 697 624 ,
714 597 743 620 de
755 597 837 620 eadem
851 597 964 620 relatione
977 595 1044 620 verba
1051 596 1145 621 faciens,

370 629 475 650 Hodierna
485 645 491 655 ‚
509 629 602 659 inquit,
617 630 650 651 tire
662 636 770 659 primum,
789 630 890 654 referente
903 631 985 652 stram
998 630 1033 651 hou
1041 629 1146 654 sermm,

369 660 491 690 callegrsqrte
504 660 566 690 ejur,
584 661 613 681 ad
620 661 680 691 [μνη
695 659 805 682 lubertatir
819 662 946 688 exarfimtes.
980 662 1061 684 Unum
1074 660 1147 682 Servi-

370 691 430 713 lium
444 693 534 722 populo
548 692 671 718 nominat,
688 692 820 722 principem
828 692 961 715 relationis:
978 692 1065 714 cumin
1074 691 1147 717 tertia,

371 729 443 752 quam
458 722 537 746 habuit
551 723 577 745 in
591 721 669 746 senatu
679 739 685 749 ,
702 722 738 745 bis
750 722 780 746 de
794 722 894 746 tribunis
906 722 981 755 plebis
994 722 1149 746 referentibus

371 755 534 777 communiter
546 755 691 778 meminerit.
709 754 738 777 sic
751 755 776 777 in
790 755 898 778 oratione
911 762 954 786 pro
962 757 1044 778 Domo
1052 753 1088 777 sua
1096 761 1149 778 mo-

372 785 404 808 do
417 784 522 809 senatum
536 785 562 808 ab
575 793 676 817 utroque
689 786 805 812 Consule,
822 786 898 809 modo
910 786 993 809 abuno
1001 786 1100 810 Metello
1108 793 1149 808 vo-

372 823 450 840 catum
464 817 534 840 dicit:
553 819 608 848 qnia
620 825 698 841 revera
711 824 808 847 uterque
821 817 962 841 consentiret
971 818 995 841 in
1003 818 1150 841 vocandole-

375 855 443 874 natu,
460 848 498 872 sed
517 850 616 879 propriae
636 848 728 871 Metelli
748 855 821 879 partes
834 848 920 878 essent,
937 850 993 881 qui,
1011 855 1035 873 ut
1049 850 1150 881 opinor,

373 887 402 903 eo
415 879 496 904 mense
508 880 577 904 fasces
590 879 691 904 haberet.

614 946 785 972 CAPUT
826 944 920 972 VIII.

549 1005 590 1029 De
608 1000 697 1028 ordine
715 1000 819 1039 rogandi
832 999 984 1034 fintemirts.

378 1067 405 1115 ’ἱ
425 1066 534 1098 Veterem
542 1065 609 1089 fuine
622 1064 778 1096 rogandarum
786 1062 953 1088 sententiarum
967 1069 1062 1086 morem
1071 1078 1078 1088 ,
1098 1057 1156 1085 &ab

453 1098 505 1128 ipsis
513 1097 691 1128 ezramRegibus
698 1095 938 1121 obletvatum,Livius
945 1092 1121 1126 significat.inde
1128 1090 1154 1114 ad

378 1130 548 1160 rempublicam
561 1130 712 1160 permanavit.
729 1128 780 1151 Post
788 1128 928 1151 relationem
937 1126 1043 1152 Consul,
1064 1131 1146 1159 autina

380 1161 485 1192 gistraius
492 1162 532 1185 ille
540 1162 581 1192 qui
590 1160 693 1184 senatum
701 1166 879 1185 convocaverat,
896 1158 950 1185 ubi,
964 1158 1030 1189 quod
1038 1155 1050 1181 ἐ
1057 1155 1157 1189 republi-

381 1200 406 1215 ca
414 1193 543 1216 videretur.
555 1193 579 1216 id
588 1200 612 1215 ur
621 1192 719 1223 quisque
727 1192 828 1218 diceret,
840 1191 941 1214 hortatus
949 1198 994 1213 erat
1002 1206 1008 1216 ‚
1016 1190 1100 1212 ordine
1108 1190 1156 1211 len-

381 1225 463 1248 tentias
471 1224 578 1256 rogabat:
595 1224 689 1255 rogabat
697 1231 774 1247 autern
783 1230 807 1246 ut
815 1223 883 1254 paulo
891 1228 943 1245 ante
950 1221 1103 1253 fignlficstum
1112 1218 1143 1254 es}
1151 1236 1157 1246 ,

382 1263 434 1280 non
449 1264 548 1283 omnes,
567 1256 609 1287 qui
617 1256 740 1279 aderantin
749 1255 841 1281 senatu,
859 1254 897 1277 sed
905 1260 1057 1279 eosrantum,
1074 1252 1156 1287 quile-

383 1294 475 1312 natores
483 1294 554 1312 crant.
562 1295 616 1310 nam
624 1288 698 1311 careri
706 1288 736 1311 ita
743 1286 866 1310 sententias
873 1286 982 1310 dicebant
990 1302 996 1311 ‚
1015 1292 1039 1308 ut
1048 1286 1157 1307 senatori-

383 1319 440 1347 bus,
458 1320 498 1350 qui
513 1320 631 1346 dixerant,
649 1318 816 1343 ass'eutirenrur.
833 1318 876 1341 Sed
884 1318 995 1341 ordinem
1003 1316 1159 1348 rogandinon

383 1351 485 1375 eundem
499 1351 565 1375 fuiss'e
578 1351 691 1374 omnibus
702 1350 849 1382 temporibus
856 1349 1026 1373 animadverto.
1046 1348 1098 1371 alias
1111 1347 1157 1378 pri-

385 1390 438 1407 mus
448 1383 583 1414 rogabatur,
598 1383 641 1414 qui
651 1381 664 1405 {r
674 1382 769 1406 censore
779 1382 885 1413 princeps
896 1382 920 1404 in
933 1380 1011 1404 senatu
1020 1380 1092 1403 Icelus
1099 1385 1158 1414 erat:

383 1416 451 1446 quod
464 1416 572 1439 Varronis
585 1421 649 1438 :ttate
662 1415 712 1438 fieri
727 1413 827 1440 defiiss'e,
843 1420 873 1437 ex
886 1412 937 1444 ipso
951 1416 1052 1436 Varrone
1066 1412 1159 1434 Gellius

385 1446 496 1470 ostendit.
513 1447 578 1473 alias,
597 1447 639 1477 qui
652 1446 763 1478 designati
776 1444 893 1469 Consules
905 1450 980 1467 erant:
999 1444 1014 1467 fi
1028 1444 1103 1466 modo
1110 1442 1161 1473 post

386 1479 485 1502 comitia
498 1477 586 1502 senatus
595 1478 727 1501 haberetur:
745 1476 776 1500 sin
785 1483 837 1500 ante
844 1493 850 1503 ‚
869 1475 986 1499 Consules
993 1475 1069 1499 siudio
1078 1481 1114 1497 aut
1122 1481 1161 1497 ne-

386 1510 523 1534 cessitudine
535 1509 628 1533 addusti
637 1525 643 1535 ,
661 1516 732 1540 quem
745 1509 775 1531 iis
787 1509 863 1531 visum
872 1514 931 1533 erat,
949 1506 1161 1530 honoriscausaex-

386 1549 419 1566 rra
428 1541 537 1565 ordinem
545 1540 683 1563 sententiam
698 1540 802 1569 primum
809 1538 928 1570 rogabant.
936 1538 961 1561 in
970 1545 1018 1570 quo
1025 1538 1094 1560 eriam
1103 1536 1162 1560 illud

387 1573 533 1597 observatum
541 1572 572 1595 est
580 1589 586 1598 ,
595 1579 619 1594 ut
627 1579 655 1595 ne
663 1572 715 1603 quis
723 1578 868 1602 quemquam
875 1577 902 1593 ex
909 1570 956 1592 alio
965 1586 971 1596 ,
984 1577 1055 1600 quam
1062 1576 1089 1592 ex
1098 1570 1162 1591 con-

386 1604 499 1630 sularibus
507 1621 514 1631 ,
522 1603 658 1627 sententiam
667 1603 771 1634 primum
779 1608 877 1633 rogaret.
885 1609 947 1625 anno
955 1601 1004 1632 posi
1013 1601 1100 1624 Urbem
1108 1607 1163 1622 con-

388 1637 462 1661 ditam
476 1638 559 1659 CCLx
568 1652 573 1661 ‚
591 1635 713 1665 dignitatis
724 1634 826 1657 habitam
839 1632 884 1657 esse
891 1633 1006 1656 rationem
1014 1633 1038 1656 in
1046 1631 1150 1662 rogando
1159 1647 1165 1658 ,

390 1667 516 1698 Dionysius
523 1666 635 1697 significat
642 1675 647 1689 :
667 1667 771 1696 primum
778 1666 844 1688 enim
851 1671 958 1695 rogatum
965 1663 1044 1688 esseT.
1053 1664 1165 1694 Largium

389 1700 496 1726 Flavium
505 1715 511 1725 ,
525 1699 566 1729 qui
579 1698 634 1729 quia
648 1698 753 1721 Dissator
766 1698 856 1728 primus
867 1703 955 1720 creatus
966 1695 1039 1719 fuerat
1050 1713 1056 1721 ,
1074 1695 1166 1718 honore

389 1731 503 1756 omnibus
510 1730 597 1753 anteire
605 1729 733 1752 videbatur.
751 1729 774 1752 ὅ(
783 1736 844 1758 anno
852 1728 938 1751 deinde
944 1729 1057 1759 proximo
1065 1727 1167 1750 seniores

392 1762 532 1788 Consulares
545 1761 630 1785 ordine
642 1768 734 1792 rogatos
741 1759 785 1784 esle
794 1777 800 1787 ,
816 1760 881 1784 idem
889 1759 1120 1790 Dionyfiusreslatur.
1138 1766 1166 1781 cx

391 1803 440 1827 quo
454 1800 528 1825 patet,
547 1800 596 1816 non
611 1792 656 1815 hoc
669 1800 730 1816 anno
740 1809 745 1818 ,
763 1792 820 1815 item
828 1799 852 1815 ut
861 1791 992 1821 superiore,
1009 1792 1114 1821 primum
1122 1790 1166 1813 ene

391 1833 499 1858 rogatum
515 1828 545 1848 Τ.
554 1825 677 1855 Largium:
695 1829 757 1847 erant
771 1824 836 1847 enim
845 1824 883 1846 alii
892 1822 1030 1846 Consulares
1038 1824 1062 1845 in
1070 1822 1146 1854 senatu
1158 1838 1164 1847 ,

390 1859 433 1891 qui
441 1864 491 1881 ante
498 1857 568 1880 illum
575 1856 730 1879 Consulatum
738 1854 848 1885 gesserant
857 1871 863 1881 ,
880 1861 905 1877 ut
913 1854 1164 1878 M.valeriusvoletus,

390 1887 811 1916 1’.PostumiusTubertus,Menenius
819 1887 920 1918 Agrippa
927 1888 1031 1911 Lanatus,
1038 1884 1166 1916 Sp.Cassius

391 1922 544 1947 Viscellinus:
555 1920 597 1950 qui
604 1920 675 1943 etiam
682 1926 712 1942 eo
719 1919 758 1942 die
766 1924 844 1950 prater
851 1917 954 1942 Cassium
963 1934 969 1944 ‚
977 1917 1046 1948 legati
1054 1917 1081 1939 ad
1088 1915 1165 1939 sedan-

391 1955 435 1978 dos
450 1952 524 1984 plebis
537 1952 629 1975 animos
641 1950 702 1974 missi
714 1950 774 1974 sunt.
795 1949 837 1974 Sed
850 1956 912 1973 anno
924 1948 1044 1980 superiore
1058 1948 1112 1972 ideo
1120 1948 1165 1978 pri-

394 1993 462 2011 mum
469 1990 577 2016 rogatum
584 1981 628 2006 esse
634 1983 738 2006 Flavium
746 1982 899 2008 crediderim,
919 1985 971 2004 tum
978 1998 985 2008 ,
1003 1987 1027 2004 ut
1035 1981 1085 2004 dixi
1094 1997 1100 2007 ,
1111 1980 1166 2010 quia

394 2018 500 2041 nietam:
514 2016 603 2047 primus
616 2014 701 2042 suerat,
718 2020 770 2038 tum
783 2014 853 2038 etiam
862 2029 868 2040 ,
885 2012 952 2044 quia,
969 2020 1023 2036 cum
1036 2011 1167 2038 &finitimis

394 2049 488 2080 populis
495 2048 583 2071 bellum
593 2047 662 2076 parari
670 2047 815 2070 nuntiaretur
823 2062 829 2072 ‚
847 2045 878 2068 rei
887 2044 1027 2075 magnitudo
1035 2043 1119 2068 ferebat
1127 2061 1133 2071 ‚
1142 2050 1167 2067 ut

395 2081 414 2104 is
430 2079 492 2102 snam
506 2079 642 2102 struendam
650 2078 740 2109 primus
747 2078 833 2101 diceret
842 2094 847 2103 ,
865 2077 905 2108 qui
914 2075 1032 2099 bellorum
1040 2076 1080 2100 usu
1088 2082 1168 2106 practer

394 2118 488 2136 exteros
500 2109 637 2133 excellebat:
655 2117 699 2140 qua
713 2109 760 2140 ipsa
773 2106 869 2133 decausa
877 2108 1023 2139 potissimum
1032 2109 1054 2131 ὅ(
1063 2108 1168 2131 Distator

393 2149 480 2167 creatus
487 2148 539 2164 erat,
561 2148 580 2163 at
589 2143 612 2164 in
621 2140 793 2171 sequentianno
801 2158 806 2168 ,
824 2148 878 2164 cum
888 2147 937 2163 non
946 2140 974 2162 de
982 2139 1046 2164 bello
1052 2140 1165 2171 gerendo,

394 2174 434 2199 sed
448 2174 477 2198 de
489 2172 615 2195 domestica
629 2172 744 2197 seditione
751 2172 895 2196 dissolvenda
901 2171 1026 2195 confilium
1033 2178 1150 2202 caperetur
1159 2188 1165 2198 ,

393 2208 443 2236 jure
449 2204 615 2229 Consularium
624 2204 767 2230 veruffiffimi
776 2211 817 2235 pro
825 2203 935 2235 cujusque
942 2209 1005 2227 :trare
1012 2203 1121 2235 deinceps
1128 2210 1163 2226 ro-

392 2238 442 2270 gati
449 2237 510 2261 sunt.
527 2234 673 2259 observatum
681 2243 757 2260 autem
765 2236 825 2260 illud
832 2236 956 2259 Suetonius
962 2236 1026 2266 Jul.2
1034 2243 1042 2259 1
1049 2244 1080 2259 .2.
1088 2235 1166 2261 tradit,

393 2276 420 2293 ut
427 2286 434 2297 ,
442 2277 506 2301 quem
513 2268 605 2290 ordinem
613 2268 874 2299 interrogandisementiaa
883 2263 958 2296 Consul
965 2268 1074 2296 Kalendis
1081 2268 1166 2296 Janua-

393 2303 434 2324 riis
447 2300 581 2331 inflirur‘sset,
597 2306 647 2321 eum
660 2305 702 2321 roto
714 2302 915 2329 annuconservaret.
930 2306 1002 2330 quam
1017 2298 1166 2323 consuetudi-

395 2329 546 2358 nemCasar,
561 2331 602 2362 qui
611 2329 636 2353 ad
643 2330 754 2361 gratiam,
774 2331 798 2354 id
811 2331 842 2354 est
852 2348 858 2358 ,
872 2331 898 2354 ad
907 2331 1037 2362 potentiam
1045 2330 1122 2358 suam,
1140 2338 1166 2354 o-

393 2365 459 2397 rnnia
471 2362 577 2391 referret,
589 2363 614 2387 in
626 2360 667 2387 suo
680 2361 810 2388 Consulatu
818 2363 1004 2394 neglexit-nam,
1013 2370 1069 2388 curn
1076 2363 1169 2393 Craffiem

1167 188 1223 213 ptras
1235 189 1306 210 rogare
1316 182 1414 216 primum
1426 182 1498 212 coepir.
1517 182 1570 204 Haec
1577 182 1701 203 Suetonius
1709 197 1715 207 ,
1734 178 1867 212 quaefivera
1874 178 1941 209 sunt,

1168 220 1217 237 non
1231 213 1316 240 video,
1334 213 1377 244 qui
1390 211 1512 235 sententias
1525 212 1600 243 rogari
1615 212 1686 244 primi
1695 211 1814 243 potuerint
1827 212 1946 236 Consules

1169 244 1290 276 designati.
1304 252 1358 268 nam
1367 261 1372 271 ‚
1391 244 1407 267 si
1420 251 1493 275 quem
1501 244 1613 268 ordinem
1621 246 1645 268 in
1653 244 1758 275 rogando
1766 244 1856 267 Consul
1864 245 1948 268 Kalen-

1169 278 1205 300 dis
1219 277 1331 306 Januariis
1343 275 1488 302 instituisset,
1507 283 1623 299 eunitoto
1632 273 1860 299 annoconservabat:
1877 282 1949 299 occu-

1170 314 1221 340 pato
1230 309 1274 335 iam
1284 309 1361 339 prirno
1369 309 1423 331 loco
1431 325 1437 335 ,
1454 307 1688 339 defiguariConsules
1694 315 1743 331 non
1751 307 1838 338 primi,
1850 305 1889 330 sed
1897 307 1949 338 post

1170 341 1260 371 primos
1274 340 1422 371 rogabantur.
1435 341 1535 363 mendax
1549 340 1621 371 igitur
1633 339 1758 363 Suetonius
1770 341 1778 362 :-
1794 344 1876 362 vereor
1889 339 1950 362 anti-

1171 372 1299 403 quitatem:
1316 379 1373 399 nec,
1391 377 1416 394 ut
1428 371 1466 394 illi
1479 371 1612 399 detraham,
1628 371 1709 395 adduci
1719 377 1808 394 temere
1816 368 1890 393 soleo.
1907 369 1950 394 sed

1171 410 1249 426 tamen
1258 420 1264 429 ‚
1281 402 1299 426 fi
1312 404 1366 433 quis
1373 409 1478 434 argueret
1486 403 1634 427 mendacium
1644 421 1650 430 ‚
1667 401 1812 427 defendendi
1819 402 1877 425 ratio
1885 401 1949 425 milri

1173 435 1272 467 quidem
1280 441 1329 458 non
1337 434 1450 466 suppetit:
1459 434 1501 458 nisi
1507 434 1533 461 si,
1540 435 1605 466 quod
1613 437 1638 459 in
1645 443 1674 459 eo
1681 435 1792 466 scriptum
1798 433 1838 459 est,
1846 440 1890 456 toto
1896 441 1952 456 armo

1174 468 1268 497 accipias
1281 474 1330 490 non
1343 467 1519 497 planeprototo
1527 474 1602 494 anno,
1619 465 1656 490 sed
1665 474 1707 498 pro
1715 472 1767 489 toto
1775 465 1818 489 illo
1826 471 1949 496 tempore,

1173 499 1238 530 quod
1250 498 1277 521 ad
1287 499 1400 529 rogandas
1408 498 1638 522 sententiasliberum
1646 497 1845 523 Consulidaretur
1853 514 1859 524 ,
1875 496 1951 524 idest,

1173 531 1199 554 ad
1215 530 1287 561 nsque
1300 529 1486 561 designationem
1500 530 1632 553 Consulum
1641 547 1647 557 ,
1665 531 1707 562 qui
1719 530 1768 553 sere
1775 527 1952 560 designabantur

1175 562 1290 592 Quinstili
1305 560 1397 585 mense:
1416 568 1442 585 ut
1454 561 1504 592 post
1518 561 1702 592 designationem
1709 561 1793 585 ordine
1801 566 1952 584 commutato

1176 595 1254 623 primo
1268 594 1344 625 rogati
1356 593 1398 617 sint
1411 593 1528 617 Consules
1541 593 1661 624 designati.
1679 600 1747 620 nam,
1764 592 1814 615 stad
1821 592 1886 615 illam
1893 599 1952 615 con-

1175 626 1286 653 iecturam
1300 641 1305 651 ,
1323 632 1433 656 tanquam
1447 626 1474 649 ad
1486 632 1560 648 arcem
1574 624 1716 648 defensionis
1729 641 1735 651 ,
1753 623 1890 654 confugeres
1899 641 1905 651 ‚
1922 623 1952 647 de

1177 656 1322 680 Consulibus
1341 657 1464 688 defignatis
1477 658 1558 688 ptimo
1572 657 1629 680 loco
1642 656 1751 687 rogandis
1764 656 1888 686 antiquum
1901 662 1952 679 non

1177 687 1258 715 suiffe,
1277 688 1314 711 sed
1326 705 1331 715 ‚
1347 696 1372 711 ur
1385 689 1457 719 primi
1470 694 1622 720 rogarentur,
1638 688 1689 719 post
1697 685 1952 711 CaesarisConsulatum

1178 721 1203 744 in
1217 719 1414 744 consuetudinem
1426 720 1524 748 venisie,
1544 720 1648 751 ideoque
1655 727 1704 742 non
1712 717 1756 743 esse
1763 718 1865 741 veritatis
1871 725 1954 750 exper-

1178 759 1227 775 tem
1235 753 1341 775 Suetonii
1349 751 1486 775 sententiam
1495 769 1501 779 ‚
1518 753 1633 784 quoniam
1640 751 1740 783 quidem
1747 750 1776 774 de
1782 749 1867 773 ordine
1872 756 1956 781 rogan-

1179 783 1226 810 do,
1245 784 1287 815 qui
1302 782 1399 807 servatus
1412 783 1502 807 estante
1509 784 1623 807 Caesarem
1631 783 1775 809 Consulem,
1798 781 1956 809 intellexerit,

1180 815 1274 839 infirma
1282 817 1339 838 ratio
1346 815 1378 839 est
1386 823 1391 837 ι
1408 815 1542 839 debilitatur
1549 817 1615 840 enim
1624 832 1629 842 2
1637 817 1662 840 ὅ(
1669 814 1782 846 frangitur
1789 813 1957 844 exemplorum

1181 848 1213 870 νίτ
1226 854 1280 870 nam
1294 847 1411 870 Consules
1423 847 1554 878 designatos
1565 848 1637 871 etiam
1645 854 1697 870 ante
1704 845 1816 870 Caesarem
1824 843 1957 869 Consulem

1183 878 1262 909 primo
1270 878 1329 906 ,loco
1342 885 1436 910 rogatos
1449 879 1625 906 animadverto,
1643 885 1668 901 ut
1680 881 1709 902 D.
1718 878 1808 908 Julium
1815 877 1919 900 Silanum
1932 877 1958 900 in

1183 910 1281 933 Sallustii
1295 911 1319 933 &
1333 911 1434 941 Appiani
1449 910 1564 934 historiis:
1583 917 1670 942 quem,
1685 915 1737 932 ante
1749 907 1862 931 Carsarem
1870 906 1959 938 geffisle

1184 940 1338 964 Consulatum
1347 958 1354 968 ,
1369 949 1442 965 nemo
1450 941 1529 966 nescit.
1538 943 1616 972 itaque
1623 941 1692 964 liaeret
1699 941 1771 964 adhuc
1778 939 1895 963 dubitatio
1904 955 1910 966 ‚
1918 946 1960 962 ne·

1185 979 1231 1002 que
1244 973 1353 998 tolletur,
1375 973 1469 1003 opinor-
1486 973 1674 1002 (sortassesallon
1692 971 1840 998 sederudiri,
1856 971 1961 994 &corri-

1185 1004 1210 1034 gi
1222 1003 1289 1026 facile
1298 1005 1382 1034 patior)
1390 1003 1433 1027 nili
1441 1004 1456 1027 st
1464 1005 1681 1035 interpretationem
1688 1004 1767 1030 illam,
1783 1003 1813 1027 de
1819 1003 1916 1034 quajam
1923 1002 1960 1026 di-

1188 1035 1226 1061 xi,
1244 1034 1360 1065 sequaris,
1377 1035 1519 1066 maccipias,
1536 1042 1579 1058 toto
1590 1044 1644 1058 anno
1653 1051 1660 1062 ,
1678 1042 1720 1065 pro
1727 1042 1799 1066 quam
1811 1034 1957 1060 diuliceret,

1187 1066 1303 1089 nimirum
1323 1066 1396 1098 usque
1408 1073 1437 1090 eo
1451 1083 1458 1094 ,
1481 1066 1540 1090 dum
1551 1066 1718 1090 Consularibus
1729 1066 1835 1090 comitiis
1846 1065 1961 1096 designati

1188 1096 1304 1121 Consules
1316 1096 1398 1122 essent:
1417 1106 1472 1122 nam
1485 1096 1962 1128 &RLentulusConsulKalendisJanua-

1187 1129 1230 1155 rii,
1247 1136 1302 1152 cum
1315 1137 1393 1161 ageret
1405 1130 1434 1153 de
1446 1131 1563 1154 Cicerone
1575 1129 1731 1155 restituendo,
1748 1127 1890 1153 Consulibus
1902 1128 1962 1151 inse-

1187 1161 1281 1191 quentis
1294 1163 1348 1184 anni
1361 1162 1471 1185 nondum
1483 1161 1620 1193 detignaris,
1638 1160 1776 1185 sententiam
1783 1161 1964 1191 primumroga-

1189 1193 1221 1216 vit
1228 1195 1254 1216 L.
1264 1193 1390 1217 Aurelium
1397 1195 1501 1220 Cottam,
1510 1200 1534 1216 ut
1540 1193 1603 1217 estin
1610 1193 1717 1216 oratione
1724 1199 1767 1223 pro
1772 1192 1861 1215 Sextio.
1868 1196 1890 1214 at
1896 1191 1963 1215 idem

1188 1224 1269 1247 Sextili
1277 1224 1357 1248 mense
1365 1242 1372 1252 ,
1388 1232 1440 1249 cum
1448 1225 1495 1255 jam
1501 1223 1731 1256 designatiConsules
1737 1221 1808 1247 essent
1815 1239 1821 1250 ‚
1830 1223 1963 1254 principem

1189 1257 1280 1286 rogavit
1292 1256 1322 1279 de
1335 1256 1453 1280 liberanda
1462 1257 1586 1281 Ciceronis
1592 1257 1667 1280 domo
1676 1258 1721 1279 Cn.
1730 1255 1871 1278 Cornelium
1877 1256 1964 1277 Lentu-

1189 1288 1240 1310 lum
1249 1288 1413 1312 Marcellinum
1420 1287 1551 1312 Consulem
1558 1288 1713 1320 designatum,
1719 1292 1744 1310 ut
1751 1286 1783 1310 est
1790 1286 1815 1310 in
1821 1284 1928 1309 oratione
1935 1285 1966 1309 de

1190 1318 1338 1350 liarulpicum
1353 1319 1474 1351 responfis.
1492 1328 1516 1344 ac
1529 1320 1558 1344 de
1571 1319 1717 1344 Consulibus
1730 1317 1867 1349 designatis,
1883 1318 1965 1348 primo

1190 1351 1245 1373 loco
1262 1350 1401 1375 sententiam
1416 1352 1517 1383 rogaris,
1534 1350 1575 1376 etsi
1587 1351 1639 1375 satis
1646 1357 1750 1383 apertum
1757 1350 1804 1377 est,
1821 1347 1966 1373 recitabota-

1192 1389 1246 1406 men
1260 1382 1329 1414 ipsius
1341 1384 1464 1407 Ciceronis
1475 1383 1654 1410 testimonium,
1670 1381 1737 1414 quod
1749 1381 1818 1405 instar
1829 1381 1964 1405 multorum

1192 1415 1356 1445 exemplorum
1363 1416 1436 1439 erit-is
1443 1416 1515 1448 igitur
1522 1414 1583 1439 sicin
1590 1415 1697 1438 oratione
1704 1415 1729 1437 in
1737 1413 1966 1438 Antoniumvxa3.

1192 1446 1243 1476 Qui
1256 1451 1303 1469 ordo
1316 1448 1338 1469 in
1346 1448 1457 1477 sententis}
1468 1448 1565 1477 rogandis
1572 1447 1720 1477 sirvarisbler
1728 1461 1734 1471 ‚
1752 1445 1843 1467 eundem
1855 1443 1927 1466 tenebo
1939 1443 1963 1466 in

1193 1477 1350 1507 writfornhm
1362 1480 1496 1501 hanorandr's.
1515 1478 1529 1501 ri
1541 1480 1608 1500 Bruto
1620 1479 1688 1506 igitur
1699 1476 1786 1504 Confiole
1797 1476 1965 1505 defignaromore

1192 1509 1302 1540 majorum
1313 1510 1549 1538 capiamusexordium.
1582 1510 1650 1532 Hunc
1657 1514 1751 1530 morem
1758 1504 1830 1537 usque
1838 1506 1864 1529 ad
1873 1504 1967 1529 Tiberii

1193 1540 1340 1569 Imperatoris
1346 1546 1436 1563 aetatem
1444 1539 1541 1571 viguisse
1548 1556 1554 1566 ,
1565 1546 1594 1562 ex
1601 1539 1677 1563 Taciti
1683 1539 1796 1561 docemur
1804 1536 1904 1560 historia.
1913 1536 1968 1560 scri-

1194 1569 1229 1593 bit
1236 1571 1303 1594 enim
1310 1571 1372 1594 libro
1378 1574 1419 1595 111.
1427 1580 1465 1595 22.
1474 1575 1497 1594 6.
1506 1571 1602 1594 Tubertus
1610 1571 1710 1600 Drusum
1718 1570 1826 1598 Consulem
1832 1569 1966 1599 designatum

1194 1604 1496 1634 exemitdicendaeprr'moloco
1505 1603 1620 1632 sementia.
1643 1601 1687 1625 Sed
1693 1601 1968 1630 omittamuslmperato-

1196 1640 1245 1659 res,
1263 1634 1305 1664 qui
1316 1634 1435 1657 civitatem
1448 1634 1510 1657 nulla
1517 1639 1574 1656 certa
1581 1633 1686 1658 rarione,
1703 1632 1812 1662 autlege,
1829 1630 1968 1662 sedprovo-

1197 1664 1285 1688 luntate
1293 1681 1299 1691 ‚
1318 1666 1354 1688 vel
1364 1672 1407 1696 pto
1419 1664 1521 1688 libidine
1529 1665 1608 1696 potius
1616 1663 1815 1688 administratum:
1832 1669 1887 1686 nam
1894 1664 1967 1687 etiam

1196 1703 1248 1719 ante
1260 1695 1385 1720 Tiberium
1392 1696 1508 1728 Augustus
1516 1713 1522 1724 ,
1540 1703 1565 1719 ut
1572 1695 1689 1728 suprajam
1696 1695 1801 1719 diximus
1808 1711 1814 1721 ‚
1831 1701 1933 1718 veterem
1940 1694 1968 1719 in

1195 1727 1301 1759 rogando
1313 1728 1510 1752 consuetudinem
1523 1728 1635 1760 neglexit.
1652 1728 1731 1758 itaque
1740 1725 1968 1750 continebimusnos

1195 1760 1253 1783 intra
1260 1760 1392 1791 reipublicae
1398 1767 1504 1791 tempora
1511 1777 1518 1787 ,
1535 1760 1559 1782 &
1566 1767 1591 1783 ea
1599 1776 1606 1786 ,
1616 1766 1667 1791 quae
1673 1757 1686 1782 a
1692 1757 1869 1782 liberiscivibus
1876 1758 1902 1781 in
1908 1757 1968 1781 libe-

1195 1799 1216 1814 ra
1229 1792 1323 1815 civitate
1335 1791 1494 1815 suntinssiruta
1503 1808 1509 1818 ‚
1526 1790 1698 1821 persequemur.
1715 1788 1966 1820 posterioraeiusmodi

1193 1822 1302 1849 fuerunt,
1318 1821 1334 1845 si
1349 1829 1416 1854 pauca
1429 1823 1535 1854 quaedam
1547 1822 1660 1852 excipias,
1678 1827 1703 1844 ut
1717 1820 1965 1852 eapraesterignorare,

1194 1861 1266 1884 quam
1279 1852 1343 1877 scire.
1357 1854 1493 1880 nonenim,
1511 1852 1738 1876 undelibettasabest
1747 1869 1753 1879 ‚
1771 1851 1966 1883 ibiadessepotest

1193 1886 1273 1909 virtus.
1280 1892 1357 1916 neque
1364 1893 1419 1909 vero
1425 1885 1563 1909 sinevirtute
1569 1884 1699 1916 quidquam
1706 1885 1737 1907 ita
1743 1884 1832 1913 geritur
1838 1900 1844 1911 ,
1856 1889 1880 1906 ut
1885 1890 1968 1907 exem-

1196 1917 1236 1948 plo
1249 1917 1354 1948 prodesse
1366 1917 1443 1949 poffit.
1459 1923 1531 1948 porro
1544 1924 1595 1947 quae
1607 1914 1739 1947 legentibus
1751 1922 1802 1939 non
1808 1914 1910 1946 prosint,
1927 1920 1967 1939 aut

1195 1949 1266 1972 etiam
1274 1955 1325 1980 quae
1335 1956 1421 1973 nocere
1429 1948 1528 1980 poffiut,
1545 1947 1735 1971 mandareliteris
1746 1947 1895 1978 quicogitat‚
1913 1947 1933 1971 is
1941 1947 1967 1971 δε

1196 1980 1248 2003 otio
1255 1979 1332 2008 abuti,
1349 1981 1373 2004 &
1381 1981 1410 2004 de
1417 1980 1490 2004 literis
1496 1979 1550 2011 ipsis
1558 1980 1617 2003 male
1625 1979 1710 2003 mereri
1717 1977 1785 2002 limul
1791 1979 1967 2009 cogitatquare,

1196 2019 1221 2035 ut
1233 2019 1285 2043 apes
1300 2019 1363 2039 non,
1380 2013 1517 2044 ubicunque
1528 2010 1688 2038 consederint,
1707 2009 1847 2041 decerpunt,
1863 2009 1902 2033 sed
1915 2011 1969 2042 pul-

1196 2044 1325 2068 cherrimos
1335 2043 1480 2072 flosculos,&
1486 2043 1552 2067 suave
1559 2043 1672 2074 quiddam
1679 2043 1812 2066 redolentes
1818 2049 1874 2065 aucu
1892 2048 1966 2066 antur:

1197 2075 1226 2099 sic
1239 2083 1296 2101 nos,
1314 2083 1364 2100 non
1377 2082 1523 2109 quaecunque
1535 2081 1691 2098 occurrentex
1699 2074 1849 2105 antiquitate,
1866 2050 1968 2097 (ἕάἱΙΙιι-

1196 2107 1247 2131 stria
1259 2115 1357 2139 qusque
1370 2125 1377 2134 ,
1399 2108 1551 2138 maximeque
1571 2105 1694 2130 laudabilia
1705 2106 1855 2137 colligemus.
1887 2106 1968 2130 Movit

1196 2146 1234 2162 me
1242 2139 1461 2171 aliquamdiu‚quod
1467 2139 1493 2162 in
1500 2138 1626 2170 Philippica
1634 2145 1678 2161 x.c.
1685 2137 1832 2167 1.Q.Fusium
1839 2137 1967 2164 calenum.

1197 2171 1239 2202 qui
1247 2170 1356 2195 nondum
1368 2169 1554 2197 Consulfuisser‚
1570 2173 1639 2201 primo
1645 2176 1723 2193 tamen
1731 2171 1773 2193 loco
1780 2170 1968 2200 rogarumfinren-

1196 2204 1251 2226 riam
1259 2202 1367 2226 videbam
1375 2219 1380 2229 ,
1398 2209 1477 2227 contra
1485 2202 1649 2226 testimonium
1657 2201 1730 2225 Gellii
1739 2209 1774 2225 ιν.
1785 2209 1822 2225 10.
1839 2200 1968 2232 quinemi-

1197 2241 1254 2258 nem
1263 2251 1270 2262 ,
1286 2235 1328 2265 nisi
1337 2235 1482 2263 Consularem,
1496 2236 1595 2267 primum
1604 2235 1733 2263 sententiam
1739 2240 1838 2263 rogatum
1845 2233 1882 2261 effi
1889 2232 1967 2257 tradit.

1198 2265 1276 2298 postea
1287 2273 1316 2290 ex
1329 2265 1421 2291 duobus
1427 2267 1486 2290 locis
1492 2265 1597 2294 eiusdem
1609 2265 1733 2289 Ciceronis
1739 2264 1896 2293 coniceturam
1906 2263 1950 2288 feci
1958 2279 1966 2291 ,

1199 2298 1316 2322 calenum
1330 2298 1402 2323 Pansae
1412 2297 1522 2322 Consulis
1535 2295 1725 2321 socerumfniffe:
1743 2295 1966 2327 utinrogandoplus

1200 2330 1381 2359 necessitudini,
1399 2337 1469 2362 quam
1485 2330 1595 2361 dignitati
1608 2347 1614 2356 ‚
1637 2327 1740 2352 tribuisse
1752 2328 1842 2352 Consul
1855 2328 1966 2351 videatur.

1199 2363 1264 2394 prior
1275 2363 1342 2387 locus
1354 2362 1392 2387 hic
1404 2362 1435 2387 est
1451 2362 1475 2387 in
1487 2362 1616 2394 Philippica
1628 2368 1654 2386 vr
1663 2370 1671 2387 r
1680 2368 1699 2385 r.
1708 2364 1730 2385 6.
1762 2361 1824 2384 Satn}
1834 2360 1966 2419 multafcusrq

1925 2397 1938 2411 u
1949 2398 1968 2413 Ι.

2012 2719 2050 2734 (ι,
