2075 2734
396 124 451 156 754
715 109 1149 146 Awriquvtwi-um
1189 106 1530 134 Romanarum
1572 97 1704 137 max.

394 165 498 192 ferente
511 159 520 194 ζ
540 171 607 191 unus
621 159 743 198 pluresve
757 160 790 187 de
807 158 922 196 collegio
936 157 1143 186 intercederent:
1159 154 1278 193 postremo
1291 177 1300 188 ‚
1320 165 1382 183 cum
1397 154 1519 184 tribunus
1533 156 1696 194 Imperatori
1709 157 1744 187 05
1757 166 1799 187 res
1811 160 1839 190 in
1851 159 1922 192 bello
1937 165 1985 203 gei

393 202 441 230 stas
460 203 532 229 diem
553 201 656 229 diceret
667 220 675 233 ‚
698 198 772 226 ficuti
794 199 874 232 Cajus
893 198 1031 223 Memmius
1044 194 1147 223 Lucullo
1159 216 1167 226 ‚
1195 196 1240 231 qui
1255 193 1358 222 duobus
1371 194 1560 231 potentissimis
1577 196 1708 233 Regibus.
1727 197 1882 227 Mithridate
1897 204 1924 230 &
1939 202 1983 231 Ti.

386 250 469 278 grane
483 239 608 269 devidkis,
629 244 720 265 tamen
735 235 839 264 nonnifi
851 235 970 263 triennio
983 234 1041 271 post
1051 255 1058 268 ‚
1079 233 1275 262 accusationem
1291 233 1449 262 remittente
1464 233 1613 266 Memmio,
1635 235 1801 272 triumphare
1812 240 1909 273 potuit.
1930 241 1983 269 Re-

393 279 457 307 citat
470 276 580 305 Valerius
591 275 726 304 Maximus
739 274 808 302 libro
824 285 850 301 2.
859 283 916 311 cap.
925 276 952 303 8.
967 275 1049 302 etiam
1063 272 1107 301 has
1120 271 1200 309 leges.
1230 271 1275 299 Ob
1289 271 1356 299 levia
1373 292 1380 302 ,
1400 272 1487 309 inquit
1501 292 1508 304 ‚
1528 272 1616 308 praelia
1635 274 1747 310 quidam
1761 277 1922 310 Imperatores
1935 278 1983 307 fibi

391 316 545 354 triumphos
566 315 672 342 decerni
693 313 875 342 defiderabant
888 334 895 345 ,
917 311 1011 350 quibus
1020 319 1051 340 ut
1070 318 1276 341 occurreretur,
1298 311 1356 346 lege
1375 316 1482 338 cautum
1500 311 1537 338 est
1553 332 1559 343 ‚
1581 320 1615 338 ne
1636 313 1694 348 quis
1716 313 1895 350 triumpharet
1907 337 1915 348 ‚
1935 316 1983 345 nifi

393 357 511 391 quinque
527 353 610 381 millia
622 352 737 380 hostium
752 361 804 379 una
818 353 874 379 acie
889 351 1031 379 cecidiffet.
1058 351 1124 378 Non
1138 353 1211 377 enim
1228 358 1360 382 numeru,
1380 348 1424 376 sed
1442 348 1528 386 gloria
1543 350 1746 387 triumphorum
1763 351 1887 380 exceliius
1901 353 1981 382 Urbis

393 394 487 421 nostrae
503 392 625 420 futurum
640 391 720 419 decus
735 391 850 426 majores
865 390 1060 418 existimabant.
1409 400 1420 413 ·
1926 397 1930 401 ·

433 432 566 458 Caetexum
580 439 614 457 ne
627 435 684 456 tam
698 429 822 465 praeclara
834 428 877 455 lex
891 429 1035 466 eupiditate
1047 427 1136 454 laum
1149 425 1350 457 obliteraretur,
1369 424 1436 462 legis
1449 425 1554 454 alterius
1563 427 1699 463 adjutorio
1713 427 1777 456 fulta
1792 429 1842 463 est,
1852 438 1910 466 quae
1923 439 1983 467 pc&

392 478 454 496 nam
472 468 632 504 Imperatori
645 468 777 499 minatur,
797 468 842 504 qui
856 475 900 495 aut
912 466 1028 494 hostium
1043 464 1193 493 occisorum
1206 465 1232 491 in
1247 464 1338 500 praelio
1353 485 1360 495 ,
1379 471 1426 491 aut
1439 464 1595 493 amissorum
1612 466 1714 493 civium
1727 466 1821 494 falsum
1835 477 1982 497 numerum

391 507 473 535 literis
484 505 591 541 senatui
609 506 661 534 aufi
676 506 759 534 essent
775 505 874 533 referre
890 515 898 532 ι
916 504 1046 542 jubetque
1061 513 1107 531 eos
1119 525 1125 535 ‚
1149 509 1214 531 cum·
1225 505 1350 538 primum
1359 501 1462 529 Urbem
1477 503 1613 542 intrassent
1627 524 1635 537 ,
1655 504 1724 540 apud
1737 504 1865 543 questores
1878 506 1984 534 urbanos

391 546 495 582 jurare,
515 545 548 572 de
563 552 678 582 utroque
693 553 808 572 numero
821 553 883 572 vere
894 543 927 571 ab
940 543 980 571 his
995 543 1094 571 senatui
1107 542 1158 569 esse
1172 541 1311 577 scriptum.
1345 543 1410 568 Haec
1426 540 1551 568 Valerms.
1570 543 1693 577 'Fuerunt
1709 550 1816 574 tamen,
1836 545 1881 580 qui
1894 545 1980 573 inrito

392 583 482 611 senatu
492 582 628 611 honorem
641 583 712 611 hunc
725 582 772 610 fibi
786 589 928 619 rapuerunt
943 592 951 609 t
973 583 1000 610 &
1014 589 1077 609 cum
1091 581 1118 608 in
1132 579 1285 614 Capitolium
1298 587 1429 616 pompam
1444 579 1543 607 ducere
1556 589 1611 608 non
1626 581 1732 608 daretur
1745 602 1753 613 ‚
1773 583 1906 610 duxerunt
1920 592 1980 611 eam

391 622 419 649 in
432 620 560 649 Albanum
574 630 685 650 montem
699 621 769 649 Latii
783 619 920 657 praealtum
931 641 937 652 ‚
959 629 1009 647 nec
1020 619 1114 656 procul
1128 618 1161 646 ab
1175 618 1250 645 Urbe
1265 617 1343 645 fitum
1359 627 1365 644 2
1383 617 1461 653 ‘cujus
1472 618 1511 645 rei
1526 619 1646 654 primum
1660 619 1800 648 authorem
1816 619 1892 649 fuisse
1904 631 1980 658 repe-

390 661 476 689 rimus
492 662 528 686 C.
537 660 668 695 Papirium
680 661 809 694 Masonem
821 658 885 686 Cos.
895 660 970 687 ΑΝ.
982 665 1061 686 mxxi
1071 668 1092 685 i.
1106 657 1139 685 de
1147 665 1200 693 quo
1214 656 1343 692 superiori
1359 656 1445 691 capite
1458 656 1585 686 diximus.
1606 658 1717 694 Legitur
1730 666 1855 694 praeterea
1868 660 1895 686 in
1907 659 1981 688 Vale-

391 697 444 730 rio,
465 698 535 726 libro
550 701 673 735 2.cap.8.
687 698 760 735 quod
774 697 915 732 triumphat
928 704 1033 725 tantum
1047 696 1093 728 iis,
1115 696 1160 732 qui
1174 695 1319 731 imperium
1328 695 1486 721 Romanum
1502 694 1644 726 auxissent,
1655 705 1711 722 non
1725 703 1814 723 autem
1832 698 1876 734 qui
1887 698 1979 726 amissa

390 737 599 774 recuperassent‚
621 736 700 765 fucrit
713 736 860 773 permissus.
882 734 947 762 Non
958 735 1038 762 etiam
1054 755 1061 765 ,
1082 734 1129 761 n‘fi
1143 734 1177 760 de
1188 732 1306 760 hostibus
1319 731 1517 768 triumphatum
1533 732 1608 760 fuifl‘e
1616 733 1737 770 legimus
1752 754 1761 765 ,
1780 736 1806 762 &
1820 736 1929 771 quidem
1944 736 1978 763 de

391 776 440 807 iis,
462 785 578 813 quorum
592 775 676 811 aliqua
690 775 753 802 esset
767 774 890 811 dignitaS.
930 774 1004 801 Nam
1020 782 1081 800 cum
1096 781 1144 808 per
1160 772 1280 798 Cmffum
1302 779 1396 798 contra
1415 770 1554 798 servorum
1571 771 1716 799 colluviem
1730 772 1844 800 feliciter
1857 782 1898 800 res
1911 774 1975 801 effet

390 815 462 849 gesta
473 834 479 845 ‚
503 814 627 850 indignus
641 813 722 841 hostis
740 812 842 840 habitus
856 832 863 843 ‚
884 812 917 839 de
930 820 984 848 quo
997 810 1147 847 triumphus
1164 817 1288 846 ageretur
1302 819 1307 836 t
1329 818 1410 846 quare
1422 809 1529 836 coactus
1543 808 1593 836 fuit
1608 809 1711 846 cmſja'os
1722 810 1835 837 ovatione
1850 811 1902 838 effe
1913 821 1978 840 con-

391 859 488 879 tentus.
510 852 551 877 De
565 851 667 879 civibus
680 860 745 878 vero
758 851 794 878 ita
806 849 896 878 scribit
911 848 1024 876 Videt-ius
1036 849 1082 876 lib.
1092 859 1115 876 2.
1127 848 1213 885 capite
1228 846 1255 875 8⁸.
1274 851 1379 875 Verum
1393 848 1515 882 quamvis
1528 847 1664 882 praeclaras
1678 858 1719 876 res
1733 850 1906 886 maximeque
1922 851 1976 878 uti-

390 889 428 917 les
442 889 553 924 reipubl.
570 889 643 917 civili
655 888 725 916 bello
739 888 852 925 gessisset
864 908 871 919 ‚
892 890 1027 922 Imperator
1040 894 1131 915 tamen
1146 896 1179 913 co
1193 886 1306 912 nomine
1319 884 1461 920 appellatus
1476 895 1532 912 non
1547 885 1583 912 est
1597 897 1602 912 2
1623 895 1709 923 neque
1725 887 1981 921 ullaeficpplt‘cationer

391 929 504 955 decretae
516 925 575 954 sunt
588 948 594 958 ‚
616 936 702 963 neque
713 936 757 954 aut
769 936 858 956 orans.
883 934 927 953 aut
942 935 1020 953 curru
1034 924 1210 960 triumphavit
1224 934 1229 949 ·.
1250 924 1310 960 quia
1323 930 1353 950 ut
1367 923 1513 950 necessariae
1526 923 1592 956 istae‚
1613 925 1650 952 ita
1666 924 1788 960 lugubres
1801 925 1905 962 semper
1921 928 1977 954 exi-

391 966 502 993 stimatae
517 965 634 992 victoriae
644 965 716 995 fimt,
737 972 832 1000 utpote
847 973 903 990 non
918 972 1028 990 externo
1038 962 1081 989 scd
1097 962 1246 1001 domestico
1260 969 1340 997 parta:
1353 970 1456 988 cruore.
1478 962 1513 988 Et
1526 961 1559 989 de
1573 963 1666 997 Caefzre
1680 971 1803 994 narrant,
1823 965 1896 1000 quod
1907 964 1976 992 Mas-
2019 972 2022 976 '

390 1004 473 1031 filiam
488 1002 581 1030 urbem
599 1004 625 1030 in
643 1002 782 1038 triumpho
795 1002 941 1031 ostentam,
965 1003 989 1028 ἃ
1006 1001 1038 1027 dc
1057 1000 1114 1027 filiis
1132 1001 1240 1033 Pomptjt
1254 998 1421 1034 triumphans
1437 1019 1443 1030 ,
1465 1000 1588 1034 maximo
1602 1001 1666 1027 odio
1682 1000 1773 1037 populi
1791 1002 1910 1029 Romani
1924 1002 1977 1030 sese
2016 1003 2018 1005 ’

391 1041 516 1069 onerarit.
536 1041 590 1068 Ubi
604 1040 617 1067 ἐ
631 1041 768 1068 contrario
782 1040 815 1066 dc
829 1039 899 1065 Sulla
913 1039 1054 1074 praedicant
1063 1058 1070 1068 ‚
1091 1037 1162 1074 quod
1178 1046 1240 1064 cum
1252 1036 1362 1064 stabilita
1375 1035 1419 1063 sua
1426 1038 1548 1072 potentia
1562 1037 1659 1066 multas
1671 1038 1747 1065 urbes
1759 1039 1901 1067 Graecix&
1910 1040 1975 1068 Afiae

392 1081 419 1107 in
434 1078 573 1114 triumpho
586 1079 706 1108 duceret,
727 1078 828 1105 cjvium
843 1084 934 1104 tamen
953 1078 1140 1103 Romanorum
1155 1084 1188 1102 ne
1202 1084 1285 1103 unum
1301 1074 1410 1110 quidem
1427 1074 1587 1110 oppidulum
1600 1076 1709 1103 vexerit.
1732 1078 1818 1105 Sed&
1829 1076 1882 1104 hoc
1893 1079 1979 1105 moris

394 1118 460 1148 fuit,
481 1124 510 1145 ut
525 1126 579 1153 quo
593 1117 635 1144 die
650 1118 706 1153 quis
719 1114 915 1152 triumphabat,
936 1114 1044 1141 haberet
1056 1134 1063 1145 ‚
1086 1115 1112 1142 ἃ
1128 1113 1276 1149 deponeret
1290 1113 1449 1148 imperium.
1486 1114 1576 1150 Atque
1589 1113 1641 1141 huc
1655 1113 1756 1151 spe&at
1768 1115 1840 1152 quod
1855 1114 1868 1142 ὲ
1881 1115 1977 1143 Valerio

391 1156 454 1184 loco
469 1162 530 1182 ante
543 1155 623 1182 citato
637 1154 676 1182 his
696 1154 783 1181 verbis
798 1152 911 1180 refertur
925 1163 930 1179 ε
961 1153 1044 1180 Moris
1057 1158 1113 1179 erat
1132 1151 1164 1179 ab
1177 1154 1327 1186 Imperatore
1341 1150 1510 1187 triumphum
1526 1152 1641 1180 ducturo
1652 1173 1660 1184 ,
1689 1153 1805 1187 Conficles
1824 1154 1931 1182 invitari
1943 1155 1976 1182 ad

392 1203 498 1222 coenam
508 1214 515 1223 ‚
536 1193 632 1220 deinde
644 1193 747 1229 rogati,
767 1199 797 1218 ut
812 1193 901 1218 venire
914 1190 1110 1227 supersedeant,
1131 1199 1165 1217 ne
1181 1191 1239 1226 quis
1253 1199 1286 1217 eo
1299 1189 1366 1229 die,⁴
1378 1197 1432 1225 quo
1445 1189 1489 1217 ille
1503 1189 1695 1227 triumpharit&
1712 1191 1823 1227 majoris
1836 1192 1863 1218 in
1878 1194 1977 1220 eodem

392 1232 518 1260 convivio
533 1231 563 1259 fit
578 1232 691 1267 imperii.
714 1232 752 1258 Ex
766 1230 804 1256 his
818 1229 919 1266 legibus
933 1230 1045 1266 judicati
1061 1229 1160 1265 potest,
1182 1229 1228 1265 qui
1244 1227 1367 1262 triumph!
1381 1227 1506 1264 regulares
1520 1236 1566 1256 aut
1578 1227 1727 1265 irregulares
1741 1228 1849 1257 fuerint.

433 1272 473 1298 Ad
488 1269 570 1305 ipsam
581 1278 697 1304 pompam
708 1268 828 1302 triumphi
846 1267 918 1304 quod
933 1269 1028 1295 attinet
1040 1269 1068 1295 in
1081 1276 1180 1305 genere
1190 1287 1196 1298 ,
1217 1266 1272 1294 haec
1286 1266 1336 1294 fuit
1352 1266 1406 1293 fere
1420 1265 1574 1302 hujusmodi
1589 1277 1594 1293 ·.
1614 1269 1764 1301 Imperator,
1785 1275 1814 1296 ut
1827 1267 1915 1296 scribit
1928 1272 1978 1295 Zo-

393 1319 469 1335 naras
484 1308 551 1335 libro
568 1317 592 1335 z.
613 1306 766 1343 triumphali
787 1306 876 1334 habitu
893 1314 1001 1334 ornatus
1015 1327 1022 1336 ‚
1042 1306 1153 1333 armillis
1171 1305 1286 1342 sumptis
1299 1325 1306 1336 ,
1325 1304 1412 1331 laurea
1432 1304 1568 1332 redimitus
1581 1326 1590 1336 ‚
1611 1307 1638 1334 δε
1655 1314 1764 1332 ramum
1777 1306 1870 1333 dextra
1885 1314 1978 1334 tenens

392 1346 523 1384 populum
539 1346 704 1374 convocabat
716 1366 722 1376 ,
745 1348 771 1374 δ’,
785 1343 908 1371 mtltttlms
927 1343 977 1372 suis
992 1344 1048 1372 aliis
1067 1343 1259 1372 communibus
1272 1364 1280 1375 ,
1307 1342 1362 1370 aliis
1376 1344 1490 1380 propriis
1509 1343 1627 1371 laudibus
1646 1345 1763 1372 oneratis
1774 1364 1783 1378 ,
1803 1343 1935 1378 pecuniam
1950 1347 1976 1373 sc

389 1393 539 1412 ornamenta
553 1384 704 1416 dividebat,
724 1393 786 1411 cum
802 1382 918 1410 armillas
931 1383 984 1410 aliis
997 1404 1003 1414 ‚
1025 1382 1079 1410 aliis
1093 1381 1174 1410 hastas
1188 1391 1265 1418 puras
1279 1403 1286 1413 ,
1306 1381 1361 1409 aliis
1379 1391 1490 1409 coronas
1503 1391 1609 1414 aureas,
1629 1381 1686 1409 aliis
1698 1390 1849 1419 argenteas,
1872 1382 1976 1419 expres-

392 1424 450 1451 sum
467 1424 514 1450 viri
527 1432 629 1451 nomen
640 1444 646 1455 ‚
667 1432 697 1450 ac
707 1421 807 1450 facinus
819 1421 946 1451 ferentes,
967 1420 1116 1458 largiretur.
1141 1422 1215 1448 Nam
1227 1420 1245 1447 si
1260 1421 1318 1457 quis
1328 1429 1437 1447 murum
1452 1420 1557 1455 primus
1569 1420 1734 1452 ascenderat,
1753 1431 1835 1448 murt:
1855 1421 1872 1448 fi
1888 1421 1978 1449 castel-

391 1461 450 1489 lum
462 1461 569 1498 aliquod
582 1467 760 1498 expugnarat,
780 1458 870 1496 castelli·
883 1459 998 1495 speciem
1015 1469 1115 1487 corona
1126 1458 1247 1495 gerebat:
1267 1459 1286 1485 fi
1300 1458 1386 1486 navali
1400 1458 1491 1493 praelio
1508 1459 1624 1499 vicerat¹
1642 1457 1724 1494 rostris
1734 1469 1821 1485 corona
1833 1460 1978 1486 exornaba-

395 1507 454 1528 tur:
475 1499 494 1526 fi
505 1499 634 1535 equestri,
653 1509 667 1525 e
685 1496 763 1535 uestre
776 1497 874 1535 aliquid
889 1506 942 1533 prae
955 1496 982 1523 se
998 1497 1106 1524 ferebat.
1127 1497 1183 1533 Qi
1197 1504 1286 1524 autem
1303 1497 1392 1523 civem
1408 1498 1434 1523 in
1447 1497 1503 1523 acie
1516 1517 1523 1528 ,
1545 1506 1590 1524 aut
1603 1497 1631 1523 in
1643 1497 1780 1524 obsidione
1797 1517 1804 1527 ,
1824 1505 1868 1523 aut
1882 1498 1908 1524 in
1924 1498 1978 1525 alio

391 1537 511 1573 periculo
524 1509 709 1568 consti-vatiqee
732 1545 795 1563 cum
808 1536 944 1563 summam
959 1534 1064 1563 laudem
1079 1534 1274 1570 assequebatur,
1284 1541 1342 1562 tum
1358 1543 1482 1572 quet-nam
1495 1543 1610 1561 coronam
1621 1534 1783 1571 accipiebat,
1800 1535 1875 1570 cujus
1887 1535 1974 1563 honos

393 1576 525 1612 argenteis
538 1577 564 1603 &
578 1575 661 1602 aurcis
673 1573 800 1602 omnibus
814 1573 966 1602 excellebat.
1650 1586 1669 1596 v,

436 1614 533 1650 Neque
547 1622 612 1640 vero
625 1613 679 1640 haec
693 1613 763 1640 dona
775 1611 880 1649 singulis
893 1619 996 1640 tanturn
1012 1611 1118 1640 virtutis
1136 1609 1210 1638 causa
1224 1609 1364 1638 dabantur:
1385 1609 1429 1637 sed
1444 1612 1470 1637 δ(
1484 1610 1639 1638 cohortibus
1657 1611 1683 1639 ἃ
1698 1609 1857 1638 exercitibus
1871 1612 1977 1640 univer-

393 1651 436 1680 fis:
448 1650 588 1686 spoliorum
601 1660 691 1679 autem
706 1659 804 1687 magna
815 1659 877 1685 pars
889 1649 958 1676 miltt
970 1648 1014 1675 bus
1026 1644 1240 1677 distribuebatur.
1282 1648 1355 1684 Qin
1367 1648 1451 1676 etiam
1467 1649 1574 1684 quidam
1589 1648 1741 1676 universum
1751 1650 1882 1686 populum
1895 1651 1980 1680 donar-

392 1697 456 1718 runt
465 1710 471 1720 ,
496 1691 522 1717 ἃ.
535 1689 654 1725 sumptus
668 1690 696 1717 in
708 1688 835 1717 ludorum
849 1686 1018 1724 publicorum
1032 1695 1168 1725 apparatus
1182 1686 1316 1717 fecerunt,
1330 1688 1357 1714 δε
1368 1686 1386 1713 si
1400 1686 1462 1722 quid
1475 1686 1571 1723 reliqui
1586 1695 1654 1719 erat,
1673 1689 1701 1715 in
1709 1689 1840 1723 porticus,
1862 1689 1973 1725 templa,

393 1736 438 1756 aut
451 1727 501 1755 alia
516 1727 648 1763 ejusmodi
665 1736 746 1763 opera
761 1725 866 1763 publica
879 1725 1109 1763 consumpserunt.
1148 1725 1198 1753 His
1210 1724 1288 1752 rebus
1301 1723 1427 1761 perfeetis
1437 1745 1444 1756 ,
1470 1732 1550 1762 atque
1564 1725 1690 1754 sacrificio
1705 1725 1777 1754 faeto
1791 1747 1799 1758 ,
1819 1725 1976 1761 nimpham

393 1776 497 1794 rutrum
508 1764 690 1800 confiendebat,
711 1766 748 1793 ita
761 1773 881 1801 precatus
892 1775 899 1792 :
1628 1780 1634 1787 .

433 1806 510 1833 DII,
536 1804 647 1832 NUTU
666 1804 715 1831 ET
734 1804 895 1831 IMPERIO
910 1823 918 1836 ,
945 1803 1115 1839 QUORUM
1136 1802 1243 1831 NATA
1262 1801 1311 1828 ET
1332 1801 1463 1828 AUCTA
1484 1801 1551 1838 EST
1573 1802 1641 1828 RES
1662 1803 1851 1834 ROMANA,
1881 1803 1975 1831 EAN-

392 1843 477 1871 DEM
497 1843 675 1872 PLACATL
695 1842 996 1877 PROP1T1AT1QE
1016 1841 1200 1869 SERVATE.

436 1884 508 1908 Tum
525 1891 572 1918 per
586 1888 687 1915 portam
700 1879 877 1914 triumphalem
893 1879 1045 1907 vehebatur.
1082 1876 1269 1906 Praecedebant
1288 1874 1419 1904 tubicines
1433 1897 1440 1908 ‚
1461 1879 1585 1905 canentes
1607 1878 1704 1906 modos
1723 1876 1886 1914 triumphales
1899 1890 1908 1906 .-
1930 1887 1974 1910 aut

395 1920 499 1951 etiami
513 1920 584 1955 quod
600 1921 626 1946 in
641 1918 736 1945 AEmt'lii
749 1918 889 1954 triumpho
903 1917 1003 1946 &Cium
1019 1918 1067 1948 est,
1089 1917 1232 1944 clafficum.
1253 1916 1313 1942 Post
1329 1914 1378 1942 hos
1391 1914 1555 1943 ducebantur
1565 1914 1634 1942 boves
1647 1915 1777 1943 ntzc‘tandt
1791 1918 1818 1945 in
1829 1917 1975 1951 laetificus,

397 1958 469 1985 vittis
484 1979 490 1988 ,
511 1957 636 1994 sertisque
652 1957 771 1985 redimiti
785 1978 791 1988 ,
813 1958 838 1984 ἃ
852 1956 993 1993 aliquando
1006 1955 1102 1984 auratis
1115 1954 1248 1983 cornibus.
1274 1953 1327 1981 lllis
1341 1952 1498 1982 succedebat
1513 1952 1627 1989 specioza
1641 1952 1924 1991 ostettttittospoliorum.
1946 1959 1973 1986 ὃ(

396 1995 582 2023 manubiarum
591 2017 598 2027 ,
619 2005 675 2032 quae
686 1994 807 2032 lingulati
816 2003 872 2023 arte
884 1994 1046 2030 composita,
1066 1994 1164 2030 partim
1178 1992 1297 2030 plaustris
1310 1990 1593 2034 vehebangunpartim
1601 1991 1770 2029 gestabantur
1780 1992 1812 2021 ab
1825 1993 1976 2022 adolescen.

396 2032 466 2060 tibus
480 2035 586 2062 ornatis.
606 2032 768 2061 Ferebantur
781 2036 808 2062 ἃ
818 2032 892 2060 titult
905 2032 1168 2069 viHarumgen-tium,
1190 2041 1252 2058 cum
1262 2029 1423 2067 imaginibus
1436 2030 1600 2059 devictarum
1612 2029 1734 2059 urbium:
1754 2041 1784 2060 ac
1795 2031 1902 2061 fuerunt
1916 2032 1974 2069 spo.

399 2070 440 2098 liis
454 2072 587 2099 interdum
602 2072 686 2099 mixta
699 2072 837 2102 animalia,
859 2079 936 2100 antea
949 2081 1005 2098 non
1014 2069 1076 2101 visa,
1098 2079 1143 2098 aut
1155 2068 1290 2097 mirabiles
1303 2073 1397 2105 plant-x
1411 2078 1444 2097 ex
1455 2068 1520 2096 Iocis
1532 2070 1614 2105 captis
1628 2069 1773 2106 asportatae.
1793 2070 1974 2101 Succedebant

401 2109 479 2140 inde,
500 2111 545 2145 qui
560 2119 591 2137 ex
604 2109 719 2137 hostibus
735 2111 805 2146 capti
819 2119 894 2137 erant
906 2130 913 2140 ‚
934 2110 1007 2136 duces
1020 2106 1103 2135 rin-effi
1115 2110 1228 2139 catenis,
1250 2110 1277 2137 δε
1290 2107 1347 2145 post
1361 2106 1421 2135 illos
1433 2114 1495 2134 ante
1508 2116 1617 2135 currum
1631 2107 1787 2142 Imperatoris
1800 2108 1974 2145 portabantur

398 2156 484 2173 corone
498 2157 588 2175 auree,
609 2147 626 2174 fi
639 2157 694 2184 quae
711 2149 756 2185 ipsi
773 2147 805 2175 ab
821 2146 930 2183 urbibus
942 2150 968 2175 ὃς
983 2147 1130 2183 provinciis
1143 2147 1249 2175 fuerant
1261 2145 1361 2175 summi
1375 2144 1483 2173 honoris
1497 2145 1570 2173 causa
1582 2167 1590 2178 ‚
1614 2147 1686 2183 quod
1704 2146 1770 2182 Repe
1787 2147 1885 2176 accidit
1896 2167 1905 2178 ,
1926 2157 1974 2184 per

399 2185 543 2221 legationes
559 2183 686 2213 exhibite.
725 2189 762 2213 Ac
779 2195 836 2214 tum
852 2186 963 2213 demum
977 2188 1029 2222 ipie
1045 2187 1180 2219 Imperator
1194 2193 1272 2213 curru
1284 2183 1404 2213 sublimi,
1424 2184 1567 2221 magnifice
1581 2192 1724 2217 exornate,
1746 2183 1904 2217 vehebatur,
1925 2185 1974 2214 ful-

398 2232 464 2259 gens
478 2221 542 2257 veste
556 2222 700 2255 triumph-ili
714 2244 719 2254 ,
742 2227 767 2252 ἃ
780 2225 918 2252 redimitus
933 2234 1018 2251 coro-aa
1030 2222 1117 2250 laurea
1132 2245 1138 2255 ‚
1160 2232 1321 2259 ramumque
1334 2221 1401 2249 lauri
1415 2231 1496 2249 manu
1510 2223 1620 2259 gestans.
1661 2221 1734 2259 Vestts
1746 2224 1907 2257 triumphalis
1920 2232 1975 2252 erat

400 2270 528 2297 purpura,
549 2270 613 2287 auxo
625 2261 728 2287 intexto
740 2263 824 2298 picta,
844 2263 877 2289 de
893 2272 944 2299 qua
958 2262 1055 2289 l’ltm'us
1069 2261 1112 2289 lib.
1122 2274 1147 2298 9.
1163 2271 1218 2298 cap.
1236 2263 1279 2299 362
1297 2264 1323 2288 ὃς
1335 2259 1414 2288 lib.8.
1431 2263 1540 2296 cap-48.
1561 2261 1620 2288 Tali
1633 2269 1725 2288 autem
1740 2261 1810 2288 veste
1824 2271 1896 2289 extra
1904 2260 1972 2289 hanc

398 2308 528 2335 pompam
543 2299 580 2326 uti
597 2299 699 2324 nemini
710 2299 749 2325 sas
765 2300 851 2332 fuifl'e,
873 2301 954 2329 docet
967 2300 1072 2328 historia
1082 2299 1189 2332 Marcii,
1209 2301 1236 2327 in
1248 2308 1299 2336 qua
1313 2298 1381 2335 apud
1398 2297 1564 2325 Plutarchum
1577 2299 1612 2326 fic
1623 2300 1731 2336 legitur:
1754 2300 1864 2326 Perasto
1876 2299 1971 2327 trium-

398 2337 468 2372 pho,
488 2337 592 2364 induxit
605 2335 724 2363 senatum
742 2337 842 2364 Matius
861 2340 888 2366 in
907 2339 1071 2374 Capitolium
1087 2359 1094 2370 ,
1114 2346 1193 2375 atque
1209 2339 1343 2365 incertum
1358 2357 1366 2368 ‚
1387 2345 1454 2363 num
1466 2337 1581 2373 prudens
1600 2339 1626 2367 id
1642 2358 1648 2369 ‚
1668 2346 1702 2365 an
1716 2336 1822 2365 fortuna
1835 2337 1876 2364 sua
1891 2336 1973 2364 elatus

395 2375 489 2403 tecet-it
503 2395 510 2407 ‚
531 2373 685 2403 insolentius
700 2374 814 2411 egressus
830 2378 931 2403 curiam
953 2377 989 2404 est
1004 2375 1068 2414 reste
1087 2376 1242 2411 triumphali.
1279 2379 1383 2404 Verum
1401 2375 1456 2403 cito
1475 2374 1607 2404 offensum
1623 2376 1837 2403 animadvertens
1850 2373 1973 2440 senatsum

1929 2422 1970 2441 ur-
