<?xml version="1.0" encoding="UTF-8"?>
<!DOCTYPE html PUBLIC "-//W3C//DTD XHTML 1.0 Transitional//EN"
    "http://www.w3.org/TR/xhtml1/DTD/xhtml1-transitional.dtd">
<html xmlns="http://www.w3.org/1999/xhtml" xml:lang="en" lang="en">
 <head>
  <title>
</title>
<meta http-equiv="Content-Type" content="text/html;charset=utf-8" />
  <meta name='ocr-system' content='tesseract 3.04.00' />
  <meta name='ocr-capabilities' content='ocr_page ocr_carea ocr_par ocr_line ocrx_word'/>
</head>
<body>
  <div class='ocr_page' id='page_1' title='image "./johannisrosinian00rosi/johannisrosinian00rosi_0528.png"; bbox 0 0 2075 2734; ppageno 0'>
   <div class='ocr_carea' id='block_1_1' title="bbox 404 132 1717 173">
    <p class='ocr_par' dir='ltr' id='par_1_1' title="bbox 404 132 1717 173">
     <span class='ocr_line' id='line_1_1' title="bbox 404 132 1717 173; baseline 0.003 -13"><span class='ocrx_word' id='word_1_1' title='bbox 404 144 459 173; x_wconf 70' lang='lat'>494</span> <span class='ocrx_word' id='word_1_2' title='bbox 697 132 1717 168; x_wconf 51' lang='lat' dir='ltr'>Auriqur-rrrumssonaninumLmvn.</span> 
     </span>
    </p>
   </div>
   <div class='ocr_carea' id='block_1_2' title="bbox 401 180 1180 1098">
    <p class='ocr_par' dir='ltr' id='par_1_2' title="bbox 401 180 1180 1098">
     <span class='ocr_line' id='line_1_2' title="bbox 404 180 1176 214; baseline -0.008 -4"><span class='ocrx_word' id='word_1_3' title='bbox 404 186 462 211; x_wconf 71' lang='lat' dir='ltr'>nist.</span> <span class='ocrx_word' id='word_1_4' title='bbox 472 184 557 208; x_wconf 75' lang='lat' dir='ltr'>Lucius</span> <span class='ocrx_word' id='word_1_5' title='bbox 563 182 689 207; x_wconf 81' lang='lat' dir='ltr'>Cornelius</span> <span class='ocrx_word' id='word_1_6' title='bbox 696 182 723 207; x_wconf 85' lang='lat' dir='ltr'>ab</span> <span class='ocrx_word' id='word_1_7' title='bbox 731 181 810 214; x_wconf 76' lang='lat' dir='ltr'>Appio</span> <span class='ocrx_word' id='word_1_8' title='bbox 817 181 916 213; x_wconf 75' lang='lat' dir='ltr'>postulat</span> <span class='ocrx_word' id='word_1_9' title='bbox 924 180 1054 212; x_wconf 56' lang='grc' dir='ltr'>διαρθμιῖν</span> <span class='ocrx_word' id='word_1_10' title='bbox 1067 181 1109 207; x_wconf 71' lang='grc' dir='ltr'>τοὶς</span> <span class='ocrx_word' id='word_1_11' title='bbox 1121 180 1176 213; x_wconf 55' lang='grc' dir='ltr'>γνώ-</span> 
     </span>
     <span class='ocr_line' id='line_1_3' title="bbox 404 213 1177 246; baseline -0.001 -8"><span class='ocrx_word' id='word_1_12' title='bbox 404 226 451 246; x_wconf 58' lang='grc' dir='ltr'>μας</span> <span class='ocrx_word' id='word_1_13' title='bbox 460 233 466 243; x_wconf 92' lang='grc'>,</span> <span class='ocrx_word' id='word_1_14' title='bbox 475 217 584 238; x_wconf 74' lang='lat' dir='ltr'>numerari</span> <span class='ocrx_word' id='word_1_15' title='bbox 591 216 717 244; x_wconf 68' lang='lat' dir='ltr'>sententiaa.</span> <span class='ocrx_word' id='word_1_16' title='bbox 735 216 769 238; x_wconf 83' lang='lat' dir='ltr'>M.</span> <span class='ocrx_word' id='word_1_17' title='bbox 776 213 830 237; x_wconf 80' lang='lat' dir='ltr'>Fab.</span> <span class='ocrx_word' id='word_1_18' title='bbox 839 214 980 244; x_wconf 81' lang='lat' dir='ltr'>Qintilian.</span> <span class='ocrx_word' id='word_1_19' title='bbox 988 214 1113 238; x_wconf 82' lang='lat' dir='ltr'>Declamat.</span> <span class='ocrx_word' id='word_1_20' title='bbox 1123 217 1177 240; x_wconf 83' lang='lat'>365.</span> 
     </span>
     <span class='ocr_line' id='line_1_4' title="bbox 405 245 1178 279; baseline -0.005 -9"><span class='ocrx_word' id='word_1_21' title='bbox 405 250 445 272; x_wconf 56' lang='grc' dir='ltr'>Ἧι*</span> <span class='ocrx_word' id='word_1_22' title='bbox 452 256 476 270; x_wconf 78' lang='lat' dir='ltr'>m</span> <span class='ocrx_word' id='word_1_23' title='bbox 482 248 669 279; x_wconf 73' lang='lat' dir='ltr'>septemjua&#39;icem</span> <span class='ocrx_word' id='word_1_24' title='bbox 677 263 683 273; x_wconf 91' lang='lat'><em>‚</em></span> <span class='ocrx_word' id='word_1_25' title='bbox 701 246 759 278; x_wconf 73' lang='lat' dir='ltr'>quod</span> <span class='ocrx_word' id='word_1_26' title='bbox 765 245 1102 278; x_wconf 65' lang='lat' dir='ltr'>ma]orparssudicumstmuerit</span> <span class='ocrx_word' id='word_1_27' title='bbox 1109 261 1116 272; x_wconf 78' lang='lat'>,</span> <span class='ocrx_word' id='word_1_28' title='bbox 1129 253 1178 268; x_wconf 80' lang='lat' dir='ltr'>reus</span> 
     </span>
     <span class='ocr_line' id='line_1_5' title="bbox 402 278 1178 310; baseline -0.004 -8"><span class='ocrx_word' id='word_1_29' title='bbox 402 286 502 310; x_wconf 75' lang='lat' dir='ltr'>patratur</span> <span class='ocrx_word' id='word_1_30' title='bbox 510 295 516 305; x_wconf 89' lang='lat'>‚</span> <span class='ocrx_word' id='word_1_31' title='bbox 523 280 563 301; x_wconf 79' lang='lat' dir='ltr'>duo</span> <span class='ocrx_word' id='word_1_32' title='bbox 570 278 834 308; x_wconf 70' lang='lat' dir='ltr'>ignominiamftaruerunt</span> <span class='ocrx_word' id='word_1_33' title='bbox 843 293 850 303; x_wconf 87' lang='lat'>,</span> <span class='ocrx_word' id='word_1_34' title='bbox 861 279 902 299; x_wconf 82' lang='lat' dir='ltr'>duo</span> <span class='ocrx_word' id='word_1_35' title='bbox 910 279 1002 300; x_wconf 74' lang='lat' dir='ltr'>exilium</span> <span class='ocrx_word' id='word_1_36' title='bbox 1010 293 1017 304; x_wconf 85' lang='lat'><strong>,</strong></span> <span class='ocrx_word' id='word_1_37' title='bbox 1028 283 1069 299; x_wconf 81' lang='lat' dir='ltr'>tm</span> <span class='ocrx_word' id='word_1_38' title='bbox 1077 283 1178 303; x_wconf 71' lang='lat' dir='ltr'>martem,</span> 
     </span>
     <span class='ocr_line' id='line_1_6' title="bbox 402 306 1178 342; baseline -0.003 -9"><span class='ocrx_word' id='word_1_39' title='bbox 402 311 629 342; x_wconf 69' lang='lat' dir='ltr'>perituradmorrem.</span> <span class='ocrx_word' id='word_1_40' title='bbox 646 311 697 332; x_wconf 71' lang='lat' dir='ltr'>Haec</span> <span class='ocrx_word' id='word_1_41' title='bbox 705 309 805 339; x_wconf 86' lang='lat' dir='ltr'>quidem</span> <span class='ocrx_word' id='word_1_42' title='bbox 821 309 945 339; x_wconf 78' lang='lat' dir='ltr'>epigraphe</span> <span class='ocrx_word' id='word_1_43' title='bbox 957 308 1130 332; x_wconf 72' lang='lat' dir='ltr'>controversiae:</span> <span class='ocrx_word' id='word_1_44' title='bbox 1145 306 1178 331; x_wconf 90' lang='lat' dir='ltr'>se-</span> 
     </span>
     <span class='ocr_line' id='line_1_7' title="bbox 407 341 1177 373; baseline -0.005 -8"><span class='ocrx_word' id='word_1_45' title='bbox 407 342 487 373; x_wconf 85' lang='lat' dir='ltr'>quitur</span> <span class='ocrx_word' id='word_1_46' title='bbox 495 341 593 364; x_wconf 79' lang='lat' dir='ltr'>deinde:</span> <span class='ocrx_word' id='word_1_47' title='bbox 603 343 645 371; x_wconf 68' lang='grc' dir='ltr'><strong><em>Ε’ζο</em></strong></span> <span class='ocrx_word' id='word_1_48' title='bbox 651 341 748 370; x_wconf 67' lang='lat' dir='ltr'>existimo</span> <span class='ocrx_word' id='word_1_49' title='bbox 756 341 950 372; x_wconf 46' lang='lat' dir='ltr'>major-emptorem</span> <span class='ocrx_word' id='word_1_50' title='bbox 958 343 996 372; x_wconf 73' lang='lat' dir='ltr'>esse</span> <span class='ocrx_word' id='word_1_51' title='bbox 1005 358 1010 367; x_wconf 84' lang='lat'><strong>‚</strong></span> <span class='ocrx_word' id='word_1_52' title='bbox 1028 343 1049 363; x_wconf 83' lang='lat' dir='ltr'>in</span> <span class='ocrx_word' id='word_1_53' title='bbox 1055 341 1177 372; x_wconf 76' lang='lat' dir='ltr'>quaplures</span> 
     </span>
     <span class='ocr_line' id='line_1_8' title="bbox 406 371 1176 403; baseline -0.005 -6"><span class='ocrx_word' id='word_1_54' title='bbox 406 376 461 397; x_wconf 80' lang='lat' dir='ltr'>idem</span> <span class='ocrx_word' id='word_1_55' title='bbox 470 375 569 403; x_wconf 72' lang='lat' dir='ltr'>sentiunt</span> <span class='ocrx_word' id='word_1_56' title='bbox 576 389 583 399; x_wconf 86' lang='lat'>‚</span> <span class='ocrx_word' id='word_1_57' title='bbox 600 373 687 395; x_wconf 74' lang='lat' dir='ltr'>eandem</span> <span class='ocrx_word' id='word_1_58' title='bbox 693 379 775 402; x_wconf 68' lang='lat' dir='ltr'>petuam</span> <span class='ocrx_word' id='word_1_59' title='bbox 784 373 926 401; x_wconf 77' lang='lat' dir='ltr'>pronuntiant</span> <span class='ocrx_word' id='word_1_60' title='bbox 934 389 940 399; x_wconf 82' lang='grc'>,</span> <span class='ocrx_word' id='word_1_61' title='bbox 958 381 979 394; x_wconf 84' lang='grc' dir='ltr'>ιη</span> <span class='ocrx_word' id='word_1_62' title='bbox 987 374 1060 395; x_wconf 79' lang='lat' dir='ltr'>eadem</span> <span class='ocrx_word' id='word_1_63' title='bbox 1068 371 1176 401; x_wconf 81' lang='lat' dir='ltr'>verbaju-</span> 
     </span>
     <span class='ocr_line' id='line_1_9' title="bbox 405 402 1176 435; baseline -0.001 -8"><span class='ocrx_word' id='word_1_64' title='bbox 405 412 462 428; x_wconf 78' lang='lat' dir='ltr'>rant.</span> <span class='ocrx_word' id='word_1_65' title='bbox 482 407 518 428; x_wconf 85' lang='lat' dir='ltr'>Ne</span> <span class='ocrx_word' id='word_1_66' title='bbox 526 412 570 435; x_wconf 91' lang='lat' dir='ltr'>qua</span> <span class='ocrx_word' id='word_1_67' title='bbox 577 410 654 427; x_wconf 89' lang='lat' dir='ltr'>autem</span> <span class='ocrx_word' id='word_1_68' title='bbox 663 403 801 435; x_wconf 78' lang='lat' dir='ltr'>ambiguitas</span> <span class='ocrx_word' id='word_1_69' title='bbox 808 402 937 427; x_wconf 80' lang='lat' dir='ltr'>suboriatur</span> <span class='ocrx_word' id='word_1_70' title='bbox 945 420 952 430; x_wconf 87' lang='lat'>,</span> <span class='ocrx_word' id='word_1_71' title='bbox 959 403 1049 428; x_wconf 78' lang='lat' dir='ltr'>disertis</span> <span class='ocrx_word' id='word_1_72' title='bbox 1057 402 1131 426; x_wconf 83' lang='lat' dir='ltr'>verbis</span> <span class='ocrx_word' id='word_1_73' title='bbox 1139 410 1176 426; x_wconf 88' lang='lat' dir='ltr'>ex-</span> 
     </span>
     <span class='ocr_line' id='line_1_10' title="bbox 404 435 1178 467; baseline -0.003 -8"><span class='ocrx_word' id='word_1_74' title='bbox 404 437 474 467; x_wconf 82' lang='lat' dir='ltr'>plicat</span> <span class='ocrx_word' id='word_1_75' title='bbox 483 437 594 467; x_wconf 85' lang='lat' dir='ltr'>,quinam</span> <span class='ocrx_word' id='word_1_76' title='bbox 601 435 627 459; x_wconf 78' lang='lat' dir='ltr'>sit</span> <span class='ocrx_word' id='word_1_77' title='bbox 634 437 675 459; x_wconf 89' lang='lat' dir='ltr'>ille</span> <span class='ocrx_word' id='word_1_78' title='bbox 683 436 757 465; x_wconf 77' lang='lat' dir='ltr'>major</span> <span class='ocrx_word' id='word_1_79' title='bbox 765 442 883 459; x_wconf 81' lang='lat' dir='ltr'>numerus.</span> <span class='ocrx_word' id='word_1_80' title='bbox 902 438 988 458; x_wconf 79' lang='lat' dir='ltr'>Partem</span> <span class='ocrx_word' id='word_1_81' title='bbox 997 437 1137 465; x_wconf 61' lang='lat' dir='ltr'>inrelligzmus</span> <span class='ocrx_word' id='word_1_82' title='bbox 1148 436 1178 458; x_wconf 81' lang='lat' dir='ltr'>ei-</span> 
     </span>
     <span class='ocr_line' id='line_1_11' title="bbox 405 467 1175 500; baseline -0.001 -11"><span class='ocrx_word' id='word_1_83' title='bbox 405 469 453 490; x_wconf 82' lang='lat' dir='ltr'>dem</span> <span class='ocrx_word' id='word_1_84' title='bbox 461 475 548 490; x_wconf 76' lang='lat' dir='ltr'>numero</span> <span class='ocrx_word' id='word_1_85' title='bbox 556 469 688 500; x_wconf 73' lang='lat' dir='ltr'>appltmtam</span> <span class='ocrx_word' id='word_1_86' title='bbox 697 484 703 493; x_wconf 89' lang='lat'>,</span> <span class='ocrx_word' id='word_1_87' title='bbox 721 468 901 498; x_wconf 72' lang='lat' dir='ltr'><em>quemadmodum</em></span> <span class='ocrx_word' id='word_1_88' title='bbox 915 468 1019 494; x_wconf 69' lang='lat' dir='ltr'>sementia</span> <span class='ocrx_word' id='word_1_89' title='bbox 1032 467 1175 499; x_wconf 62' lang='lat' dir='ltr'>conjunffam.</span> 
     </span>
     <span class='ocr_line' id='line_1_12' title="bbox 404 498 1179 530; baseline -0.003 -8"><span class='ocrx_word' id='word_1_90' title='bbox 404 499 448 522; x_wconf 87' lang='lat' dir='ltr'>Sed</span> <span class='ocrx_word' id='word_1_91' title='bbox 456 499 509 530; x_wconf 86' lang='lat' dir='ltr'>quis</span> <span class='ocrx_word' id='word_1_92' title='bbox 517 501 542 522; x_wconf 87' lang='lat'>1...</span> <span class='ocrx_word' id='word_1_93' title='bbox 550 501 638 522; x_wconf 68' lang='lat' dir='ltr'>Senecae</span> <span class='ocrx_word' id='word_1_94' title='bbox 646 506 710 522; x_wconf 77' lang='lat' dir='ltr'>aulea</span> <span class='ocrx_word' id='word_1_95' title='bbox 717 498 783 522; x_wconf 74' lang='lat' dir='ltr'>verba</span> <span class='ocrx_word' id='word_1_96' title='bbox 791 498 961 530; x_wconf 63' lang='lat' dir='ltr'>praetermiserit</span> <span class='ocrx_word' id='word_1_97' title='bbox 969 516 975 525; x_wconf 92' lang='lat'>‚</span> <span class='ocrx_word' id='word_1_98' title='bbox 990 499 1034 522; x_wconf 87' lang='lat' dir='ltr'>huc</span> <span class='ocrx_word' id='word_1_99' title='bbox 1042 498 1179 530; x_wconf 64' lang='lat' dir='ltr'>speetanria?</span> 
     </span>
     <span class='ocr_line' id='line_1_13' title="bbox 404 530 1179 562; baseline -0.005 -8"><span class='ocrx_word' id='word_1_100' title='bbox 404 530 448 554; x_wconf 81' lang='lat' dir='ltr'>lib.</span> <span class='ocrx_word' id='word_1_101' title='bbox 456 531 486 554; x_wconf 73' lang='lat' dir='ltr'>de</span> <span class='ocrx_word' id='word_1_102' title='bbox 492 531 538 554; x_wconf 86' lang='lat' dir='ltr'>vita</span> <span class='ocrx_word' id='word_1_103' title='bbox 545 530 608 554; x_wconf 73' lang='lat' dir='ltr'>beata</span> <span class='ocrx_word' id='word_1_104' title='bbox 615 538 663 562; x_wconf 81' lang='lat' dir='ltr'>cap.</span> <span class='ocrx_word' id='word_1_105' title='bbox 672 539 694 555; x_wconf 85' lang='lat'>2.</span> <span class='ocrx_word' id='word_1_106' title='bbox 710 535 761 553; x_wconf 77' lang='lat' dir='ltr'>Cum</span> <span class='ocrx_word' id='word_1_107' title='bbox 767 531 792 553; x_wconf 81' lang='lat' dir='ltr'>de</span> <span class='ocrx_word' id='word_1_108' title='bbox 800 537 848 553; x_wconf 77' lang='lat' dir='ltr'>mm</span> <span class='ocrx_word' id='word_1_109' title='bbox 855 530 917 553; x_wconf 75' lang='lat' dir='ltr'>beata</span> <span class='ocrx_word' id='word_1_110' title='bbox 924 537 996 561; x_wconf 74' lang='lat' dir='ltr'>agitur</span> <span class='ocrx_word' id='word_1_111' title='bbox 1005 547 1011 557; x_wconf 80' lang='lat'>‚</span> <span class='ocrx_word' id='word_1_112' title='bbox 1023 539 1060 553; x_wconf 76' lang='lat' dir='ltr'>non</span> <span class='ocrx_word' id='word_1_113' title='bbox 1068 530 1095 559; x_wconf 81' lang='lat' dir='ltr'>est</span> <span class='ocrx_word' id='word_1_114' title='bbox 1102 547 1108 553; x_wconf 78' lang='grc'>,</span> <span class='ocrx_word' id='word_1_115' title='bbox 1122 530 1179 560; x_wconf 80' lang='lat' dir='ltr'>quod</span> 
     </span>
     <span class='ocr_line' id='line_1_14' title="bbox 406 562 1179 593; baseline -0.003 -8"><span class='ocrx_word' id='word_1_116' title='bbox 406 564 464 585; x_wconf 72' lang='lat' dir='ltr'>mihi</span> <span class='ocrx_word' id='word_1_117' title='bbox 476 564 534 585; x_wconf 79' lang='lat' dir='ltr'>illud</span> <span class='ocrx_word' id='word_1_118' title='bbox 543 563 682 592; x_wconf 75' lang='lat' dir='ltr'>disceffionum</span> <span class='ocrx_word' id='word_1_119' title='bbox 690 571 746 585; x_wconf 79' lang='lat' dir='ltr'>more</span> <span class='ocrx_word' id='word_1_120' title='bbox 752 563 870 592; x_wconf 57' lang='lat' dir='ltr'>respondem</span> <span class='ocrx_word' id='word_1_121' title='bbox 878 579 883 586; x_wconf 76' lang='grc'>.</span> <span class='ocrx_word' id='word_1_122' title='bbox 896 563 990 593; x_wconf 57' lang='lat' dir='ltr'>hripum</span> <span class='ocrx_word' id='word_1_123' title='bbox 999 571 1067 591; x_wconf 71' lang='lat' dir='ltr'>masor</span> <span class='ocrx_word' id='word_1_124' title='bbox 1075 563 1112 592; x_wconf 68' lang='lat' dir='ltr'>esse</span> <span class='ocrx_word' id='word_1_125' title='bbox 1120 562 1179 583; x_wconf 75' lang='lat' dir='ltr'>vide-</span> 
     </span>
     <span class='ocr_line' id='line_1_15' title="bbox 405 593 1179 626; baseline -0.003 -10"><span class='ocrx_word' id='word_1_126' title='bbox 405 601 444 617; x_wconf 81' lang='lat' dir='ltr'>tur</span> <span class='ocrx_word' id='word_1_127' title='bbox 453 611 459 621; x_wconf 92' lang='lat'>,</span> <span class='ocrx_word' id='word_1_128' title='bbox 467 596 511 616; x_wconf 76' lang='lat' dir='ltr'>ideo</span> <span class='ocrx_word' id='word_1_129' title='bbox 519 597 643 626; x_wconf 73' lang='lat' dir='ltr'>enimpejor</span> <span class='ocrx_word' id='word_1_130' title='bbox 650 594 677 623; x_wconf 77' lang='lat' dir='ltr'>est</span> <span class='ocrx_word' id='word_1_131' title='bbox 685 611 691 621; x_wconf 84' lang='lat'>,</span> <span class='ocrx_word' id='word_1_132' title='bbox 704 603 742 616; x_wconf 78' lang='lat' dir='ltr'>non</span> <span class='ocrx_word' id='word_1_133' title='bbox 750 601 794 617; x_wconf 85' lang='lat' dir='ltr'>ram</span> <span class='ocrx_word' id='word_1_134' title='bbox 802 593 850 616; x_wconf 80' lang='lat' dir='ltr'>bene</span> <span class='ocrx_word' id='word_1_135' title='bbox 857 602 907 616; x_wconf 78' lang='lat' dir='ltr'>cum</span> <span class='ocrx_word' id='word_1_136' title='bbox 915 594 977 616; x_wconf 75' lang='lat' dir='ltr'>rebus</span> <span class='ocrx_word' id='word_1_137' title='bbox 984 596 1084 616; x_wconf 70' lang='lat' dir='ltr'>humanis</span> <span class='ocrx_word' id='word_1_138' title='bbox 1091 594 1164 623; x_wconf 73' lang='lat' dir='ltr'>agitur</span> <span class='ocrx_word' id='word_1_139' title='bbox 1172 608 1179 618; x_wconf 86' lang='lat'>,</span> 
     </span>
     <span class='ocr_line' id='line_1_16' title="bbox 407 624 1177 658; baseline -0.003 -10"><span class='ocrx_word' id='word_1_140' title='bbox 407 632 433 648; x_wconf 84' lang='lat' dir='ltr'>ut</span> <span class='ocrx_word' id='word_1_141' title='bbox 440 626 634 658; x_wconf 75' lang='lat' dir='ltr'>meliaraplurnbus</span> <span class='ocrx_word' id='word_1_142' title='bbox 643 627 754 658; x_wconf 80' lang='lat' dir='ltr'>placeam.</span> <span class='ocrx_word' id='word_1_143' title='bbox 770 624 884 656; x_wconf 79' lang='lat' dir='ltr'>Appofite</span> <span class='ocrx_word' id='word_1_144' title='bbox 893 641 899 651; x_wconf 85' lang='lat'>,</span> <span class='ocrx_word' id='word_1_145' title='bbox 917 625 940 648; x_wconf 69' lang='grc' dir='ltr'>ὅ(</span> <span class='ocrx_word' id='word_1_146' title='bbox 948 632 1001 647; x_wconf 84' lang='lat' dir='ltr'>cum</span> <span class='ocrx_word' id='word_1_147' title='bbox 1010 625 1097 654; x_wconf 72' lang='lat' dir='ltr'>judicio</span> <span class='ocrx_word' id='word_1_148' title='bbox 1106 624 1177 647; x_wconf 82' lang='lat' dir='ltr'>alium</span> 
     </span>
     <span class='ocr_line' id='line_1_17' title="bbox 406 656 1178 689; baseline -0.004 -9"><span class='ocrx_word' id='word_1_149' title='bbox 406 657 509 685; x_wconf 83' lang='lat' dir='ltr'>ejusdem</span> <span class='ocrx_word' id='word_1_150' title='bbox 518 660 606 681; x_wconf 73' lang='lat' dir='ltr'>Senecae</span> <span class='ocrx_word' id='word_1_151' title='bbox 613 658 694 680; x_wconf 88' lang='lat' dir='ltr'>locum</span> <span class='ocrx_word' id='word_1_152' title='bbox 702 657 848 688; x_wconf 80' lang='lat' dir='ltr'>annotavitJ.</span> <span class='ocrx_word' id='word_1_153' title='bbox 858 656 948 686; x_wconf 72' lang='lat' dir='ltr'>Lipsius</span> <span class='ocrx_word' id='word_1_154' title='bbox 957 666 961 678; x_wconf 91' lang='lat'>:</span> <span class='ocrx_word' id='word_1_155' title='bbox 970 657 1121 689; x_wconf 62' lang='lat' dir='ltr'>Qndpraestat</span> <span class='ocrx_word' id='word_1_156' title='bbox 1130 658 1178 678; x_wconf 73' lang='lat' dir='ltr'>Phi-</span> 
     </span>
     <span class='ocr_line' id='line_1_18' title="bbox 406 688 1179 721; baseline -0.003 -10"><span class='ocrx_word' id='word_1_157' title='bbox 406 690 497 718; x_wconf 57' lang='lat' dir='ltr'>lofhsthia</span> <span class='ocrx_word' id='word_1_158' title='bbox 506 693 516 711; x_wconf 64' lang='grc' dir='ltr'>,ἒ</span> <span class='ocrx_word' id='word_1_159' title='bbox 524 696 547 711; x_wconf 76' lang='lat' dir='ltr'>ut</span> <span class='ocrx_word' id='word_1_160' title='bbox 555 691 620 712; x_wconf 71' lang='lat' dir='ltr'>mulii</span> <span class='ocrx_word' id='word_1_161' title='bbox 628 689 765 721; x_wconf 79' lang='lat' dir='ltr'>nbiplacere‚</span> <span class='ocrx_word' id='word_1_162' title='bbox 773 696 840 720; x_wconf 81' lang='lat' dir='ltr'>quam</span> <span class='ocrx_word' id='word_1_163' title='bbox 846 690 932 721; x_wconf 79' lang='lat' dir='ltr'>popul03</span> <span class='ocrx_word' id='word_1_164' title='bbox 942 695 967 710; x_wconf 76' lang='lat' dir='ltr'>ut</span> <span class='ocrx_word' id='word_1_165' title='bbox 974 688 1179 717; x_wconf 65' lang='lat' dir='ltr'>existimessudicia,</span> 
     </span>
     <span class='ocr_line' id='line_1_19' title="bbox 406 719 1179 752; baseline -0.001 -10"><span class='ocrx_word' id='word_1_166' title='bbox 406 729 446 742; x_wconf 82' lang='lat' dir='ltr'>mn</span> <span class='ocrx_word' id='word_1_167' title='bbox 453 728 479 743; x_wconf 80' lang='lat' dir='ltr'>ut</span> <span class='ocrx_word' id='word_1_168' title='bbox 485 729 594 744; x_wconf 75' lang='lat' dir='ltr'><em>numeres.</em></span> <span class='ocrx_word' id='word_1_169' title='bbox 603 722 711 752; x_wconf 77' lang='lat' dir='ltr'>lmperita</span> <span class='ocrx_word' id='word_1_170' title='bbox 719 719 868 744; x_wconf 82' lang='lat' dir='ltr'>librariorum</span> <span class='ocrx_word' id='word_1_171' title='bbox 876 719 1006 742; x_wconf 76' lang='lat' dir='ltr'>multitudo</span> <span class='ocrx_word' id='word_1_172' title='bbox 1014 728 1040 743; x_wconf 82' lang='lat' dir='ltr'>an</span> <span class='ocrx_word' id='word_1_173' title='bbox 1045 726 1078 742; x_wconf 83' lang='lat' dir='ltr'>tea</span> <span class='ocrx_word' id='word_1_174' title='bbox 1085 720 1179 750; x_wconf 79' lang='lat' dir='ltr'>legerat,</span> 
     </span>
     <span class='ocr_line' id='line_1_20' title="bbox 404 751 1179 784; baseline -0.001 -10"><span class='ocrx_word' id='word_1_175' title='bbox 404 752 463 775; x_wconf 76' lang='lat' dir='ltr'>illud</span> <span class='ocrx_word' id='word_1_176' title='bbox 468 753 613 784; x_wconf 79' lang='lat' dir='ltr'>dissensionum</span> <span class='ocrx_word' id='word_1_177' title='bbox 620 761 676 775; x_wconf 85' lang='lat' dir='ltr'>more</span> <span class='ocrx_word' id='word_1_178' title='bbox 683 752 900 783; x_wconf 69' lang='lat' dir='ltr'>resportdeas.1’rimtts</span> <span class='ocrx_word' id='word_1_179' title='bbox 908 751 1046 782; x_wconf 81' lang='lat' dir='ltr'>Rudolphus</span> <span class='ocrx_word' id='word_1_180' title='bbox 1054 752 1179 782; x_wconf 79' lang='lat' dir='ltr'>genuinam</span> 
     </span>
     <span class='ocr_line' id='line_1_21' title="bbox 404 782 1179 811; baseline -0.003 -4"><span class='ocrx_word' id='word_1_181' title='bbox 404 783 535 807; x_wconf 67' lang='lat' dir='ltr'>lectionem</span> <span class='ocrx_word' id='word_1_182' title='bbox 543 784 707 807; x_wconf 74' lang='lat' dir='ltr'>animadvertit</span> <span class='ocrx_word' id='word_1_183' title='bbox 715 801 721 811; x_wconf 91' lang='lat'>‚</span> <span class='ocrx_word' id='word_1_184' title='bbox 733 785 757 807; x_wconf 69' lang='grc' dir='ltr'>ὃ(</span> <span class='ocrx_word' id='word_1_185' title='bbox 765 791 792 806; x_wconf 85' lang='lat' dir='ltr'>ex</span> <span class='ocrx_word' id='word_1_186' title='bbox 800 791 828 807; x_wconf 92' lang='lat' dir='ltr'>eo</span> <span class='ocrx_word' id='word_1_187' title='bbox 836 782 941 806; x_wconf 78' lang='lat' dir='ltr'>Erasmus</span> <span class='ocrx_word' id='word_1_188' title='bbox 949 784 1132 806; x_wconf 84' lang='lat' dir='ltr'>Roterodamus.</span> <span class='ocrx_word' id='word_1_189' title='bbox 1152 784 1179 804; x_wconf 89' lang='lat' dir='ltr'>E-</span> 
     </span>
     <span class='ocr_line' id='line_1_22' title="bbox 406 814 1180 846; baseline -0.003 -8"><span class='ocrx_word' id='word_1_190' title='bbox 406 815 488 846; x_wconf 83' lang='lat' dir='ltr'>gregie</span> <span class='ocrx_word' id='word_1_191' title='bbox 501 815 592 838; x_wconf 74' lang='lat' dir='ltr'>decreta</span> <span class='ocrx_word' id='word_1_192' title='bbox 600 815 753 839; x_wconf 77' lang='lat' dir='ltr'>Lateranenfis</span> <span class='ocrx_word' id='word_1_193' title='bbox 761 815 858 838; x_wconf 82' lang='lat' dir='ltr'>concilii</span> <span class='ocrx_word' id='word_1_194' title='bbox 871 814 929 846; x_wconf 88' lang='lat' dir='ltr'>apud</span> <span class='ocrx_word' id='word_1_195' title='bbox 943 815 1103 838; x_wconf 85' lang='lat' dir='ltr'>Guilielmum</span> <span class='ocrx_word' id='word_1_196' title='bbox 1117 816 1180 837; x_wconf 58' lang='lat' dir='ltr'>Neu&gt;</span> 
     </span>
     <span class='ocr_line' id='line_1_23' title="bbox 406 846 1179 878; baseline -0.004 -7"><span class='ocrx_word' id='word_1_197' title='bbox 406 846 540 878; x_wconf 80' lang='lat' dir='ltr'>brigensem</span> <span class='ocrx_word' id='word_1_198' title='bbox 548 847 576 870; x_wconf 88' lang='lat' dir='ltr'>de</span> <span class='ocrx_word' id='word_1_199' title='bbox 584 846 643 870; x_wconf 84' lang='lat' dir='ltr'>Reb.</span> <span class='ocrx_word' id='word_1_200' title='bbox 652 848 746 878; x_wconf 84' lang='lat' dir='ltr'>Anglic.</span> <span class='ocrx_word' id='word_1_201' title='bbox 756 846 799 870; x_wconf 85' lang='lat' dir='ltr'>lib.</span> <span class='ocrx_word' id='word_1_202' title='bbox 811 853 887 877; x_wconf 84' lang='lat' dir='ltr'>3.cap.</span> <span class='ocrx_word' id='word_1_203' title='bbox 898 854 919 872; x_wconf 87' lang='lat'>3.</span> <span class='ocrx_word' id='word_1_204' title='bbox 930 848 965 868; x_wconf 78' lang='lat' dir='ltr'>Ex</span> <span class='ocrx_word' id='word_1_205' title='bbox 973 849 1007 868; x_wconf 58' lang='lat' dir='ltr'>hot</span> <span class='ocrx_word' id='word_1_206' title='bbox 1015 853 1086 869; x_wconf 76' lang='lat' dir='ltr'>tamen</span> <span class='ocrx_word' id='word_1_207' title='bbox 1098 846 1179 868; x_wconf 78' lang='lat' dir='ltr'>nullum</span> 
     </span>
     <span class='ocr_line' id='line_1_24' title="bbox 407 877 1177 908; baseline -0.003 -6"><span class='ocrx_word' id='word_1_208' title='bbox 407 880 512 902; x_wconf 72' lang='lat' dir='ltr'>canonicis</span> <span class='ocrx_word' id='word_1_209' title='bbox 519 878 687 907; x_wconf 70' lang='lat' dir='ltr'>institutionibus</span> <span class='ocrx_word' id='word_1_210' title='bbox 695 895 701 904; x_wconf 85' lang='lat'>,</span> <span class='ocrx_word' id='word_1_211' title='bbox 716 877 742 901; x_wconf 67' lang='grc' dir='ltr'>ύ-</span> <span class='ocrx_word' id='word_1_212' title='bbox 748 879 800 900; x_wconf 81' lang='lat' dir='ltr'>aliis</span> <span class='ocrx_word' id='word_1_213' title='bbox 807 879 871 905; x_wconf 55' lang='lat' dir='ltr'>ecclesi</span> <span class='ocrx_word' id='word_1_214' title='bbox 877 879 1164 908; x_wconf 61' lang='lat' dir='ltr'>ispraejudicmmgeneretur</span> <span class='ocrx_word' id='word_1_215' title='bbox 1171 895 1177 904; x_wconf 90' lang='lat'>,</span> 
     </span>
     <span class='ocr_line' id='line_1_25' title="bbox 405 908 1180 942; baseline -0.003 -8"><span class='ocrx_word' id='word_1_216' title='bbox 405 910 429 934; x_wconf 76' lang='lat' dir='ltr'>in</span> <span class='ocrx_word' id='word_1_217' title='bbox 436 910 514 940; x_wconf 79' lang='lat' dir='ltr'>quibus</span> <span class='ocrx_word' id='word_1_218' title='bbox 522 912 611 942; x_wconf 78' lang='lat' dir='ltr'>majoris</span> <span class='ocrx_word' id='word_1_219' title='bbox 619 909 812 941; x_wconf 71' lang='lat' dir='ltr'>&amp;fizniorispartis</span> <span class='ocrx_word' id='word_1_220' title='bbox 819 908 1118 941; x_wconf 63' lang='lat' dir='ltr'>dehetsenreminpravalere:</span> <span class='ocrx_word' id='word_1_221' title='bbox 1126 917 1180 940; x_wconf 79' lang='lat' dir='ltr'>quta</span> 
     </span>
     <span class='ocr_line' id='line_1_26' title="bbox 406 940 1180 973; baseline -0.003 -9"><span class='ocrx_word' id='word_1_222' title='bbox 406 943 465 973; x_wconf 77' lang='lat' dir='ltr'>quod</span> <span class='ocrx_word' id='word_1_223' title='bbox 471 943 492 964; x_wconf 80' lang='lat' dir='ltr'>in</span> <span class='ocrx_word' id='word_1_224' title='bbox 500 943 530 964; x_wconf 77' lang='lat' dir='ltr'>eis</span> <span class='ocrx_word' id='word_1_225' title='bbox 537 942 627 964; x_wconf 74' lang='lat' dir='ltr'>dubium</span> <span class='ocrx_word' id='word_1_226' title='bbox 635 942 718 964; x_wconf 72' lang='lat' dir='ltr'>venerit</span> <span class='ocrx_word' id='word_1_227' title='bbox 726 959 731 965; x_wconf 77' lang='grc'>,</span> <span class='ocrx_word' id='word_1_228' title='bbox 744 941 1037 972; x_wconf 65' lang='lat' dir='ltr'>[tapnim-i&gt;judicioputenr</span> <span class='ocrx_word' id='word_1_229' title='bbox 1044 940 1126 969; x_wconf 73' lang='lat' dir='ltr'>definiri</span> <span class='ocrx_word' id='word_1_230' title='bbox 1135 957 1141 966; x_wconf 84' lang='lat'><strong>‚</strong></span> <span class='ocrx_word' id='word_1_231' title='bbox 1158 942 1180 962; x_wconf 83' lang='lat' dir='ltr'>in</span> 
     </span>
     <span class='ocr_line' id='line_1_27' title="bbox 407 968 1180 1003; baseline -0.003 -8"><span class='ocrx_word' id='word_1_232' title='bbox 407 976 505 995; x_wconf 82' lang='lat' dir='ltr'>Romana</span> <span class='ocrx_word' id='word_1_233' title='bbox 512 982 561 996; x_wconf 82' lang='lat' dir='ltr'>vero</span> <span class='ocrx_word' id='word_1_234' title='bbox 568 975 628 995; x_wconf 76' lang='lat' dir='ltr'>curia</span> <span class='ocrx_word' id='word_1_235' title='bbox 635 971 660 995; x_wconf 60' lang='grc' dir='ltr'>(θ’</span> <span class='ocrx_word' id='word_1_236' title='bbox 668 974 750 1001; x_wconf 44' lang='lat' dir='ltr'>eccle-Fa</span> <span class='ocrx_word' id='word_1_237' title='bbox 759 988 765 997; x_wconf 85' lang='lat'><em>,</em></span> <span class='ocrx_word' id='word_1_238' title='bbox 773 968 866 1003; x_wconf 75' lang='lat' dir='ltr'>speciale</span> <span class='ocrx_word' id='word_1_239' title='bbox 880 973 953 993; x_wconf 77' lang='lat' dir='ltr'>evenit</span> <span class='ocrx_word' id='word_1_240' title='bbox 961 973 1048 1002; x_wconf 79' lang='lat' dir='ltr'>aliquid</span> <span class='ocrx_word' id='word_1_241' title='bbox 1061 978 1127 1003; x_wconf 79' lang='lat' dir='ltr'>arque</span> <span class='ocrx_word' id='word_1_242' title='bbox 1134 980 1180 993; x_wconf 64' lang='lat' dir='ltr'>ton&gt;</span> 
     </span>
     <span class='ocr_line' id='line_1_28' title="bbox 401 1002 1180 1036; baseline 0 -9"><span class='ocrx_word' id='word_1_243' title='bbox 401 1004 516 1033; x_wconf 74' lang='lat' dir='ltr'>flirmrur,</span> <span class='ocrx_word' id='word_1_244' title='bbox 532 1006 586 1036; x_wconf 80' lang='lat' dir='ltr'>quia</span> <span class='ocrx_word' id='word_1_245' title='bbox 593 1004 702 1033; x_wconf 66' lang='lat' dir='ltr'>nonpotesl</span> <span class='ocrx_word' id='word_1_246' title='bbox 709 1005 736 1026; x_wconf 76' lang='lat' dir='ltr'>ad</span> <span class='ocrx_word' id='word_1_247' title='bbox 743 1004 876 1036; x_wconf 46' lang='lat' dir='ltr'>superiorem</span> <span class='ocrx_word' id='word_1_248' title='bbox 889 1003 983 1032; x_wconf 77' lang='lat' dir='ltr'>recursus</span> <span class='ocrx_word' id='word_1_249' title='bbox 997 1002 1078 1026; x_wconf 68' lang='lat' dir='ltr'>haberi.</span> <span class='ocrx_word' id='word_1_250' title='bbox 1098 1003 1180 1027; x_wconf 83' lang='lat' dir='ltr'>Aurei.</span> 
     </span>
     <span class='ocr_line' id='line_1_29' title="bbox 404 1033 911 1065; baseline -0.01 -5"><span class='ocrx_word' id='word_1_251' title='bbox 404 1036 516 1060; x_wconf 80' lang='lat' dir='ltr'>Prudent.</span> <span class='ocrx_word' id='word_1_252' title='bbox 524 1036 568 1060; x_wconf 84' lang='lat' dir='ltr'>lib.</span> <span class='ocrx_word' id='word_1_253' title='bbox 580 1044 599 1060; x_wconf 92' lang='lat'>1.</span> <span class='ocrx_word' id='word_1_254' title='bbox 611 1036 636 1059; x_wconf 90' lang='lat' dir='ltr'>in</span> <span class='ocrx_word' id='word_1_255' title='bbox 644 1034 809 1065; x_wconf 80' lang='lat' dir='ltr'>Symmachum</span> <span class='ocrx_word' id='word_1_256' title='bbox 818 1033 842 1055; x_wconf 92' lang='lat' dir='ltr'>in</span> <span class='ocrx_word' id='word_1_257' title='bbox 850 1034 911 1056; x_wconf 72' lang='lat' dir='ltr'>fine:</span> 
     </span>
     <span class='ocr_line' id='line_1_30' title="bbox 470 1065 966 1098; baseline -0.006 -7"><span class='ocrx_word' id='word_1_258' title='bbox 470 1068 585 1092; x_wconf 70' lang='lat' dir='ltr'>Serventur</span> <span class='ocrx_word' id='word_1_259' title='bbox 599 1069 654 1098; x_wconf 74' lang='lat' dir='ltr'>leges</span> <span class='ocrx_word' id='word_1_260' title='bbox 665 1068 768 1098; x_wconf 77' lang='lat' dir='ltr'>patriar,</span> <span class='ocrx_word' id='word_1_261' title='bbox 786 1065 870 1095; x_wconf 69' lang='lat' dir='ltr'>infirma</span> <span class='ocrx_word' id='word_1_262' title='bbox 881 1065 966 1088; x_wconf 75' lang='lat' dir='ltr'>minoris</span> 
     </span>
    </p>
   </div>
   <div class='ocr_carea' id='block_1_3' title="bbox 1193 276 1198 831">
    <p class='ocr_par' dir='ltr' id='par_1_3' title="bbox 1193 276 1198 831">
     <span class='ocr_line' id='line_1_31' title="bbox 1193 276 1198 831; baseline 0 0"><span class='ocrx_word' id='word_1_263' title='bbox 1193 276 1198 831; x_wconf 95' lang='lat' dir='ltr'> </span> 
     </span>
    </p>
   </div>
   <div class='ocr_carea' id='block_1_4' title="bbox 1208 183 1987 1098">
    <p class='ocr_par' dir='ltr' id='par_1_4' title="bbox 1275 183 1496 206">
     <span class='ocr_line' id='line_1_32' title="bbox 1275 183 1496 206; baseline 0.005 -1"><span class='ocrx_word' id='word_1_264' title='bbox 1275 184 1319 205; x_wconf 79' lang='lat' dir='ltr'>l&#39;ox</span> <span class='ocrx_word' id='word_1_265' title='bbox 1332 183 1391 206; x_wconf 71' lang='lat' dir='ltr'>cedat</span> <span class='ocrx_word' id='word_1_266' title='bbox 1404 183 1496 206; x_wconf 78' lang='lat' dir='ltr'>numeri.</span> 
     </span>
    </p>

    <p class='ocr_par' dir='ltr' id='par_1_5' title="bbox 1208 212 1984 688">
     <span class='ocr_line' id='line_1_33' title="bbox 1242 212 1982 248; baseline 0.007 -11"><span class='ocrx_word' id='word_1_267' title='bbox 1242 213 1449 245; x_wconf 76' lang='lat' dir='ltr'>Frequentillimus</span> <span class='ocrx_word' id='word_1_268' title='bbox 1463 213 1587 245; x_wconf 71' lang='lat' dir='ltr'>cogebatur</span> <span class='ocrx_word' id='word_1_269' title='bbox 1594 212 1681 238; x_wconf 82' lang='lat' dir='ltr'>senatus</span> <span class='ocrx_word' id='word_1_270' title='bbox 1689 213 1798 239; x_wconf 78' lang='lat' dir='ltr'>Kalendis</span> <span class='ocrx_word' id='word_1_271' title='bbox 1805 216 1924 248; x_wconf 69' lang='lat' dir='ltr'>januariis,</span> <span class='ocrx_word' id='word_1_272' title='bbox 1948 219 1982 244; x_wconf 81' lang='lat' dir='ltr'>Si-</span> 
     </span>
     <span class='ocr_line' id='line_1_34' title="bbox 1210 243 1983 276; baseline 0.01 -9"><span class='ocrx_word' id='word_1_273' title='bbox 1210 243 1267 267; x_wconf 85' lang='lat' dir='ltr'>don.</span> <span class='ocrx_word' id='word_1_274' title='bbox 1277 246 1409 276; x_wconf 82' lang='lat' dir='ltr'>Apolliuar.</span> <span class='ocrx_word' id='word_1_275' title='bbox 1418 244 1459 268; x_wconf 88' lang='lat' dir='ltr'>lib.</span> <span class='ocrx_word' id='word_1_276' title='bbox 1469 250 1489 269; x_wconf 78' lang='lat'>8.</span> <span class='ocrx_word' id='word_1_277' title='bbox 1498 245 1563 276; x_wconf 78' lang='lat' dir='ltr'>epist.</span> <span class='ocrx_word' id='word_1_278' title='bbox 1573 249 1595 268; x_wconf 88' lang='lat'>6.</span> <span class='ocrx_word' id='word_1_279' title='bbox 1609 246 1632 269; x_wconf 75' lang='grc' dir='ltr'>δι</span> <span class='ocrx_word' id='word_1_280' title='bbox 1641 246 1667 269; x_wconf 80' lang='lat' dir='ltr'>ad</span> <span class='ocrx_word' id='word_1_281' title='bbox 1674 253 1728 269; x_wconf 87' lang='lat' dir='ltr'>enm</span> <span class='ocrx_word' id='word_1_282' title='bbox 1736 246 1815 271; x_wconf 86' lang='lat' dir='ltr'>locum</span> <span class='ocrx_word' id='word_1_283' title='bbox 1822 255 1850 271; x_wconf 81' lang='lat' dir='ltr'>ex</span> <span class='ocrx_word' id='word_1_284' title='bbox 1858 250 1940 274; x_wconf 86' lang='lat' dir='ltr'>multis</span> <span class='ocrx_word' id='word_1_285' title='bbox 1946 251 1983 275; x_wconf 90' lang='lat' dir='ltr'>di-</span> 
     </span>
     <span class='ocr_line' id='line_1_35' title="bbox 1211 275 1982 308; baseline 0.009 -9"><span class='ocrx_word' id='word_1_286' title='bbox 1211 275 1325 307; x_wconf 81' lang='lat' dir='ltr'>versisque</span> <span class='ocrx_word' id='word_1_287' title='bbox 1335 275 1484 308; x_wconf 83' lang='lat' dir='ltr'>striptoribus</span> <span class='ocrx_word' id='word_1_288' title='bbox 1497 276 1665 300; x_wconf 78' lang='lat' dir='ltr'>eruditiffimus</span> <span class='ocrx_word' id='word_1_289' title='bbox 1678 279 1766 300; x_wconf 86' lang='lat' dir='ltr'>Savaro.</span> <span class='ocrx_word' id='word_1_290' title='bbox 1789 278 1891 304; x_wconf 76' lang='lat' dir='ltr'>Cessabar</span> <span class='ocrx_word' id='word_1_291' title='bbox 1904 288 1982 307; x_wconf 81' lang='lat' dir='ltr'>autem</span> 
     </span>
     <span class='ocr_line' id='line_1_36' title="bbox 1211 307 1981 343; baseline 0.008 -12"><span class='ocrx_word' id='word_1_292' title='bbox 1211 307 1401 332; x_wconf 77' lang='lat' dir='ltr'>duobustantum</span> <span class='ocrx_word' id='word_1_293' title='bbox 1409 315 1462 332; x_wconf 83' lang='lat' dir='ltr'>toto</span> <span class='ocrx_word' id='word_1_294' title='bbox 1470 316 1531 332; x_wconf 85' lang='lat' dir='ltr'>anno</span> <span class='ocrx_word' id='word_1_295' title='bbox 1539 308 1669 335; x_wconf 74' lang='lat' dir='ltr'>mensibus,</span> <span class='ocrx_word' id='word_1_296' title='bbox 1690 308 1810 332; x_wconf 76' lang='lat' dir='ltr'>Novembri</span> <span class='ocrx_word' id='word_1_297' title='bbox 1821 309 1846 333; x_wconf 65' lang='grc' dir='ltr'><em>ὼ</em></span> <span class='ocrx_word' id='word_1_298' title='bbox 1855 314 1968 337; x_wconf 76' lang='lat' dir='ltr'>Decembri</span> <span class='ocrx_word' id='word_1_299' title='bbox 1975 332 1981 343; x_wconf 85' lang='lat'><em>‚</em></span> 
     </span>
     <span class='ocr_line' id='line_1_37' title="bbox 1210 340 1983 373; baseline 0.009 -11"><span class='ocrx_word' id='word_1_300' title='bbox 1210 342 1304 363; x_wconf 76' lang='lat' dir='ltr'>sueton.</span> <span class='ocrx_word' id='word_1_301' title='bbox 1315 341 1338 363; x_wconf 89' lang='lat' dir='ltr'>in</span> <span class='ocrx_word' id='word_1_302' title='bbox 1349 340 1452 372; x_wconf 82' lang='lat' dir='ltr'>Augusto</span> <span class='ocrx_word' id='word_1_303' title='bbox 1459 349 1508 371; x_wconf 79' lang='lat' dir='ltr'>cap.</span> <span class='ocrx_word' id='word_1_304' title='bbox 1520 348 1528 366; x_wconf 82' lang='lat'><em>3</em></span> <span class='ocrx_word' id='word_1_305' title='bbox 1536 349 1556 364; x_wconf 81' lang='lat'>2.</span> <span class='ocrx_word' id='word_1_306' title='bbox 1567 348 1576 366; x_wconf 81' lang='lat'>3</span> <span class='ocrx_word' id='word_1_307' title='bbox 1584 349 1603 366; x_wconf 83' lang='lat'>5.</span> <span class='ocrx_word' id='word_1_308' title='bbox 1613 342 1662 364; x_wconf 76' lang='lat' dir='ltr'>aliis</span> <span class='ocrx_word' id='word_1_309' title='bbox 1670 348 1724 364; x_wconf 82' lang='lat' dir='ltr'>vero</span> <span class='ocrx_word' id='word_1_310' title='bbox 1733 340 1845 364; x_wconf 81' lang='lat' dir='ltr'>omnibus</span> <span class='ocrx_word' id='word_1_311' title='bbox 1853 345 1967 369; x_wconf 77' lang='lat' dir='ltr'>mensibus</span> <span class='ocrx_word' id='word_1_312' title='bbox 1976 363 1983 373; x_wconf 85' lang='lat'><em>,</em></span> 
     </span>
     <span class='ocr_line' id='line_1_38' title="bbox 1210 371 1981 405; baseline 0.005 -11"><span class='ocrx_word' id='word_1_313' title='bbox 1210 371 1332 395; x_wconf 78' lang='lat' dir='ltr'>habebatur</span> <span class='ocrx_word' id='word_1_314' title='bbox 1341 371 1377 395; x_wconf 86' lang='lat' dir='ltr'>bis</span> <span class='ocrx_word' id='word_1_315' title='bbox 1384 390 1390 399; x_wconf 93' lang='lat'>,</span> <span class='ocrx_word' id='word_1_316' title='bbox 1399 373 1507 403; x_wconf 68' lang='lat' dir='ltr'>qucndts</span> <span class='ocrx_word' id='word_1_317' title='bbox 1516 371 1540 395; x_wconf 68' lang='lat'>&amp;-</span> <span class='ocrx_word' id='word_1_318' title='bbox 1550 373 1638 395; x_wconf 68' lang='lat' dir='ltr'>fndibux</span> <span class='ocrx_word' id='word_1_319' title='bbox 1646 390 1652 400; x_wconf 77' lang='grc'>,</span> <span class='ocrx_word' id='word_1_320' title='bbox 1665 373 1769 402; x_wconf 84' lang='lat' dir='ltr'>exceptis</span> <span class='ocrx_word' id='word_1_321' title='bbox 1777 373 1864 396; x_wconf 61' lang='lat' dir='ltr'>&amp;idibus</span> <span class='ocrx_word' id='word_1_322' title='bbox 1871 377 1965 400; x_wconf 70' lang='lat' dir='ltr'>Martiis</span> <span class='ocrx_word' id='word_1_323' title='bbox 1974 395 1981 405; x_wconf 91' lang='lat'>,</span> 
     </span>
     <span class='ocr_line' id='line_1_39' title="bbox 1208 404 1982 436; baseline 0.008 -10"><span class='ocrx_word' id='word_1_324' title='bbox 1208 404 1402 434; x_wconf 69' lang='lat' dir='ltr'>quaeparricidmm</span> <span class='ocrx_word' id='word_1_325' title='bbox 1409 405 1580 435; x_wconf 59' lang='lat' dir='ltr'>appellabantur</span> <span class='ocrx_word' id='word_1_326' title='bbox 1589 421 1595 431; x_wconf 91' lang='lat'><em>‚</em></span> <span class='ocrx_word' id='word_1_327' title='bbox 1609 404 1676 436; x_wconf 84' lang='lat' dir='ltr'>quod</span> <span class='ocrx_word' id='word_1_328' title='bbox 1684 405 1709 427; x_wconf 94' lang='lat' dir='ltr'>in</span> <span class='ocrx_word' id='word_1_329' title='bbox 1717 404 1764 428; x_wconf 86' lang='lat' dir='ltr'>illis</span> <span class='ocrx_word' id='word_1_330' title='bbox 1771 404 1903 436; x_wconf 72' lang='lat' dir='ltr'>contigisset</span> <span class='ocrx_word' id='word_1_331' title='bbox 1910 408 1982 432; x_wconf 68' lang='lat' dir='ltr'>Cmsa-</span> 
     </span>
     <span class='ocr_line' id='line_1_40' title="bbox 1209 435 1982 470; baseline 0.004 -12"><span class='ocrx_word' id='word_1_332' title='bbox 1209 442 1259 458; x_wconf 86' lang='lat' dir='ltr'>rem</span> <span class='ocrx_word' id='word_1_333' title='bbox 1272 435 1386 462; x_wconf 87' lang='lat' dir='ltr'>interfici,</span> <span class='ocrx_word' id='word_1_334' title='bbox 1400 435 1457 459; x_wconf 70' lang='lat' dir='ltr'>alibi</span> <span class='ocrx_word' id='word_1_335' title='bbox 1471 436 1515 459; x_wconf 88' lang='lat' dir='ltr'>hoc</span> <span class='ocrx_word' id='word_1_336' title='bbox 1529 436 1553 459; x_wconf 91' lang='lat' dir='ltr'>in</span> <span class='ocrx_word' id='word_1_337' title='bbox 1561 443 1631 466; x_wconf 85' lang='lat' dir='ltr'>opere</span> <span class='ocrx_word' id='word_1_338' title='bbox 1638 435 1899 461; x_wconf 75' lang='lat' dir='ltr'>estameobservatum.</span> <span class='ocrx_word' id='word_1_339' title='bbox 1917 439 1982 470; x_wconf 78' lang='lat' dir='ltr'>Qid</span> 
     </span>
     <span class='ocr_line' id='line_1_41' title="bbox 1210 466 1984 498; baseline 0.006 -9"><span class='ocrx_word' id='word_1_340' title='bbox 1210 466 1235 489; x_wconf 79' lang='lat' dir='ltr'>sit</span> <span class='ocrx_word' id='word_1_341' title='bbox 1243 466 1319 489; x_wconf 81' lang='lat' dir='ltr'>senatu</span> <span class='ocrx_word' id='word_1_342' title='bbox 1328 468 1427 494; x_wconf 73' lang='lat' dir='ltr'>moveri,</span> <span class='ocrx_word' id='word_1_343' title='bbox 1435 475 1484 491; x_wconf 87' lang='lat' dir='ltr'>non</span> <span class='ocrx_word' id='word_1_344' title='bbox 1492 467 1522 490; x_wconf 80' lang='lat' dir='ltr'>est</span> <span class='ocrx_word' id='word_1_345' title='bbox 1531 467 1628 491; x_wconf 83' lang='lat' dir='ltr'>difficile</span> <span class='ocrx_word' id='word_1_346' title='bbox 1636 468 1769 498; x_wconf 81' lang='lat' dir='ltr'>intelligere</span> <span class='ocrx_word' id='word_1_347' title='bbox 1776 475 1803 491; x_wconf 84' lang='lat' dir='ltr'>ex</span> <span class='ocrx_word' id='word_1_348' title='bbox 1811 468 1901 498; x_wconf 71' lang='lat' dir='ltr'>joanne</span> <span class='ocrx_word' id='word_1_349' title='bbox 1909 473 1984 495; x_wconf 84' lang='lat' dir='ltr'>Zona-</span> 
     </span>
     <span class='ocr_line' id='line_1_42' title="bbox 1211 499 1983 529; baseline 0.006 -8"><span class='ocrx_word' id='word_1_350' title='bbox 1211 506 1232 521; x_wconf 77' lang='lat' dir='ltr'>ra</span> <span class='ocrx_word' id='word_1_351' title='bbox 1241 502 1314 522; x_wconf 85' lang='lat' dir='ltr'>Tom.</span> <span class='ocrx_word' id='word_1_352' title='bbox 1325 507 1347 522; x_wconf 80' lang='lat'>2.</span> <span class='ocrx_word' id='word_1_353' title='bbox 1362 499 1440 522; x_wconf 89' lang='lat' dir='ltr'>Dione</span> <span class='ocrx_word' id='word_1_354' title='bbox 1448 500 1579 527; x_wconf 77' lang='lat' dir='ltr'>Cocceiano</span> <span class='ocrx_word' id='word_1_355' title='bbox 1591 500 1632 523; x_wconf 89' lang='lat' dir='ltr'>lib.</span> <span class='ocrx_word' id='word_1_356' title='bbox 1644 504 1680 526; x_wconf 82' lang='lat'>56.</span> <span class='ocrx_word' id='word_1_357' title='bbox 1695 500 1786 523; x_wconf 80' lang='lat' dir='ltr'>Valerio</span> <span class='ocrx_word' id='word_1_358' title='bbox 1796 501 1951 526; x_wconf 82' lang='lat' dir='ltr'>Maximolib.</span> <span class='ocrx_word' id='word_1_359' title='bbox 1960 511 1983 529; x_wconf 86' lang='lat' dir='ltr'>z.</span> 
     </span>
     <span class='ocr_line' id='line_1_43' title="bbox 1209 529 1981 564; baseline 0.005 -11"><span class='ocrx_word' id='word_1_360' title='bbox 1209 537 1258 560; x_wconf 86' lang='lat' dir='ltr'>cap.</span> <span class='ocrx_word' id='word_1_361' title='bbox 1266 538 1289 557; x_wconf 83' lang='lat'>4.</span> <span class='ocrx_word' id='word_1_362' title='bbox 1298 531 1334 553; x_wconf 84' lang='lat' dir='ltr'>tit.</span> <span class='ocrx_word' id='word_1_363' title='bbox 1344 539 1355 553; x_wconf 88' lang='lat'>2</span> <span class='ocrx_word' id='word_1_364' title='bbox 1363 538 1371 557; x_wconf 88' lang='grc' dir='ltr'><em>ς</em></span> <span class='ocrx_word' id='word_1_365' title='bbox 1378 549 1383 554; x_wconf 91' lang='grc'>.</span> <span class='ocrx_word' id='word_1_366' title='bbox 1402 529 1510 554; x_wconf 85' lang='lat' dir='ltr'>Authore</span> <span class='ocrx_word' id='word_1_367' title='bbox 1517 532 1608 554; x_wconf 87' lang='lat' dir='ltr'>incerto</span> <span class='ocrx_word' id='word_1_368' title='bbox 1616 530 1669 554; x_wconf 80' lang='lat' dir='ltr'>libri</span> <span class='ocrx_word' id='word_1_369' title='bbox 1678 531 1706 554; x_wconf 88' lang='lat' dir='ltr'>de</span> <span class='ocrx_word' id='word_1_370' title='bbox 1715 532 1757 555; x_wconf 89' lang='lat' dir='ltr'>vir.</span> <span class='ocrx_word' id='word_1_371' title='bbox 1766 531 1875 556; x_wconf 87' lang='lat' dir='ltr'>illustrib.</span> <span class='ocrx_word' id='word_1_372' title='bbox 1882 540 1932 564; x_wconf 86' lang='lat' dir='ltr'>cap.</span> <span class='ocrx_word' id='word_1_373' title='bbox 1941 542 1952 560; x_wconf 91' lang='lat'>7</span> <span class='ocrx_word' id='word_1_374' title='bbox 1959 543 1981 560; x_wconf 88' lang='lat'>2.</span> 
     </span>
     <span class='ocr_line' id='line_1_44' title="bbox 1214 561 1983 594; baseline 0.007 -10"><span class='ocrx_word' id='word_1_375' title='bbox 1214 561 1316 585; x_wconf 77' lang='lat' dir='ltr'>Asconio</span> <span class='ocrx_word' id='word_1_376' title='bbox 1331 562 1436 585; x_wconf 65' lang='lat' dir='ltr'>exdiano</span> <span class='ocrx_word' id='word_1_377' title='bbox 1449 562 1473 585; x_wconf 88' lang='lat' dir='ltr'>in</span> <span class='ocrx_word' id='word_1_378' title='bbox 1487 569 1652 594; x_wconf 80' lang='lat' dir='ltr'>argumentum</span> <span class='ocrx_word' id='word_1_379' title='bbox 1667 565 1731 586; x_wconf 78' lang='lat' dir='ltr'>Orat.</span> <span class='ocrx_word' id='word_1_380' title='bbox 1745 563 1769 586; x_wconf 87' lang='lat' dir='ltr'>in</span> <span class='ocrx_word' id='word_1_381' title='bbox 1778 563 1872 587; x_wconf 78' lang='lat' dir='ltr'>Catilin.</span> <span class='ocrx_word' id='word_1_382' title='bbox 1887 566 1911 588; x_wconf 66' lang='grc' dir='ltr'>ὅ(</span> <span class='ocrx_word' id='word_1_383' title='bbox 1924 566 1983 590; x_wconf 82' lang='lat' dir='ltr'>aliis.</span> 
     </span>
     <span class='ocr_line' id='line_1_45' title="bbox 1213 593 1984 624; baseline 0.005 -8"><span class='ocrx_word' id='word_1_384' title='bbox 1213 593 1322 624; x_wconf 87' lang='lat' dir='ltr'>Denique</span> <span class='ocrx_word' id='word_1_385' title='bbox 1330 601 1378 617; x_wconf 86' lang='lat' dir='ltr'>non</span> <span class='ocrx_word' id='word_1_386' title='bbox 1386 593 1428 617; x_wconf 79' lang='lat' dir='ltr'>nili</span> <span class='ocrx_word' id='word_1_387' title='bbox 1437 594 1460 617; x_wconf 95' lang='lat' dir='ltr'>in</span> <span class='ocrx_word' id='word_1_388' title='bbox 1467 594 1522 617; x_wconf 90' lang='lat' dir='ltr'>loco</span> <span class='ocrx_word' id='word_1_389' title='bbox 1529 593 1591 618; x_wconf 87' lang='lat' dir='ltr'>sacro</span> <span class='ocrx_word' id='word_1_390' title='bbox 1598 594 1701 618; x_wconf 80' lang='lat' dir='ltr'>senatum</span> <span class='ocrx_word' id='word_1_391' title='bbox 1709 594 1741 618; x_wconf 83' lang='lat' dir='ltr'>fas</span> <span class='ocrx_word' id='word_1_392' title='bbox 1748 600 1793 618; x_wconf 78' lang='lat' dir='ltr'>erat</span> <span class='ocrx_word' id='word_1_393' title='bbox 1800 597 1931 620; x_wconf 82' lang='lat' dir='ltr'>convocari.</span> <span class='ocrx_word' id='word_1_394' title='bbox 1938 600 1984 621; x_wconf 83' lang='lat' dir='ltr'>He-</span> 
     </span>
     <span class='ocr_line' id='line_1_46' title="bbox 1211 625 1982 656; baseline 0.004 -8"><span class='ocrx_word' id='word_1_395' title='bbox 1211 625 1300 648; x_wconf 82' lang='lat' dir='ltr'>rodian.</span> <span class='ocrx_word' id='word_1_396' title='bbox 1309 625 1350 648; x_wconf 89' lang='lat' dir='ltr'>lib.</span> <span class='ocrx_word' id='word_1_397' title='bbox 1361 634 1383 652; x_wconf 89' lang='lat'>7.</span> <span class='ocrx_word' id='word_1_398' title='bbox 1391 625 1470 649; x_wconf 79' lang='lat' dir='ltr'>histor.</span> <span class='ocrx_word' id='word_1_399' title='bbox 1479 628 1581 649; x_wconf 78' lang='lat' dir='ltr'>Roman.</span> <span class='ocrx_word' id='word_1_400' title='bbox 1589 627 1680 650; x_wconf 86' lang='lat' dir='ltr'>Servius</span> <span class='ocrx_word' id='word_1_401' title='bbox 1687 626 1713 650; x_wconf 87' lang='lat' dir='ltr'>ad</span> <span class='ocrx_word' id='word_1_402' title='bbox 1721 626 1885 654; x_wconf 81' lang='lat' dir='ltr'>lib.7.AEneid.</span> <span class='ocrx_word' id='word_1_403' title='bbox 1895 635 1917 653; x_wconf 84' lang='lat' dir='ltr'>v.</span> <span class='ocrx_word' id='word_1_404' title='bbox 1928 636 1982 656; x_wconf 80' lang='lat'>153.</span> 
     </span>
     <span class='ocr_line' id='line_1_47' title="bbox 1213 656 1656 688; baseline 0.005 -9"><span class='ocrx_word' id='word_1_405' title='bbox 1213 656 1495 681; x_wconf 80' lang='lat' dir='ltr'>Guntherusallufitlibro</span> <span class='ocrx_word' id='word_1_406' title='bbox 1506 665 1524 680; x_wconf 88' lang='lat'>1.</span> <span class='ocrx_word' id='word_1_407' title='bbox 1539 658 1656 688; x_wconf 86' lang='lat' dir='ltr'>Ligurini.</span> 
     </span>
    </p>

    <p class='ocr_par' dir='ltr' id='par_1_6' title="bbox 1211 688 1843 876">
     <span class='ocr_line' id='line_1_48' title="bbox 1275 688 1843 721; baseline 0.002 -10"><span class='ocrx_word' id='word_1_408' title='bbox 1275 690 1329 719; x_wconf 73' lang='lat' dir='ltr'>Ergo</span> <span class='ocrx_word' id='word_1_409' title='bbox 1343 688 1380 712; x_wconf 71' lang='lat' dir='ltr'>ubi</span> <span class='ocrx_word' id='word_1_410' title='bbox 1393 695 1455 712; x_wconf 75' lang='lat' dir='ltr'>tanta</span> <span class='ocrx_word' id='word_1_411' title='bbox 1464 695 1540 721; x_wconf 82' lang='lat' dir='ltr'>patres</span> <span class='ocrx_word' id='word_1_412' title='bbox 1552 690 1627 712; x_wconf 77' lang='lat' dir='ltr'>audire</span> <span class='ocrx_word' id='word_1_413' title='bbox 1639 688 1721 719; x_wconf 72' lang='lat' dir='ltr'>negotia</span> <span class='ocrx_word' id='word_1_414' title='bbox 1731 705 1738 715; x_wconf 74' lang='lat'>,</span> <span class='ocrx_word' id='word_1_415' title='bbox 1754 690 1843 721; x_wconf 79' lang='lat' dir='ltr'>dignum</span> 
     </span>
     <span class='ocr_line' id='line_1_49' title="bbox 1274 722 1731 752; baseline 0 -10"><span class='ocrx_word' id='word_1_416' title='bbox 1274 722 1371 748; x_wconf 71' lang='lat' dir='ltr'>Ins‘edcre</span> <span class='ocrx_word' id='word_1_417' title='bbox 1383 722 1454 743; x_wconf 65' lang='lat' dir='ltr'>luzum</span> <span class='ocrx_word' id='word_1_418' title='bbox 1467 722 1552 751; x_wconf 62' lang='lat' dir='ltr'>diversit</span> <span class='ocrx_word' id='word_1_419' title='bbox 1564 729 1643 752; x_wconf 79' lang='lat' dir='ltr'>magna</span> <span class='ocrx_word' id='word_1_420' title='bbox 1651 722 1731 751; x_wconf 73' lang='lat' dir='ltr'>favore</span> 
     </span>
     <span class='ocr_line' id='line_1_50' title="bbox 1277 752 1502 775; baseline 0.004 -1"><span class='ocrx_word' id='word_1_421' title='bbox 1277 753 1379 775; x_wconf 70' lang='lat' dir='ltr'>‘raudera</span> <span class='ocrx_word' id='word_1_422' title='bbox 1391 752 1502 775; x_wconf 63' lang='lat' dir='ltr'>librantem</span> 
     </span>
     <span class='ocr_line' id='line_1_51' title="bbox 1211 781 1571 808; baseline -0.003 -2"><span class='ocrx_word' id='word_1_423' title='bbox 1211 782 1334 808; x_wconf 76' lang='lat' dir='ltr'>claudian.</span> <span class='ocrx_word' id='word_1_424' title='bbox 1344 784 1372 807; x_wconf 90' lang='lat' dir='ltr'>de</span> <span class='ocrx_word' id='word_1_425' title='bbox 1380 788 1402 806; x_wconf 87' lang='lat'>6.</span> <span class='ocrx_word' id='word_1_426' title='bbox 1410 787 1465 807; x_wconf 82' lang='lat' dir='ltr'>Hon</span> <span class='ocrx_word' id='word_1_427' title='bbox 1481 781 1571 807; x_wconf 90' lang='lat' dir='ltr'>consul.</span> 
     </span>
     <span class='ocr_line' id='line_1_52' title="bbox 1316 817 1586 845; baseline 0 -8"><span class='ocrx_word' id='word_1_428' title='bbox 1316 829 1325 833; x_wconf 99' lang='lat'>-</span> <span class='ocrx_word' id='word_1_429' title='bbox 1360 829 1369 833; x_wconf 86' lang='lat'><em>—</em></span> <span class='ocrx_word' id='word_1_430' title='bbox 1386 817 1501 845; x_wconf 73' lang='lat' dir='ltr'>fulgentia</span> <span class='ocrx_word' id='word_1_431' title='bbox 1514 821 1586 838; x_wconf 76' lang='lat' dir='ltr'>recum</span> 
     </span>
     <span class='ocr_line' id='line_1_53' title="bbox 1253 843 1758 876; baseline 0.002 -7"><span class='ocrx_word' id='word_1_432' title='bbox 1253 852 1265 856; x_wconf 62' lang='grc'><strong>’</strong></span> <span class='ocrx_word' id='word_1_433' title='bbox 1278 843 1365 869; x_wconf 70' lang='lat' dir='ltr'>Colleffl</span> <span class='ocrx_word' id='word_1_434' title='bbox 1380 847 1489 870; x_wconf 73' lang='lat' dir='ltr'>trabeatus</span> <span class='ocrx_word' id='word_1_435' title='bbox 1502 847 1548 869; x_wconf 73' lang='lat' dir='ltr'>adit</span> <span class='ocrx_word' id='word_1_436' title='bbox 1561 845 1650 869; x_wconf 76' lang='lat' dir='ltr'>delubra</span> <span class='ocrx_word' id='word_1_437' title='bbox 1658 847 1758 876; x_wconf 61' lang='lat' dir='ltr'>senatus.</span> 
     </span>
    </p>

    <p class='ocr_par' dir='ltr' id='par_1_7' title="bbox 1210 877 1987 1098">
     <span class='ocr_line' id='line_1_54' title="bbox 1244 877 1984 909; baseline 0.004 -8"><span class='ocrx_word' id='word_1_438' title='bbox 1244 879 1335 901; x_wconf 83' lang='lat' dir='ltr'>Etcum</span> <span class='ocrx_word' id='word_1_439' title='bbox 1343 877 1462 902; x_wconf 88' lang='lat' dir='ltr'>summum</span> <span class='ocrx_word' id='word_1_440' title='bbox 1477 877 1530 901; x_wconf 80' lang='lat' dir='ltr'>effer</span> <span class='ocrx_word' id='word_1_441' title='bbox 1542 879 1633 901; x_wconf 86' lang='lat' dir='ltr'>crimen</span> <span class='ocrx_word' id='word_1_442' title='bbox 1643 895 1649 905; x_wconf 89' lang='lat'>‚</span> <span class='ocrx_word' id='word_1_443' title='bbox 1668 878 1797 902; x_wconf 83' lang='lat' dir='ltr'>senatorem</span> <span class='ocrx_word' id='word_1_444' title='bbox 1807 885 1856 901; x_wconf 89' lang='lat' dir='ltr'>non</span> <span class='ocrx_word' id='word_1_445' title='bbox 1870 878 1945 909; x_wconf 84' lang='lat' dir='ltr'>petito</span> <span class='ocrx_word' id='word_1_446' title='bbox 1958 880 1984 904; x_wconf 73' lang='grc' dir='ltr'>δε</span> 
     </span>
     <span class='ocr_line' id='line_1_55' title="bbox 1210 908 1987 937; baseline 0.003 -5"><span class='ocrx_word' id='word_1_447' title='bbox 1210 909 1319 933; x_wconf 84' lang='lat' dir='ltr'>concesso</span> <span class='ocrx_word' id='word_1_448' title='bbox 1331 916 1466 933; x_wconf 81' lang='lat' dir='ltr'>commeatu</span> <span class='ocrx_word' id='word_1_449' title='bbox 1478 908 1490 933; x_wconf 64' lang='lat' dir='ltr'>a</span> <span class='ocrx_word' id='word_1_450' title='bbox 1503 910 1564 933; x_wconf 75' lang='lat' dir='ltr'>cutia</span> <span class='ocrx_word' id='word_1_451' title='bbox 1578 908 1664 937; x_wconf 79' lang='lat' dir='ltr'>abesse,</span> <span class='ocrx_word' id='word_1_452' title='bbox 1681 916 1706 933; x_wconf 81' lang='lat' dir='ltr'>ut</span> <span class='ocrx_word' id='word_1_453' title='bbox 1719 917 1747 933; x_wconf 81' lang='lat' dir='ltr'>ex</span> <span class='ocrx_word' id='word_1_454' title='bbox 1762 911 1791 933; x_wconf 94' lang='lat' dir='ltr'>C.</span> <span class='ocrx_word' id='word_1_455' title='bbox 1800 911 1882 933; x_wconf 80' lang='lat' dir='ltr'>Tacito</span> <span class='ocrx_word' id='word_1_456' title='bbox 1891 911 1915 934; x_wconf 82' lang='lat' dir='ltr'>in</span> <span class='ocrx_word' id='word_1_457' title='bbox 1922 919 1987 935; x_wconf 79' lang='lat' dir='ltr'>accu-</span> 
     </span>
     <span class='ocr_line' id='line_1_56' title="bbox 1212 939 1986 969; baseline 0.003 -5"><span class='ocrx_word' id='word_1_458' title='bbox 1212 939 1300 965; x_wconf 79' lang='lat' dir='ltr'>satione</span> <span class='ocrx_word' id='word_1_459' title='bbox 1308 941 1411 965; x_wconf 73' lang='lat' dir='ltr'>Thraseae</span> <span class='ocrx_word' id='word_1_460' title='bbox 1424 942 1491 969; x_wconf 67' lang='lat' dir='ltr'>eri,</span> <span class='ocrx_word' id='word_1_461' title='bbox 1511 942 1534 964; x_wconf 72' lang='grc' dir='ltr'>ὅ(</span> <span class='ocrx_word' id='word_1_462' title='bbox 1546 944 1616 964; x_wconf 75' lang='lat' dir='ltr'>Barea:</span> <span class='ocrx_word' id='word_1_463' title='bbox 1629 942 1708 965; x_wconf 86' lang='lat' dir='ltr'>Sorani</span> <span class='ocrx_word' id='word_1_464' title='bbox 1720 941 1762 965; x_wconf 91' lang='lat' dir='ltr'>lib.</span> <span class='ocrx_word' id='word_1_465' title='bbox 1773 946 1807 965; x_wconf 78' lang='lat'>16.</span> <span class='ocrx_word' id='word_1_466' title='bbox 1820 943 1905 966; x_wconf 85' lang='lat' dir='ltr'>Annal.</span> <span class='ocrx_word' id='word_1_467' title='bbox 1917 943 1986 966; x_wconf 88' lang='lat' dir='ltr'>colli-</span> 
     </span>
     <span class='ocr_line' id='line_1_57' title="bbox 1213 972 1985 1005; baseline -0.001 -9"><span class='ocrx_word' id='word_1_468' title='bbox 1213 972 1288 1001; x_wconf 71' lang='lat' dir='ltr'>gitur,</span> <span class='ocrx_word' id='word_1_469' title='bbox 1298 974 1327 996; x_wconf 77' lang='lat' dir='ltr'>ita</span> <span class='ocrx_word' id='word_1_470' title='bbox 1335 975 1394 996; x_wconf 76' lang='lat' dir='ltr'>ultra</span> <span class='ocrx_word' id='word_1_471' title='bbox 1401 982 1482 996; x_wconf 83' lang='lat' dir='ltr'>annum</span> <span class='ocrx_word' id='word_1_472' title='bbox 1489 973 1648 1003; x_wconf 63' lang='lat' dir='ltr'>sexagesimum</span> <span class='ocrx_word' id='word_1_473' title='bbox 1656 979 1784 1005; x_wconf 74' lang='lat' dir='ltr'>nonpoterat</span> <span class='ocrx_word' id='word_1_474' title='bbox 1790 975 1834 1004; x_wconf 81' lang='lat' dir='ltr'>cogi</span> <span class='ocrx_word' id='word_1_475' title='bbox 1842 975 1927 1002; x_wconf 78' lang='lat' dir='ltr'>senator</span> <span class='ocrx_word' id='word_1_476' title='bbox 1934 990 1939 998; x_wconf 84' lang='lat'>.</span> <span class='ocrx_word' id='word_1_477' title='bbox 1959 979 1985 997; x_wconf 72' lang='lat' dir='ltr'>ut</span> 
     </span>
     <span class='ocr_line' id='line_1_58' title="bbox 1213 1003 1985 1036; baseline 0.005 -11"><span class='ocrx_word' id='word_1_478' title='bbox 1213 1012 1235 1025; x_wconf 84' lang='lat' dir='ltr'>m</span> <span class='ocrx_word' id='word_1_479' title='bbox 1242 1004 1342 1032; x_wconf 74' lang='lat' dir='ltr'>senatum</span> <span class='ocrx_word' id='word_1_480' title='bbox 1350 1007 1443 1028; x_wconf 75' lang='lat' dir='ltr'>veniret.</span> <span class='ocrx_word' id='word_1_481' title='bbox 1460 1003 1625 1028; x_wconf 81' lang='lat' dir='ltr'>L.Senecalib.</span> <span class='ocrx_word' id='word_1_482' title='bbox 1634 1004 1663 1028; x_wconf 89' lang='lat' dir='ltr'>de</span> <span class='ocrx_word' id='word_1_483' title='bbox 1669 1005 1754 1028; x_wconf 84' lang='lat' dir='ltr'>Brevit.</span> <span class='ocrx_word' id='word_1_484' title='bbox 1763 1004 1814 1027; x_wconf 78' lang='lat' dir='ltr'>vita:</span> <span class='ocrx_word' id='word_1_485' title='bbox 1821 1011 1868 1036; x_wconf 87' lang='lat' dir='ltr'>cap.</span> <span class='ocrx_word' id='word_1_486' title='bbox 1876 1006 1919 1029; x_wconf 86' lang='lat' dir='ltr'>ult.</span> <span class='ocrx_word' id='word_1_487' title='bbox 1930 1006 1985 1029; x_wconf 89' lang='lat' dir='ltr'>licet</span> 
     </span>
     <span class='ocr_line' id='line_1_59' title="bbox 1213 1035 1983 1071; baseline 0.006 -14"><span class='ocrx_word' id='word_1_488' title='bbox 1213 1035 1256 1071; x_wconf 73' lang='lat' dir='ltr'>alii</span> <span class='ocrx_word' id='word_1_489' title='bbox 1268 1042 1361 1067; x_wconf 84' lang='lat' dir='ltr'>tempus</span> <span class='ocrx_word' id='word_1_490' title='bbox 1374 1037 1500 1061; x_wconf 77' lang='lat' dir='ltr'>vacationis</span> <span class='ocrx_word' id='word_1_491' title='bbox 1518 1036 1655 1067; x_wconf 83' lang='lat' dir='ltr'>legitimum</span> <span class='ocrx_word' id='word_1_492' title='bbox 1670 1036 1799 1069; x_wconf 72' lang='lat' dir='ltr'>pratfiniant</span> <span class='ocrx_word' id='word_1_493' title='bbox 1814 1036 1983 1069; x_wconf 72' lang='lat' dir='ltr'>sexagesimum</span> 
     </span>
     <span class='ocr_line' id='line_1_60' title="bbox 1215 1073 1338 1098; baseline 0.016 -8"><span class='ocrx_word' id='word_1_494' title='bbox 1215 1073 1338 1098; x_wconf 81' lang='lat' dir='ltr'>quintum.</span> 
     </span>
    </p>
   </div>
   <div class='ocr_carea' id='block_1_5' title="bbox 2058 195 2075 1000">
    <p class='ocr_par' dir='ltr' id='par_1_8' title="bbox 2058 195 2075 1000">
     <span class='ocr_line' id='line_1_61' title="bbox 2058 195 2075 1000; baseline 0 0"><span class='ocrx_word' id='word_1_495' title='bbox 2058 195 2075 1000; x_wconf 95' lang='lat' dir='ltr'> </span> 
     </span>
    </p>
   </div>
   <div class='ocr_carea' id='block_1_6' title="bbox 1065 1136 1337 1166">
    <p class='ocr_par' dir='ltr' id='par_1_9' title="bbox 1065 1136 1337 1166">
     <span class='ocr_line' id='line_1_62' title="bbox 1065 1136 1337 1166; baseline 0.011 -3"><span class='ocrx_word' id='word_1_496' title='bbox 1065 1136 1212 1164; x_wconf 69' lang='lat' dir='ltr'>CAP.</span> <span class='ocrx_word' id='word_1_497' title='bbox 1269 1138 1337 1166; x_wconf 88' lang='lat' dir='ltr'>VI.</span> 
     </span>
    </p>
   </div>
   <div class='ocr_carea' id='block_1_7' title="bbox 481 1194 1900 1294">
    <p class='ocr_par' dir='ltr' id='par_1_10' title="bbox 481 1194 1900 1294">
     <span class='ocr_line' id='line_1_63' title="bbox 481 1194 1900 1245; baseline 0.001 -14"><span class='ocrx_word' id='word_1_498' title='bbox 481 1220 483 1222; x_wconf 37' lang='lat' dir='ltr'>v</span> <span class='ocrx_word' id='word_1_499' title='bbox 503 1198 556 1231; x_wconf 87' lang='lat' dir='ltr'>De</span> <span class='ocrx_word' id='word_1_500' title='bbox 567 1197 693 1244; x_wconf 59' lang='lat' dir='ltr'>senatu,</span> <span class='ocrx_word' id='word_1_501' title='bbox 719 1200 766 1229; x_wconf 60' lang='grc' dir='ltr'>(θ’</span> <span class='ocrx_word' id='word_1_502' title='bbox 783 1194 846 1240; x_wconf 80' lang='lat' dir='ltr'>ejus</span> <span class='ocrx_word' id='word_1_503' title='bbox 858 1194 1020 1244; x_wconf 75' lang='lat' dir='ltr'>potestate,</span> <span class='ocrx_word' id='word_1_504' title='bbox 1045 1198 1118 1229; x_wconf 85' lang='lat' dir='ltr'>item</span> <span class='ocrx_word' id='word_1_505' title='bbox 1132 1205 1186 1243; x_wconf 84' lang='lat' dir='ltr'>per</span> <span class='ocrx_word' id='word_1_506' title='bbox 1200 1208 1272 1242; x_wconf 81' lang='lat' dir='ltr'>quos</span> <span class='ocrx_word' id='word_1_507' title='bbox 1288 1199 1369 1230; x_wconf 71' lang='lat' dir='ltr'>n&#39;iore</span> <span class='ocrx_word' id='word_1_508' title='bbox 1386 1199 1536 1244; x_wconf 81' lang='lat' dir='ltr'>majorum</span> <span class='ocrx_word' id='word_1_509' title='bbox 1554 1222 1564 1239; x_wconf 93' lang='lat'><strong>,</strong></span> <span class='ocrx_word' id='word_1_510' title='bbox 1590 1211 1646 1245; x_wconf 86' lang='lat' dir='ltr'>quo</span> <span class='ocrx_word' id='word_1_511' title='bbox 1663 1199 1726 1232; x_wconf 87' lang='lat' dir='ltr'>loco</span> <span class='ocrx_word' id='word_1_512' title='bbox 1742 1222 1752 1239; x_wconf 91' lang='lat'>‚</span> <span class='ocrx_word' id='word_1_513' title='bbox 1780 1204 1827 1232; x_wconf 71' lang='lat'>&lt;7⁴</span> <span class='ocrx_word' id='word_1_514' title='bbox 1843 1210 1900 1245; x_wconf 82' lang='lat' dir='ltr'>quo</span> 
     </span>
     <span class='ocr_line' id='line_1_64' title="bbox 935 1243 1460 1294; baseline 0.004 -17"><span class='ocrx_word' id='word_1_515' title='bbox 935 1253 1065 1294; x_wconf 82' lang='lat' dir='ltr'>tempore</span> <span class='ocrx_word' id='word_1_516' title='bbox 1071 1245 1194 1290; x_wconf 82' lang='lat' dir='ltr'>senatus</span> <span class='ocrx_word' id='word_1_517' title='bbox 1212 1243 1334 1279; x_wconf 82' lang='lat' dir='ltr'>habitus</span> <span class='ocrx_word' id='word_1_518' title='bbox 1351 1247 1460 1292; x_wconf 84' lang='lat' dir='ltr'>fuerit.</span> 
     </span>
    </p>
   </div>
   <div class='ocr_carea' id='block_1_8' title="bbox 399 1323 1988 2380">
    <p class='ocr_par' dir='ltr' id='par_1_11' title="bbox 399 1323 1988 2380">
     <span class='ocr_line' id='line_1_65' title="bbox 405 1323 1986 1384; baseline 0.001 -31"><span class='ocrx_word' id='word_1_519' title='bbox 405 1324 545 1384; x_wconf 83' lang='lat' dir='ltr'>Totum</span> <span class='ocrx_word' id='word_1_520' title='bbox 560 1324 623 1354; x_wconf 83' lang='lat' dir='ltr'>illud</span> <span class='ocrx_word' id='word_1_521' title='bbox 637 1325 790 1354; x_wconf 83' lang='lat' dir='ltr'>senatorum</span> <span class='ocrx_word' id='word_1_522' title='bbox 806 1325 967 1364; x_wconf 77' lang='lat' dir='ltr'>collegium,</span> <span class='ocrx_word' id='word_1_523' title='bbox 988 1324 1042 1352; x_wconf 88' lang='lat' dir='ltr'>five</span> <span class='ocrx_word' id='word_1_524' title='bbox 1056 1323 1216 1355; x_wconf 84' lang='lat' dir='ltr'>concilium,</span> <span class='ocrx_word' id='word_1_525' title='bbox 1230 1325 1337 1359; x_wconf 64' lang='lat' dir='ltr'>senatus</span> <span class='ocrx_word' id='word_1_526' title='bbox 1351 1325 1436 1353; x_wconf 59' lang='lat' dir='ltr'>dierus</span> <span class='ocrx_word' id='word_1_527' title='bbox 1450 1326 1500 1358; x_wconf 85' lang='lat' dir='ltr'>est,</span> <span class='ocrx_word' id='word_1_528' title='bbox 1522 1326 1601 1362; x_wconf 56' lang='lat' dir='ltr'>cujus„</span> <span class='ocrx_word' id='word_1_529' title='bbox 1611 1335 1668 1364; x_wconf 76' lang='lat' dir='ltr'>quae</span> <span class='ocrx_word' id='word_1_530' title='bbox 1681 1326 1761 1354; x_wconf 86' lang='lat' dir='ltr'>fuerit</span> <span class='ocrx_word' id='word_1_531' title='bbox 1774 1325 1903 1361; x_wconf 72' lang='lat' dir='ltr'>potestas,</span> <span class='ocrx_word' id='word_1_532' title='bbox 1923 1334 1986 1363; x_wconf 85' lang='lat' dir='ltr'>pau-</span> 
     </span>
     <span class='ocr_line' id='line_1_66' title="bbox 490 1362 1986 1405; baseline 0 -12"><span class='ocrx_word' id='word_1_533' title='bbox 490 1365 526 1393; x_wconf 88' lang='lat' dir='ltr'>cis</span> <span class='ocrx_word' id='word_1_534' title='bbox 540 1365 638 1392; x_wconf 85' lang='lat' dir='ltr'>indicat</span> <span class='ocrx_word' id='word_1_535' title='bbox 650 1362 780 1405; x_wconf 75' lang='lat' dir='ltr'>Dionyfius</span> <span class='ocrx_word' id='word_1_536' title='bbox 794 1364 839 1392; x_wconf 84' lang='lat' dir='ltr'>lib.</span> <span class='ocrx_word' id='word_1_537' title='bbox 849 1375 873 1392; x_wconf 89' lang='lat'>2.</span> <span class='ocrx_word' id='word_1_538' title='bbox 887 1363 1025 1400; x_wconf 81' lang='lat' dir='ltr'>inquiens,</span> <span class='ocrx_word' id='word_1_539' title='bbox 1045 1362 1154 1390; x_wconf 80' lang='lat' dir='ltr'>Senatui</span> <span class='ocrx_word' id='word_1_540' title='bbox 1165 1363 1325 1399; x_wconf 68' lang='lat' dir='ltr'>dignitatem</span> <span class='ocrx_word' id='word_1_541' title='bbox 1343 1373 1373 1391; x_wconf 83' lang='lat' dir='ltr'>ac</span> <span class='ocrx_word' id='word_1_542' title='bbox 1385 1364 1545 1399; x_wconf 84' lang='lat' dir='ltr'>potestatem</span> <span class='ocrx_word' id='word_1_543' title='bbox 1560 1374 1620 1392; x_wconf 91' lang='lat' dir='ltr'>eam</span> <span class='ocrx_word' id='word_1_544' title='bbox 1635 1365 1736 1392; x_wconf 86' lang='lat' dir='ltr'>addidit</span> <span class='ocrx_word' id='word_1_545' title='bbox 1752 1364 1889 1396; x_wconf 75' lang='lat' dir='ltr'>Romulus,</span> <span class='ocrx_word' id='word_1_546' title='bbox 1909 1372 1939 1393; x_wconf 89' lang='lat' dir='ltr'>ut</span> <span class='ocrx_word' id='word_1_547' title='bbox 1953 1365 1986 1392; x_wconf 90' lang='lat' dir='ltr'>de</span> 
     </span>
     <span class='ocr_line' id='line_1_67' title="bbox 406 1401 1987 1440; baseline -0.003 -10"><span class='ocrx_word' id='word_1_548' title='bbox 406 1403 438 1430; x_wconf 80' lang='lat' dir='ltr'>iis</span> <span class='ocrx_word' id='word_1_549' title='bbox 450 1403 483 1431; x_wconf 91' lang='lat' dir='ltr'>de</span> <span class='ocrx_word' id='word_1_550' title='bbox 498 1402 593 1440; x_wconf 87' lang='lat' dir='ltr'>quibus</span> <span class='ocrx_word' id='word_1_551' title='bbox 606 1402 619 1429; x_wconf 73' lang='lat' dir='ltr'>a</span> <span class='ocrx_word' id='word_1_552' title='bbox 634 1404 710 1440; x_wconf 86' lang='lat' dir='ltr'>Rege</span> <span class='ocrx_word' id='word_1_553' title='bbox 723 1404 754 1430; x_wconf 87' lang='lat' dir='ltr'>ad</span> <span class='ocrx_word' id='word_1_554' title='bbox 770 1402 855 1439; x_wconf 89' lang='lat' dir='ltr'>ipsum</span> <span class='ocrx_word' id='word_1_555' title='bbox 870 1402 985 1429; x_wconf 83' lang='lat' dir='ltr'>relatum</span> <span class='ocrx_word' id='word_1_556' title='bbox 1001 1401 1062 1428; x_wconf 72' lang='lat' dir='ltr'>esset</span> <span class='ocrx_word' id='word_1_557' title='bbox 1077 1402 1201 1429; x_wconf 80' lang='lat' dir='ltr'>decernat</span> <span class='ocrx_word' id='word_1_558' title='bbox 1214 1421 1221 1431; x_wconf 88' lang='lat'>,</span> <span class='ocrx_word' id='word_1_559' title='bbox 1245 1403 1272 1429; x_wconf 70' lang='lat'>8:</span> <span class='ocrx_word' id='word_1_560' title='bbox 1291 1401 1359 1430; x_wconf 84' lang='lat' dir='ltr'>ferat</span> <span class='ocrx_word' id='word_1_561' title='bbox 1372 1401 1526 1434; x_wconf 57' lang='lat' dir='ltr'>calculum}</span> <span class='ocrx_word' id='word_1_562' title='bbox 1548 1404 1583 1431; x_wconf 86' lang='lat' dir='ltr'>ita</span> <span class='ocrx_word' id='word_1_563' title='bbox 1599 1424 1607 1435; x_wconf 93' lang='lat'>,</span> <span class='ocrx_word' id='word_1_564' title='bbox 1626 1410 1656 1431; x_wconf 90' lang='lat' dir='ltr'>ut</span> <span class='ocrx_word' id='word_1_565' title='bbox 1669 1403 1773 1439; x_wconf 85' lang='lat' dir='ltr'>semper</span> <span class='ocrx_word' id='word_1_566' title='bbox 1784 1401 1903 1437; x_wconf 86' lang='lat' dir='ltr'>plurium</span> <span class='ocrx_word' id='word_1_567' title='bbox 1917 1403 1987 1431; x_wconf 77' lang='lat' dir='ltr'>obti-</span> 
     </span>
     <span class='ocr_line' id='line_1_68' title="bbox 404 1439 1987 1476; baseline 0 -8"><span class='ocrx_word' id='word_1_568' title='bbox 404 1448 467 1469; x_wconf 85' lang='lat' dir='ltr'>neat</span> <span class='ocrx_word' id='word_1_569' title='bbox 482 1441 623 1472; x_wconf 82' lang='lat' dir='ltr'>sententia,</span> <span class='ocrx_word' id='word_1_570' title='bbox 645 1442 671 1468; x_wconf 77' lang='lat' dir='ltr'>&amp;z</span> <span class='ocrx_word' id='word_1_571' title='bbox 686 1441 723 1468; x_wconf 82' lang='lat' dir='ltr'>ita</span> <span class='ocrx_word' id='word_1_572' title='bbox 733 1441 837 1475; x_wconf 60' lang='lat' dir='ltr'>senatus</span> <span class='ocrx_word' id='word_1_573' title='bbox 850 1447 906 1468; x_wconf 83' lang='lat' dir='ltr'>erat</span> <span class='ocrx_word' id='word_1_574' title='bbox 920 1439 1034 1476; x_wconf 83' lang='lat' dir='ltr'>potestas</span> <span class='ocrx_word' id='word_1_575' title='bbox 1049 1439 1076 1465; x_wconf 91' lang='lat' dir='ltr'>in</span> <span class='ocrx_word' id='word_1_576' title='bbox 1091 1439 1205 1476; x_wconf 83' lang='lat' dir='ltr'>negotiis</span> <span class='ocrx_word' id='word_1_577' title='bbox 1218 1440 1251 1466; x_wconf 85' lang='lat' dir='ltr'>ad</span> <span class='ocrx_word' id='word_1_578' title='bbox 1265 1439 1397 1475; x_wconf 85' lang='lat' dir='ltr'>rempubl.</span> <span class='ocrx_word' id='word_1_579' title='bbox 1412 1441 1605 1476; x_wconf 84' lang='lat' dir='ltr'>pertinentibus</span> <span class='ocrx_word' id='word_1_580' title='bbox 1618 1460 1626 1472; x_wconf 92' lang='lat'>,</span> <span class='ocrx_word' id='word_1_581' title='bbox 1648 1443 1675 1469; x_wconf 57' lang='grc' dir='ltr'>ὃς</span> <span class='ocrx_word' id='word_1_582' title='bbox 1689 1441 1740 1467; x_wconf 84' lang='lat' dir='ltr'>alio</span> <span class='ocrx_word' id='word_1_583' title='bbox 1751 1439 1813 1467; x_wconf 86' lang='lat' dir='ltr'>loco</span> <span class='ocrx_word' id='word_1_584' title='bbox 1825 1439 1933 1472; x_wconf 84' lang='lat' dir='ltr'>scribit,</span> <span class='ocrx_word' id='word_1_585' title='bbox 1954 1440 1987 1468; x_wconf 86' lang='lat' dir='ltr'>li-</span> 
     </span>
     <span class='ocr_line' id='line_1_69' title="bbox 403 1475 1987 1516; baseline -0.001 -10"><span class='ocrx_word' id='word_1_586' title='bbox 403 1478 455 1506; x_wconf 91' lang='lat' dir='ltr'>bro</span> <span class='ocrx_word' id='word_1_587' title='bbox 469 1483 495 1507; x_wconf 90' lang='lat'>6.</span> <span class='ocrx_word' id='word_1_588' title='bbox 511 1479 601 1516; x_wconf 88' lang='lat' dir='ltr'>legem</span> <span class='ocrx_word' id='word_1_589' title='bbox 614 1477 719 1516; x_wconf 86' lang='lat' dir='ltr'>semper</span> <span class='ocrx_word' id='word_1_590' title='bbox 732 1479 764 1506; x_wconf 87' lang='lat' dir='ltr'>ab</span> <span class='ocrx_word' id='word_1_591' title='bbox 779 1479 853 1506; x_wconf 85' lang='lat' dir='ltr'>Urbe</span> <span class='ocrx_word' id='word_1_592' title='bbox 867 1478 975 1506; x_wconf 80' lang='lat' dir='ltr'>condita</span> <span class='ocrx_word' id='word_1_593' title='bbox 989 1475 1063 1505; x_wconf 83' lang='lat' dir='ltr'>fuisse</span> <span class='ocrx_word' id='word_1_594' title='bbox 1082 1479 1178 1504; x_wconf 84' lang='lat' dir='ltr'>Romae</span> <span class='ocrx_word' id='word_1_595' title='bbox 1194 1484 1223 1505; x_wconf 91' lang='lat' dir='ltr'>ut</span> <span class='ocrx_word' id='word_1_596' title='bbox 1236 1476 1382 1513; x_wconf 86' lang='lat' dir='ltr'>respublica</span> <span class='ocrx_word' id='word_1_597' title='bbox 1397 1479 1487 1505; x_wconf 89' lang='lat' dir='ltr'>omnis</span> <span class='ocrx_word' id='word_1_598' title='bbox 1501 1480 1528 1506; x_wconf 90' lang='lat' dir='ltr'>in</span> <span class='ocrx_word' id='word_1_599' title='bbox 1541 1479 1670 1515; x_wconf 86' lang='lat' dir='ltr'>potestate</span> <span class='ocrx_word' id='word_1_600' title='bbox 1674 1479 1781 1512; x_wconf 68' lang='lat' dir='ltr'>anams</span> <span class='ocrx_word' id='word_1_601' title='bbox 1794 1477 1871 1509; x_wconf 80' lang='lat' dir='ltr'>esset,</span> <span class='ocrx_word' id='word_1_602' title='bbox 1892 1485 1987 1514; x_wconf 82' lang='lat' dir='ltr'>praeter</span> 
     </span>
     <span class='ocr_line' id='line_1_70' title="bbox 405 1514 1985 1553; baseline 0.001 -10"><span class='ocrx_word' id='word_1_603' title='bbox 405 1517 609 1553; x_wconf 80' lang='lat' dir='ltr'>magistratuum</span> <span class='ocrx_word' id='word_1_604' title='bbox 623 1517 804 1548; x_wconf 83' lang='lat' dir='ltr'>creationem,</span> <span class='ocrx_word' id='word_1_605' title='bbox 823 1516 915 1553; x_wconf 84' lang='lat' dir='ltr'>legum</span> <span class='ocrx_word' id='word_1_606' title='bbox 929 1515 1056 1542; x_wconf 85' lang='lat' dir='ltr'>lationem</span> <span class='ocrx_word' id='word_1_607' title='bbox 1066 1535 1073 1546; x_wconf 91' lang='lat'>‚</span> <span class='ocrx_word' id='word_1_608' title='bbox 1093 1517 1120 1543; x_wconf 71' lang='grc' dir='ltr'>δε</span> <span class='ocrx_word' id='word_1_609' title='bbox 1134 1514 1196 1542; x_wconf 93' lang='lat' dir='ltr'>belli</span> <span class='ocrx_word' id='word_1_610' title='bbox 1211 1515 1314 1550; x_wconf 87' lang='lat' dir='ltr'>pacisve</span> <span class='ocrx_word' id='word_1_611' title='bbox 1327 1515 1476 1543; x_wconf 86' lang='lat' dir='ltr'>arbitrium.</span> <span class='ocrx_word' id='word_1_612' title='bbox 1516 1515 1628 1553; x_wconf 59' lang='lat' dir='ltr'>Pogybius</span> <span class='ocrx_word' id='word_1_613' title='bbox 1643 1525 1708 1543; x_wconf 88' lang='lat' dir='ltr'>vero</span> <span class='ocrx_word' id='word_1_614' title='bbox 1730 1515 1799 1542; x_wconf 91' lang='lat' dir='ltr'>libro</span> <span class='ocrx_word' id='word_1_615' title='bbox 1821 1518 1846 1542; x_wconf 91' lang='lat'>6.</span> <span class='ocrx_word' id='word_1_616' title='bbox 1866 1515 1985 1552; x_wconf 87' lang='lat' dir='ltr'>pluribus</span> 
     </span>
     <span class='ocr_line' id='line_1_71' title="bbox 405 1551 1986 1590; baseline -0.001 -9"><span class='ocrx_word' id='word_1_617' title='bbox 405 1563 466 1581; x_wconf 87' lang='lat' dir='ltr'>eam</span> <span class='ocrx_word' id='word_1_618' title='bbox 472 1554 577 1588; x_wconf 55' lang='lat' dir='ltr'>senatus</span> <span class='ocrx_word' id='word_1_619' title='bbox 594 1554 754 1589; x_wconf 86' lang='lat' dir='ltr'>potestatem</span> <span class='ocrx_word' id='word_1_620' title='bbox 769 1555 893 1590; x_wconf 90' lang='lat' dir='ltr'>exponit,</span> <span class='ocrx_word' id='word_1_621' title='bbox 914 1553 989 1588; x_wconf 87' lang='lat' dir='ltr'>cujus</span> <span class='ocrx_word' id='word_1_622' title='bbox 1003 1551 1083 1579; x_wconf 84' lang='lat' dir='ltr'>verba</span> <span class='ocrx_word' id='word_1_623' title='bbox 1097 1552 1156 1580; x_wconf 86' lang='lat' dir='ltr'>sunt</span> <span class='ocrx_word' id='word_1_624' title='bbox 1170 1553 1238 1580; x_wconf 79' lang='lat' dir='ltr'>haec:</span> <span class='ocrx_word' id='word_1_625' title='bbox 1260 1557 1370 1580; x_wconf 70' lang='lat' dir='ltr'>Senatus</span> <span class='ocrx_word' id='word_1_626' title='bbox 1376 1554 1498 1589; x_wconf 89' lang='lat' dir='ltr'>primum</span> <span class='ocrx_word' id='word_1_627' title='bbox 1507 1554 1756 1590; x_wconf 81' lang='lat' dir='ltr'>aerariipotestatem</span> <span class='ocrx_word' id='word_1_628' title='bbox 1770 1553 1856 1580; x_wconf 79' lang='lat' dir='ltr'>habet.</span> <span class='ocrx_word' id='word_1_629' title='bbox 1876 1555 1986 1582; x_wconf 86' lang='lat' dir='ltr'>Etenim</span> 
     </span>
     <span class='ocr_line' id='line_1_72' title="bbox 406 1590 1987 1630; baseline -0.001 -10"><span class='ocrx_word' id='word_1_630' title='bbox 406 1593 434 1620; x_wconf 84' lang='lat' dir='ltr'>in</span> <span class='ocrx_word' id='word_1_631' title='bbox 447 1592 524 1627; x_wconf 86' lang='lat' dir='ltr'>ipfius</span> <span class='ocrx_word' id='word_1_632' title='bbox 536 1591 645 1619; x_wconf 86' lang='lat' dir='ltr'>arbitrio</span> <span class='ocrx_word' id='word_1_633' title='bbox 659 1591 717 1619; x_wconf 89' lang='lat' dir='ltr'>sunt</span> <span class='ocrx_word' id='word_1_634' title='bbox 732 1594 757 1620; x_wconf 66' lang='grc' dir='ltr'>ὅ(</span> <span class='ocrx_word' id='word_1_635' title='bbox 771 1593 870 1620; x_wconf 85' lang='lat' dir='ltr'>reditus</span> <span class='ocrx_word' id='word_1_636' title='bbox 883 1593 910 1619; x_wconf 68' lang='grc' dir='ltr'>δε</span> <span class='ocrx_word' id='word_1_637' title='bbox 924 1590 1053 1626; x_wconf 84' lang='lat' dir='ltr'>sumptus.</span> <span class='ocrx_word' id='word_1_638' title='bbox 1074 1592 1172 1627; x_wconf 88' lang='lat' dir='ltr'>Neque</span> <span class='ocrx_word' id='word_1_639' title='bbox 1186 1591 1260 1618; x_wconf 90' lang='lat' dir='ltr'>enim</span> <span class='ocrx_word' id='word_1_640' title='bbox 1274 1590 1426 1630; x_wconf 65' lang='lat' dir='ltr'>questoribus</span> <span class='ocrx_word' id='word_1_641' title='bbox 1439 1602 1473 1619; x_wconf 88' lang='lat' dir='ltr'>ne</span> <span class='ocrx_word' id='word_1_642' title='bbox 1488 1593 1521 1619; x_wconf 80' lang='lat' dir='ltr'>ad</span> <span class='ocrx_word' id='word_1_643' title='bbox 1537 1592 1708 1628; x_wconf 83' lang='lat' dir='ltr'>particulares</span> <span class='ocrx_word' id='word_1_644' title='bbox 1723 1591 1835 1627; x_wconf 89' lang='lat' dir='ltr'>quidem</span> <span class='ocrx_word' id='word_1_645' title='bbox 1851 1590 1926 1622; x_wconf 88' lang='lat' dir='ltr'>usus,</span> <span class='ocrx_word' id='word_1_646' title='bbox 1947 1592 1987 1619; x_wconf 84' lang='lat' dir='ltr'>in-</span> 
     </span>
     <span class='ocr_line' id='line_1_73' title="bbox 405 1628 1987 1667; baseline 0 -9"><span class='ocrx_word' id='word_1_647' title='bbox 405 1637 514 1667; x_wconf 85' lang='lat' dir='ltr'>tegrum</span> <span class='ocrx_word' id='word_1_648' title='bbox 529 1630 566 1657; x_wconf 90' lang='lat' dir='ltr'>est</span> <span class='ocrx_word' id='word_1_649' title='bbox 578 1629 676 1666; x_wconf 85' lang='lat' dir='ltr'>aliquid</span> <span class='ocrx_word' id='word_1_650' title='bbox 691 1631 855 1666; x_wconf 83' lang='lat' dir='ltr'>expendere,</span> <span class='ocrx_word' id='word_1_651' title='bbox 877 1629 930 1655; x_wconf 87' lang='lat' dir='ltr'>fine</span> <span class='ocrx_word' id='word_1_652' title='bbox 944 1628 1063 1664; x_wconf 74' lang='lat' dir='ltr'>ipsorum</span> <span class='ocrx_word' id='word_1_653' title='bbox 1080 1629 1204 1661; x_wconf 88' lang='lat' dir='ltr'>decreto,</span> <span class='ocrx_word' id='word_1_654' title='bbox 1226 1629 1274 1657; x_wconf 76' lang='lat' dir='ltr'>nisi</span> <span class='ocrx_word' id='word_1_655' title='bbox 1289 1630 1315 1656; x_wconf 88' lang='lat' dir='ltr'>in</span> <span class='ocrx_word' id='word_1_656' title='bbox 1328 1630 1441 1664; x_wconf 79' lang='lat' dir='ltr'>Canficles</span> <span class='ocrx_word' id='word_1_657' title='bbox 1456 1636 1575 1657; x_wconf 81' lang='lat' dir='ltr'>tantum:</span> <span class='ocrx_word' id='word_1_658' title='bbox 1596 1628 1749 1657; x_wconf 88' lang='lat' dir='ltr'>universalis</span> <span class='ocrx_word' id='word_1_659' title='bbox 1764 1637 1843 1659; x_wconf 86' lang='lat' dir='ltr'>vero,</span> <span class='ocrx_word' id='word_1_660' title='bbox 1864 1637 1895 1655; x_wconf 87' lang='lat' dir='ltr'>ae</span> <span class='ocrx_word' id='word_1_661' title='bbox 1903 1630 1987 1658; x_wconf 85' lang='lat' dir='ltr'>maxi-</span> 
     </span>
     <span class='ocr_line' id='line_1_74' title="bbox 406 1666 1987 1705; baseline -0.001 -9"><span class='ocrx_word' id='word_1_662' title='bbox 406 1677 468 1696; x_wconf 88' lang='lat' dir='ltr'>mus</span> <span class='ocrx_word' id='word_1_663' title='bbox 482 1667 590 1704; x_wconf 86' lang='lat' dir='ltr'>quisque</span> <span class='ocrx_word' id='word_1_664' title='bbox 604 1667 737 1705; x_wconf 90' lang='lat' dir='ltr'>sumptus,</span> <span class='ocrx_word' id='word_1_665' title='bbox 758 1667 847 1705; x_wconf 83' lang='lat' dir='ltr'>quales</span> <span class='ocrx_word' id='word_1_666' title='bbox 856 1667 1014 1703; x_wconf 85' lang='lat' dir='ltr'>plerumque</span> <span class='ocrx_word' id='word_1_667' title='bbox 1028 1666 1153 1705; x_wconf 65' lang='lat' dir='ltr'>questores</span> <span class='ocrx_word' id='word_1_668' title='bbox 1165 1667 1193 1695; x_wconf 89' lang='lat' dir='ltr'>in</span> <span class='ocrx_word' id='word_1_669' title='bbox 1207 1667 1274 1695; x_wconf 81' lang='lat' dir='ltr'>sarta</span> <span class='ocrx_word' id='word_1_670' title='bbox 1287 1668 1369 1699; x_wconf 67' lang='lat' dir='ltr'>teeta,</span> <span class='ocrx_word' id='word_1_671' title='bbox 1391 1668 1423 1695; x_wconf 85' lang='lat' dir='ltr'>ad</span> <span class='ocrx_word' id='word_1_672' title='bbox 1435 1667 1572 1704; x_wconf 88' lang='lat' dir='ltr'>publicum</span> <span class='ocrx_word' id='word_1_673' title='bbox 1588 1667 1749 1703; x_wconf 81' lang='lat' dir='ltr'>pertinentia</span> <span class='ocrx_word' id='word_1_674' title='bbox 1762 1687 1770 1698; x_wconf 95' lang='lat'>,</span> <span class='ocrx_word' id='word_1_675' title='bbox 1790 1666 1895 1703; x_wconf 79' lang='lat' dir='ltr'>singulis</span> <span class='ocrx_word' id='word_1_676' title='bbox 1910 1668 1987 1704; x_wconf 87' lang='lat' dir='ltr'>quin-</span> 
     </span>
     <span class='ocr_line' id='line_1_75' title="bbox 406 1704 1987 1743; baseline 0 -10"><span class='ocrx_word' id='word_1_677' title='bbox 406 1706 527 1743; x_wconf 87' lang='lat' dir='ltr'>quenniis</span> <span class='ocrx_word' id='word_1_678' title='bbox 541 1705 627 1733; x_wconf 88' lang='lat' dir='ltr'>facere</span> <span class='ocrx_word' id='word_1_679' title='bbox 641 1705 740 1738; x_wconf 87' lang='lat' dir='ltr'>solent,</span> <span class='ocrx_word' id='word_1_680' title='bbox 759 1707 787 1734; x_wconf 88' lang='lat' dir='ltr'>in</span> <span class='ocrx_word' id='word_1_681' title='bbox 793 1706 898 1741; x_wconf 64' lang='lat' dir='ltr'>fimatur</span> <span class='ocrx_word' id='word_1_682' title='bbox 911 1705 947 1732; x_wconf 87' lang='lat' dir='ltr'>est</span> <span class='ocrx_word' id='word_1_683' title='bbox 962 1708 1105 1741; x_wconf 79' lang='lat' dir='ltr'>potestate,</span> <span class='ocrx_word' id='word_1_684' title='bbox 1127 1707 1153 1734; x_wconf 74' lang='grc' dir='ltr'>ὅ(</span> <span class='ocrx_word' id='word_1_685' title='bbox 1168 1714 1215 1741; x_wconf 87' lang='lat' dir='ltr'>per</span> <span class='ocrx_word' id='word_1_686' title='bbox 1228 1705 1298 1734; x_wconf 92' lang='lat' dir='ltr'>hunc</span> <span class='ocrx_word' id='word_1_687' title='bbox 1311 1705 1443 1733; x_wconf 80' lang='lat' dir='ltr'>indultum</span> <span class='ocrx_word' id='word_1_688' title='bbox 1461 1706 1512 1737; x_wconf 88' lang='lat' dir='ltr'>est,</span> <span class='ocrx_word' id='word_1_689' title='bbox 1534 1705 1660 1743; x_wconf 88' lang='lat' dir='ltr'>quicquid</span> <span class='ocrx_word' id='word_1_690' title='bbox 1674 1705 1830 1733; x_wconf 87' lang='lat' dir='ltr'>conceditur</span> <span class='ocrx_word' id='word_1_691' title='bbox 1843 1704 1987 1737; x_wconf 62' lang='lat' dir='ltr'>censoribus.</span> 
     </span>
     <span class='ocr_line' id='line_1_76' title="bbox 407 1743 1988 1782; baseline 0.001 -11"><span class='ocrx_word' id='word_1_692' title='bbox 407 1743 590 1772; x_wconf 80' lang='lat' dir='ltr'>Consimiliter</span> <span class='ocrx_word' id='word_1_693' title='bbox 601 1746 628 1772; x_wconf 68' lang='grc' dir='ltr'>ὃς</span> <span class='ocrx_word' id='word_1_694' title='bbox 642 1753 804 1782; x_wconf 77' lang='lat' dir='ltr'>quaecunque</span> <span class='ocrx_word' id='word_1_695' title='bbox 818 1743 919 1780; x_wconf 78' lang='lat' dir='ltr'>flagitia</span> <span class='ocrx_word' id='word_1_696' title='bbox 934 1752 981 1779; x_wconf 86' lang='lat' dir='ltr'>per</span> <span class='ocrx_word' id='word_1_697' title='bbox 996 1743 1100 1771; x_wconf 81' lang='lat' dir='ltr'>Italiam</span> <span class='ocrx_word' id='word_1_698' title='bbox 1116 1744 1271 1776; x_wconf 82' lang='lat' dir='ltr'>commissa,</span> <span class='ocrx_word' id='word_1_699' title='bbox 1292 1743 1427 1781; x_wconf 83' lang='lat' dir='ltr'>publicam</span> <span class='ocrx_word' id='word_1_700' title='bbox 1441 1744 1700 1772; x_wconf 75' lang='lat' dir='ltr'>animadversionem</span> <span class='ocrx_word' id='word_1_701' title='bbox 1713 1743 1867 1780; x_wconf 84' lang='lat' dir='ltr'>requirunt,</span> <span class='ocrx_word' id='word_1_702' title='bbox 1887 1749 1916 1769; x_wconf 92' lang='lat' dir='ltr'>ut</span> <span class='ocrx_word' id='word_1_703' title='bbox 1923 1751 1988 1779; x_wconf 87' lang='lat' dir='ltr'>puta</span> 
     </span>
     <span class='ocr_line' id='line_1_77' title="bbox 399 1780 1988 1820; baseline 0 -11"><span class='ocrx_word' id='word_1_704' title='bbox 399 1780 563 1818; x_wconf 66' lang='lat' dir='ltr'>proditionis,</span> <span class='ocrx_word' id='word_1_705' title='bbox 582 1781 772 1817; x_wconf 70' lang='lat' dir='ltr'>conjurationis,</span> <span class='ocrx_word' id='word_1_706' title='bbox 793 1780 919 1820; x_wconf 74' lang='lat' dir='ltr'>veneficii,</span> <span class='ocrx_word' id='word_1_707' title='bbox 938 1780 1022 1813; x_wconf 60' lang='lat' dir='ltr'>cadis,</span> <span class='ocrx_word' id='word_1_708' title='bbox 1042 1781 1106 1809; x_wconf 87' lang='lat' dir='ltr'>dolo</span> <span class='ocrx_word' id='word_1_709' title='bbox 1120 1789 1285 1818; x_wconf 79' lang='lat' dir='ltr'>perpetratae.</span> <span class='ocrx_word' id='word_1_710' title='bbox 1310 1782 1409 1809; x_wconf 87' lang='lat' dir='ltr'>horum</span> <span class='ocrx_word' id='word_1_711' title='bbox 1423 1782 1623 1819; x_wconf 89' lang='lat' dir='ltr'>puniendorum</span> <span class='ocrx_word' id='word_1_712' title='bbox 1637 1791 1699 1809; x_wconf 87' lang='lat' dir='ltr'>cura</span> <span class='ocrx_word' id='word_1_713' title='bbox 1704 1782 1826 1816; x_wconf 71' lang='lat' dir='ltr'>senatum</span> <span class='ocrx_word' id='word_1_714' title='bbox 1838 1782 1988 1810; x_wconf 87' lang='lat' dir='ltr'>concernit.</span> 
     </span>
     <span class='ocr_line' id='line_1_78' title="bbox 405 1818 1987 1857; baseline -0.001 -9"><span class='ocrx_word' id='word_1_715' title='bbox 405 1821 551 1852; x_wconf 80' lang='lat' dir='ltr'>Praeterea,</span> <span class='ocrx_word' id='word_1_716' title='bbox 571 1820 590 1848; x_wconf 87' lang='lat' dir='ltr'>fi</span> <span class='ocrx_word' id='word_1_717' title='bbox 606 1821 663 1856; x_wconf 88' lang='lat' dir='ltr'>quis</span> <span class='ocrx_word' id='word_1_718' title='bbox 676 1820 810 1856; x_wconf 80' lang='lat' dir='ltr'>privatus,</span> <span class='ocrx_word' id='word_1_719' title='bbox 831 1820 871 1847; x_wconf 86' lang='lat' dir='ltr'>vel</span> <span class='ocrx_word' id='word_1_720' title='bbox 885 1820 977 1846; x_wconf 79' lang='lat' dir='ltr'>civitas</span> <span class='ocrx_word' id='word_1_721' title='bbox 990 1820 1120 1856; x_wconf 80' lang='lat' dir='ltr'>quaepiam</span> <span class='ocrx_word' id='word_1_722' title='bbox 1135 1830 1166 1847; x_wconf 89' lang='lat' dir='ltr'>ex</span> <span class='ocrx_word' id='word_1_723' title='bbox 1181 1820 1292 1852; x_wconf 82' lang='lat' dir='ltr'>Italicis,</span> <span class='ocrx_word' id='word_1_724' title='bbox 1312 1820 1355 1847; x_wconf 91' lang='lat' dir='ltr'>vel</span> <span class='ocrx_word' id='word_1_725' title='bbox 1368 1819 1555 1848; x_wconf 89' lang='lat' dir='ltr'>conciliatione</span> <span class='ocrx_word' id='word_1_726' title='bbox 1569 1819 1656 1857; x_wconf 84' lang='lat' dir='ltr'>aliqua</span> <span class='ocrx_word' id='word_1_727' title='bbox 1672 1819 1714 1847; x_wconf 90' lang='lat' dir='ltr'>vel</span> <span class='ocrx_word' id='word_1_728' title='bbox 1734 1818 1922 1850; x_wconf 80' lang='lat' dir='ltr'>aestimatione,</span> <span class='ocrx_word' id='word_1_729' title='bbox 1943 1819 1987 1847; x_wconf 87' lang='lat' dir='ltr'>vel</span> 
     </span>
     <span class='ocr_line' id='line_1_79' title="bbox 404 1856 1987 1894; baseline -0.002 -8"><span class='ocrx_word' id='word_1_730' title='bbox 404 1858 517 1890; x_wconf 86' lang='lat' dir='ltr'>auxilio,</span> <span class='ocrx_word' id='word_1_731' title='bbox 536 1864 582 1887; x_wconf 84' lang='lat' dir='ltr'>aut</span> <span class='ocrx_word' id='word_1_732' title='bbox 595 1858 712 1886; x_wconf 84' lang='lat' dir='ltr'>custodia</span> <span class='ocrx_word' id='word_1_733' title='bbox 726 1867 792 1894; x_wconf 85' lang='lat' dir='ltr'>opus</span> <span class='ocrx_word' id='word_1_734' title='bbox 806 1858 898 1889; x_wconf 83' lang='lat' dir='ltr'>habet,</span> <span class='ocrx_word' id='word_1_735' title='bbox 918 1857 1016 1885; x_wconf 84' lang='lat' dir='ltr'>horum</span> <span class='ocrx_word' id='word_1_736' title='bbox 1031 1859 1157 1885; x_wconf 81' lang='lat' dir='ltr'>omnium</span> <span class='ocrx_word' id='word_1_737' title='bbox 1171 1859 1389 1894; x_wconf 85' lang='lat' dir='ltr'>procurationem</span> <span class='ocrx_word' id='word_1_738' title='bbox 1396 1857 1474 1886; x_wconf 86' lang='lat' dir='ltr'>habet</span> <span class='ocrx_word' id='word_1_739' title='bbox 1479 1859 1593 1893; x_wconf 76' lang='lat' dir='ltr'>senatus.</span> <span class='ocrx_word' id='word_1_740' title='bbox 1632 1858 1756 1894; x_wconf 88' lang='lat' dir='ltr'>Denique</span> <span class='ocrx_word' id='word_1_741' title='bbox 1769 1856 1788 1884; x_wconf 88' lang='lat' dir='ltr'>fi</span> <span class='ocrx_word' id='word_1_742' title='bbox 1801 1856 1902 1893; x_wconf 83' lang='lat' dir='ltr'>legatio</span> <span class='ocrx_word' id='word_1_743' title='bbox 1916 1866 1987 1894; x_wconf 84' lang='lat' dir='ltr'>quae-</span> 
     </span>
     <span class='ocr_line' id='line_1_80' title="bbox 407 1895 1985 1934; baseline -0.001 -10"><span class='ocrx_word' id='word_1_744' title='bbox 407 1897 471 1925; x_wconf 86' lang='lat' dir='ltr'>dam</span> <span class='ocrx_word' id='word_1_745' title='bbox 486 1897 576 1934; x_wconf 89' lang='lat' dir='ltr'>aliquo</span> <span class='ocrx_word' id='word_1_746' title='bbox 588 1897 720 1924; x_wconf 87' lang='lat' dir='ltr'>mittenda</span> <span class='ocrx_word' id='word_1_747' title='bbox 734 1897 764 1923; x_wconf 84' lang='lat' dir='ltr'>fit</span> <span class='ocrx_word' id='word_1_748' title='bbox 780 1904 854 1924; x_wconf 84' lang='lat' dir='ltr'>extra</span> <span class='ocrx_word' id='word_1_749' title='bbox 872 1895 977 1923; x_wconf 90' lang='lat' dir='ltr'>Italiam</span> <span class='ocrx_word' id='word_1_750' title='bbox 986 1916 993 1927; x_wconf 95' lang='lat'>‚</span> <span class='ocrx_word' id='word_1_751' title='bbox 1013 1904 1071 1932; x_wconf 84' lang='lat' dir='ltr'>quae</span> <span class='ocrx_word' id='word_1_752' title='bbox 1085 1896 1127 1923; x_wconf 89' lang='lat' dir='ltr'>vel</span> <span class='ocrx_word' id='word_1_753' title='bbox 1139 1896 1265 1925; x_wconf 87' lang='lat' dir='ltr'>conciliet</span> <span class='ocrx_word' id='word_1_754' title='bbox 1279 1896 1409 1933; x_wconf 89' lang='lat' dir='ltr'>quosdam</span> <span class='ocrx_word' id='word_1_755' title='bbox 1424 1918 1431 1928; x_wconf 89' lang='lat'>‚</span> <span class='ocrx_word' id='word_1_756' title='bbox 1453 1896 1495 1924; x_wconf 91' lang='lat' dir='ltr'>vel</span> <span class='ocrx_word' id='word_1_757' title='bbox 1508 1895 1664 1925; x_wconf 82' lang='lat' dir='ltr'>adhortetur</span> <span class='ocrx_word' id='word_1_758' title='bbox 1677 1916 1683 1927; x_wconf 90' lang='lat'>‚</span> <span class='ocrx_word' id='word_1_759' title='bbox 1704 1895 1756 1923; x_wconf 88' lang='lat' dir='ltr'>five</span> <span class='ocrx_word' id='word_1_760' title='bbox 1770 1895 1884 1922; x_wconf 86' lang='lat' dir='ltr'>omnino</span> <span class='ocrx_word' id='word_1_761' title='bbox 1898 1895 1985 1932; x_wconf 85' lang='lat' dir='ltr'>impe-</span> 
     </span>
     <span class='ocr_line' id='line_1_81' title="bbox 406 1931 1986 1972; baseline -0.001 -9"><span class='ocrx_word' id='word_1_762' title='bbox 406 1943 447 1963; x_wconf 86' lang='lat' dir='ltr'>ret</span> <span class='ocrx_word' id='word_1_763' title='bbox 462 1934 560 1972; x_wconf 87' lang='lat' dir='ltr'>aliquid</span> <span class='ocrx_word' id='word_1_764' title='bbox 574 1955 581 1966; x_wconf 91' lang='lat'>‚</span> <span class='ocrx_word' id='word_1_765' title='bbox 601 1942 645 1964; x_wconf 84' lang='lat' dir='ltr'>aut</span> <span class='ocrx_word' id='word_1_766' title='bbox 659 1934 770 1970; x_wconf 83' lang='lat' dir='ltr'>accipiat</span> <span class='ocrx_word' id='word_1_767' title='bbox 786 1955 793 1966; x_wconf 85' lang='lat'><strong><em>,</em></strong></span> <span class='ocrx_word' id='word_1_768' title='bbox 812 1933 856 1962; x_wconf 89' lang='lat' dir='ltr'>vel</span> <span class='ocrx_word' id='word_1_769' title='bbox 868 1932 970 1961; x_wconf 87' lang='lat' dir='ltr'>bellum</span> <span class='ocrx_word' id='word_1_770' title='bbox 984 1933 1122 1961; x_wconf 77' lang='lat' dir='ltr'>denuntiet</span> <span class='ocrx_word' id='word_1_771' title='bbox 1136 1954 1143 1965; x_wconf 94' lang='lat'><em>,</em></span> <span class='ocrx_word' id='word_1_772' title='bbox 1163 1935 1249 1962; x_wconf 84' lang='lat' dir='ltr'>dehis</span> <span class='ocrx_word' id='word_1_773' title='bbox 1270 1935 1397 1971; x_wconf 87' lang='lat' dir='ltr'>providet</span> <span class='ocrx_word' id='word_1_774' title='bbox 1410 1936 1524 1971; x_wconf 81' lang='lat' dir='ltr'>senatus.</span> <span class='ocrx_word' id='word_1_775' title='bbox 1564 1933 1745 1961; x_wconf 82' lang='lat' dir='ltr'>Confimiliter</span> <span class='ocrx_word' id='word_1_776' title='bbox 1759 1942 1822 1960; x_wconf 86' lang='lat' dir='ltr'>curn</span> <span class='ocrx_word' id='word_1_777' title='bbox 1835 1931 1915 1969; x_wconf 85' lang='lat' dir='ltr'>legati</span> <span class='ocrx_word' id='word_1_778' title='bbox 1929 1935 1986 1961; x_wconf 85' lang='lat' dir='ltr'>Ro-</span> 
     </span>
     <span class='ocr_line' id='line_1_82' title="bbox 407 1970 1988 2010; baseline -0.001 -9"><span class='ocrx_word' id='word_1_779' title='bbox 407 1983 483 2001; x_wconf 88' lang='lat' dir='ltr'>mam</span> <span class='ocrx_word' id='word_1_780' title='bbox 498 1974 608 2001; x_wconf 87' lang='lat' dir='ltr'>veniunt</span> <span class='ocrx_word' id='word_1_781' title='bbox 622 1994 629 2004; x_wconf 91' lang='lat'>,</span> <span class='ocrx_word' id='word_1_782' title='bbox 650 1972 792 2010; x_wconf 90' lang='lat' dir='ltr'>quomodo</span> <span class='ocrx_word' id='word_1_783' title='bbox 805 1972 936 2000; x_wconf 62' lang='lat' dir='ltr'>traetandi</span> <span class='ocrx_word' id='word_1_784' title='bbox 958 1972 1007 1999; x_wconf 85' lang='lat' dir='ltr'>fint</span> <span class='ocrx_word' id='word_1_785' title='bbox 1021 1971 1131 2008; x_wconf 85' lang='lat' dir='ltr'>quilibet</span> <span class='ocrx_word' id='word_1_786' title='bbox 1144 1993 1151 2004; x_wconf 92' lang='lat'>‚</span> <span class='ocrx_word' id='word_1_787' title='bbox 1172 1973 1288 2010; x_wconf 89' lang='lat' dir='ltr'>quidque</span> <span class='ocrx_word' id='word_1_788' title='bbox 1302 1973 1518 2010; x_wconf 85' lang='lat' dir='ltr'>respondendum</span> <span class='ocrx_word' id='word_1_789' title='bbox 1530 1994 1537 2006; x_wconf 91' lang='lat'><strong><em>‚</em></strong></span> <span class='ocrx_word' id='word_1_790' title='bbox 1559 1972 1654 2000; x_wconf 68' lang='lat' dir='ltr'>cuneta</span> <span class='ocrx_word' id='word_1_791' title='bbox 1672 1971 1727 1999; x_wconf 82' lang='lat' dir='ltr'>haec</span> <span class='ocrx_word' id='word_1_792' title='bbox 1748 1970 1921 2007; x_wconf 85' lang='lat' dir='ltr'>perficiuntur</span> <span class='ocrx_word' id='word_1_793' title='bbox 1939 1980 1988 2009; x_wconf 74' lang='lat' dir='ltr'>per</span> 
     </span>
     <span class='ocr_line' id='line_1_83' title="bbox 407 2009 1986 2048; baseline -0.001 -9"><span class='ocrx_word' id='word_1_794' title='bbox 407 2011 538 2040; x_wconf 84' lang='lat' dir='ltr'>senatum.</span> <span class='ocrx_word' id='word_1_795' title='bbox 578 2011 714 2039; x_wconf 57' lang='lat' dir='ltr'>HaStenus</span> <span class='ocrx_word' id='word_1_796' title='bbox 736 2009 860 2048; x_wconf 51' lang='lat' dir='ltr'>Polybius.</span> <span class='ocrx_word' id='word_1_797' title='bbox 899 2012 966 2047; x_wconf 79' lang='lat' dir='ltr'>Qtae</span> <span class='ocrx_word' id='word_1_798' title='bbox 986 2012 1079 2038; x_wconf 81' lang='lat' dir='ltr'>omnia</span> <span class='ocrx_word' id='word_1_799' title='bbox 1097 2010 1179 2038; x_wconf 87' lang='lat' dir='ltr'>etiam</span> <span class='ocrx_word' id='word_1_800' title='bbox 1201 2012 1395 2040; x_wconf 86' lang='lat' dir='ltr'>confirmantur</span> <span class='ocrx_word' id='word_1_801' title='bbox 1413 2014 1427 2039; x_wconf 73' lang='grc' dir='ltr'>ὲ</span> <span class='ocrx_word' id='word_1_802' title='bbox 1441 2010 1522 2039; x_wconf 85' lang='lat' dir='ltr'>Cicer.</span> <span class='ocrx_word' id='word_1_803' title='bbox 1539 2012 1662 2038; x_wconf 81' lang='lat' dir='ltr'>oratione</span> <span class='ocrx_word' id='word_1_804' title='bbox 1676 2011 1704 2038; x_wconf 91' lang='lat' dir='ltr'>in</span> <span class='ocrx_word' id='word_1_805' title='bbox 1718 2010 1859 2038; x_wconf 85' lang='lat' dir='ltr'>Vatinium</span> <span class='ocrx_word' id='word_1_806' title='bbox 1874 2009 1986 2042; x_wconf 82' lang='lat' dir='ltr'>testem‘‚</span> 
     </span>
     <span class='ocr_line' id='line_1_84' title="bbox 410 2047 1987 2087; baseline -0.001 -9"><span class='ocrx_word' id='word_1_807' title='bbox 410 2051 437 2078; x_wconf 82' lang='lat'>&amp;</span> <span class='ocrx_word' id='word_1_808' title='bbox 451 2059 501 2085; x_wconf 88' lang='lat' dir='ltr'>pro</span> <span class='ocrx_word' id='word_1_809' title='bbox 515 2050 601 2078; x_wconf 90' lang='lat' dir='ltr'>domo</span> <span class='ocrx_word' id='word_1_810' title='bbox 614 2049 672 2081; x_wconf 87' lang='lat' dir='ltr'>sua,</span> <span class='ocrx_word' id='word_1_811' title='bbox 692 2049 809 2085; x_wconf 84' lang='lat' dir='ltr'>exceptis</span> <span class='ocrx_word' id='word_1_812' title='bbox 823 2050 868 2081; x_wconf 87' lang='lat' dir='ltr'>iis,</span> <span class='ocrx_word' id='word_1_813' title='bbox 889 2058 946 2085; x_wconf 79' lang='lat' dir='ltr'>quae</span> <span class='ocrx_word' id='word_1_814' title='bbox 960 2049 994 2076; x_wconf 91' lang='lat' dir='ltr'>de</span> <span class='ocrx_word' id='word_1_815' title='bbox 1005 2049 1110 2085; x_wconf 88' lang='lat' dir='ltr'>judiciis</span> <span class='ocrx_word' id='word_1_816' title='bbox 1121 2047 1135 2076; x_wconf 66' lang='lat' dir='ltr'>a</span> <span class='ocrx_word' id='word_1_817' title='bbox 1151 2049 1246 2087; x_wconf 77' lang='lat' dir='ltr'>Polybio</span> <span class='ocrx_word' id='word_1_818' title='bbox 1259 2050 1396 2079; x_wconf 91' lang='lat' dir='ltr'>dicuntur:</span> <span class='ocrx_word' id='word_1_819' title='bbox 1417 2059 1473 2087; x_wconf 82' lang='lat' dir='ltr'>quae</span> <span class='ocrx_word' id='word_1_820' title='bbox 1485 2056 1578 2077; x_wconf 89' lang='lat' dir='ltr'>tamen</span> <span class='ocrx_word' id='word_1_821' title='bbox 1591 2049 1625 2077; x_wconf 82' lang='lat' dir='ltr'>sic</span> <span class='ocrx_word' id='word_1_822' title='bbox 1638 2047 1810 2086; x_wconf 82' lang='lat' dir='ltr'>intelligenda</span> <span class='ocrx_word' id='word_1_823' title='bbox 1822 2047 1895 2078; x_wconf 70' lang='lat' dir='ltr'>sunt,</span> <span class='ocrx_word' id='word_1_824' title='bbox 1915 2048 1987 2085; x_wconf 89' lang='lat' dir='ltr'>quod</span> 
     </span>
     <span class='ocr_line' id='line_1_85' title="bbox 409 2086 1984 2126; baseline -0.001 -13"><span class='ocrx_word' id='word_1_825' title='bbox 409 2087 500 2114; x_wconf 77' lang='lat' dir='ltr'>iudices</span> <span class='ocrx_word' id='word_1_826' title='bbox 514 2097 546 2116; x_wconf 85' lang='lat' dir='ltr'>ex</span> <span class='ocrx_word' id='word_1_827' title='bbox 554 2090 647 2123; x_wconf 82' lang='lat' dir='ltr'>senatu</span> <span class='ocrx_word' id='word_1_828' title='bbox 660 2087 745 2115; x_wconf 59' lang='lat' dir='ltr'>ledios</span> <span class='ocrx_word' id='word_1_829' title='bbox 759 2086 832 2115; x_wconf 81' lang='lat' dir='ltr'>fuisse</span> <span class='ocrx_word' id='word_1_830' title='bbox 845 2087 934 2114; x_wconf 86' lang='lat' dir='ltr'>dicere</span> <span class='ocrx_word' id='word_1_831' title='bbox 948 2086 1020 2115; x_wconf 89' lang='lat' dir='ltr'>velit.</span> <span class='ocrx_word' id='word_1_832' title='bbox 1061 2088 1102 2115; x_wconf 88' lang='lat' dir='ltr'>Eo</span> <span class='ocrx_word' id='word_1_833' title='bbox 1116 2088 1189 2115; x_wconf 88' lang='lat' dir='ltr'>enim</span> <span class='ocrx_word' id='word_1_834' title='bbox 1204 2095 1345 2125; x_wconf 87' lang='lat' dir='ltr'>tempore,</span> <span class='ocrx_word' id='word_1_835' title='bbox 1363 2097 1417 2124; x_wconf 86' lang='lat' dir='ltr'>quo</span> <span class='ocrx_word' id='word_1_836' title='bbox 1432 2086 1542 2126; x_wconf 78' lang='lat' dir='ltr'>Polybius</span> <span class='ocrx_word' id='word_1_837' title='bbox 1555 2087 1610 2115; x_wconf 82' lang='lat' dir='ltr'>haec</span> <span class='ocrx_word' id='word_1_838' title='bbox 1622 2086 1722 2123; x_wconf 85' lang='lat' dir='ltr'>scripfit</span> <span class='ocrx_word' id='word_1_839' title='bbox 1736 2107 1743 2118; x_wconf 97' lang='lat'>‚</span> <span class='ocrx_word' id='word_1_840' title='bbox 1766 2086 1888 2113; x_wconf 88' lang='lat' dir='ltr'>nondum</span> <span class='ocrx_word' id='word_1_841' title='bbox 1909 2095 1984 2113; x_wconf 89' lang='lat' dir='ltr'>com-</span> 
     </span>
     <span class='ocr_line' id='line_1_86' title="bbox 413 2123 1986 2167; baseline 0 -17"><span class='ocrx_word' id='word_1_842' title='bbox 413 2126 547 2153; x_wconf 80' lang='lat' dir='ltr'>municata</span> <span class='ocrx_word' id='word_1_843' title='bbox 569 2127 675 2154; x_wconf 87' lang='lat' dir='ltr'>fuerunt</span> <span class='ocrx_word' id='word_1_844' title='bbox 691 2125 790 2162; x_wconf 79' lang='lat' dir='ltr'>judicia</span> <span class='ocrx_word' id='word_1_845' title='bbox 803 2125 892 2153; x_wconf 88' lang='lat' dir='ltr'>ordini</span> <span class='ocrx_word' id='word_1_846' title='bbox 910 2124 1015 2164; x_wconf 72' lang='lat' dir='ltr'>equestri</span> <span class='ocrx_word' id='word_1_847' title='bbox 1029 2147 1037 2158; x_wconf 95' lang='lat'>‚</span> <span class='ocrx_word' id='word_1_848' title='bbox 1063 2133 1092 2167; x_wconf 63' lang='lat' dir='ltr'>qt</span> <span class='ocrx_word' id='word_1_849' title='bbox 1106 2125 1167 2153; x_wconf 84' lang='lat' dir='ltr'>alibi</span> <span class='ocrx_word' id='word_1_850' title='bbox 1181 2127 1332 2156; x_wconf 88' lang='lat' dir='ltr'>ostendetur</span> <span class='ocrx_word' id='word_1_851' title='bbox 1345 2147 1353 2157; x_wconf 87' lang='lat'><strong><em>.</em></strong></span> <span class='ocrx_word' id='word_1_852' title='bbox 1373 2127 1469 2162; x_wconf 87' lang='lat' dir='ltr'>alioqui</span> <span class='ocrx_word' id='word_1_853' title='bbox 1491 2127 1609 2154; x_wconf 82' lang='lat' dir='ltr'>maxime</span> <span class='ocrx_word' id='word_1_854' title='bbox 1621 2125 1746 2154; x_wconf 85' lang='lat' dir='ltr'>obscurus</span> <span class='ocrx_word' id='word_1_855' title='bbox 1765 2123 1809 2152; x_wconf 88' lang='lat' dir='ltr'>hic</span> <span class='ocrx_word' id='word_1_856' title='bbox 1822 2123 1896 2151; x_wconf 85' lang='lat' dir='ltr'>locus</span> <span class='ocrx_word' id='word_1_857' title='bbox 1917 2123 1986 2150; x_wconf 75' lang='lat' dir='ltr'>esser-</span> 
     </span>
     <span class='ocr_line' id='line_1_87' title="bbox 415 2160 1986 2202; baseline 0.002 -15"><span class='ocrx_word' id='word_1_858' title='bbox 415 2162 481 2188; x_wconf 85' lang='lat' dir='ltr'>Non</span> <span class='ocrx_word' id='word_1_859' title='bbox 496 2164 610 2192; x_wconf 87' lang='lat' dir='ltr'>minima</span> <span class='ocrx_word' id='word_1_860' title='bbox 622 2166 703 2193; x_wconf 83' lang='lat' dir='ltr'>etiam</span> <span class='ocrx_word' id='word_1_861' title='bbox 714 2164 820 2198; x_wconf 60' lang='lat' dir='ltr'>senatus</span> <span class='ocrx_word' id='word_1_862' title='bbox 834 2164 948 2200; x_wconf 82' lang='lat' dir='ltr'>potestas</span> <span class='ocrx_word' id='word_1_863' title='bbox 961 2164 1012 2191; x_wconf 85' lang='lat' dir='ltr'>fuit</span> <span class='ocrx_word' id='word_1_864' title='bbox 1023 2184 1031 2196; x_wconf 87' lang='lat'>‚</span> <span class='ocrx_word' id='word_1_865' title='bbox 1051 2165 1123 2200; x_wconf 90' lang='lat' dir='ltr'>quod</span> <span class='ocrx_word' id='word_1_866' title='bbox 1138 2165 1165 2192; x_wconf 87' lang='lat' dir='ltr'>id</span> <span class='ocrx_word' id='word_1_867' title='bbox 1178 2164 1283 2192; x_wconf 79' lang='lat' dir='ltr'>comitiis</span> <span class='ocrx_word' id='word_1_868' title='bbox 1295 2163 1428 2200; x_wconf 80' lang='lat' dir='ltr'>majoribus</span> <span class='ocrx_word' id='word_1_869' title='bbox 1441 2185 1448 2196; x_wconf 82' lang='lat'>‚</span> <span class='ocrx_word' id='word_1_870' title='bbox 1469 2166 1496 2193; x_wconf 70' lang='grc' dir='ltr'>ὅ(</span> <span class='ocrx_word' id='word_1_871' title='bbox 1508 2163 1610 2202; x_wconf 89' lang='lat' dir='ltr'>legibus</span> <span class='ocrx_word' id='word_1_872' title='bbox 1629 2163 1744 2191; x_wconf 86' lang='lat' dir='ltr'>ferendis</span> <span class='ocrx_word' id='word_1_873' title='bbox 1756 2183 1764 2194; x_wconf 89' lang='lat'>‚</span> <span class='ocrx_word' id='word_1_874' title='bbox 1783 2160 1986 2201; x_wconf 24' lang='lat' dir='ltr'>neceffirianfuit</span> 
     </span>
     <span class='ocr_line' id='line_1_88' title="bbox 413 2197 1985 2238; baseline 0.001 -12"><span class='ocrx_word' id='word_1_875' title='bbox 413 2200 441 2227; x_wconf 87' lang='lat'>&amp;</span> <span class='ocrx_word' id='word_1_876' title='bbox 456 2201 576 2236; x_wconf 82' lang='lat' dir='ltr'>cognitio</span> <span class='ocrx_word' id='word_1_877' title='bbox 590 2205 615 2230; x_wconf 68' lang='grc' dir='ltr'>δε</span> <span class='ocrx_word' id='word_1_878' title='bbox 631 2202 775 2230; x_wconf 82' lang='lat' dir='ltr'>authoritas</span> <span class='ocrx_word' id='word_1_879' title='bbox 790 2202 854 2237; x_wconf 88' lang='lat' dir='ltr'>ejus.</span> <span class='ocrx_word' id='word_1_880' title='bbox 893 2201 984 2229; x_wconf 73' lang='lat' dir='ltr'>Liwm</span> <span class='ocrx_word' id='word_1_881' title='bbox 998 2201 1067 2229; x_wconf 88' lang='lat' dir='ltr'>libro</span> <span class='ocrx_word' id='word_1_882' title='bbox 1086 2212 1107 2229; x_wconf 87' lang='lat'>1.</span> <span class='ocrx_word' id='word_1_883' title='bbox 1122 2204 1147 2231; x_wconf 83' lang='lat'>&amp;</span> <span class='ocrx_word' id='word_1_884' title='bbox 1163 2205 1188 2231; x_wconf 88' lang='grc'>8.</span> <span class='ocrx_word' id='word_1_885' title='bbox 1204 2205 1230 2231; x_wconf 82' lang='lat'>&amp;</span> <span class='ocrx_word' id='word_1_886' title='bbox 1245 2203 1354 2238; x_wconf 80' lang='lat' dir='ltr'>Appian.</span> <span class='ocrx_word' id='word_1_887' title='bbox 1367 2203 1435 2231; x_wconf 91' lang='lat' dir='ltr'>libro</span> <span class='ocrx_word' id='word_1_888' title='bbox 1454 2213 1475 2230; x_wconf 90' lang='lat'>1.</span> <span class='ocrx_word' id='word_1_889' title='bbox 1494 2203 1527 2231; x_wconf 87' lang='lat' dir='ltr'>de</span> <span class='ocrx_word' id='word_1_890' title='bbox 1541 2202 1615 2230; x_wconf 88' lang='lat' dir='ltr'>bellis</span> <span class='ocrx_word' id='word_1_891' title='bbox 1630 2201 1749 2230; x_wconf 88' lang='lat' dir='ltr'>civilibus</span> <span class='ocrx_word' id='word_1_892' title='bbox 1762 2222 1768 2232; x_wconf 77' lang='grc'>,</span> <span class='ocrx_word' id='word_1_893' title='bbox 1789 2203 1814 2229; x_wconf 83' lang='lat'>&amp;</span> <span class='ocrx_word' id='word_1_894' title='bbox 1827 2204 1901 2227; x_wconf 72' lang='lat' dir='ltr'>Dion.</span> <span class='ocrx_word' id='word_1_895' title='bbox 1915 2197 1985 2226; x_wconf 74' lang='lat' dir='ltr'>libro</span> 
     </span>
     <span class='ocr_line' id='line_1_89' title="bbox 416 2236 1986 2277; baseline 0.003 -14"><span class='ocrx_word' id='word_1_896' title='bbox 416 2246 426 2264; x_wconf 87' lang='lat'>1</span> <span class='ocrx_word' id='word_1_897' title='bbox 437 2247 458 2263; x_wconf 85' lang='lat' dir='ltr'>r.</span> <span class='ocrx_word' id='word_1_898' title='bbox 480 2239 506 2264; x_wconf 69' lang='grc' dir='ltr'>δε</span> <span class='ocrx_word' id='word_1_899' title='bbox 521 2241 638 2267; x_wconf 79' lang='lat' dir='ltr'>maxime</span> <span class='ocrx_word' id='word_1_900' title='bbox 652 2240 845 2268; x_wconf 84' lang='lat' dir='ltr'>commendant</span> <span class='ocrx_word' id='word_1_901' title='bbox 851 2241 957 2274; x_wconf 75' lang='lat' dir='ltr'>stnatus</span> <span class='ocrx_word' id='word_1_902' title='bbox 972 2240 1131 2277; x_wconf 84' lang='lat' dir='ltr'>dignitatem</span> <span class='ocrx_word' id='word_1_903' title='bbox 1147 2249 1177 2268; x_wconf 90' lang='lat' dir='ltr'>ea</span> <span class='ocrx_word' id='word_1_904' title='bbox 1192 2262 1199 2273; x_wconf 87' lang='lat'><strong><em>,</em></strong></span> <span class='ocrx_word' id='word_1_905' title='bbox 1218 2249 1275 2277; x_wconf 82' lang='lat' dir='ltr'>quae</span> <span class='ocrx_word' id='word_1_906' title='bbox 1294 2240 1308 2269; x_wconf 74' lang='grc' dir='ltr'>ὲ</span> <span class='ocrx_word' id='word_1_907' title='bbox 1322 2241 1455 2268; x_wconf 65' lang='lat' dir='ltr'><em>plutarcho</em></span> <span class='ocrx_word' id='word_1_908' title='bbox 1473 2239 1569 2277; x_wconf 85' lang='lat' dir='ltr'>scripta</span> <span class='ocrx_word' id='word_1_909' title='bbox 1584 2240 1643 2268; x_wconf 88' lang='lat' dir='ltr'>sunt</span> <span class='ocrx_word' id='word_1_910' title='bbox 1656 2240 1683 2267; x_wconf 90' lang='lat' dir='ltr'>in</span> <span class='ocrx_word' id='word_1_911' title='bbox 1699 2238 1802 2276; x_wconf 89' lang='lat' dir='ltr'>Pyrrho</span> <span class='ocrx_word' id='word_1_912' title='bbox 1814 2257 1822 2268; x_wconf 85' lang='lat'>‚</span> <span class='ocrx_word' id='word_1_913' title='bbox 1842 2236 1874 2263; x_wconf 73' lang='lat' dir='ltr'>de</span> <span class='ocrx_word' id='word_1_914' title='bbox 1886 2239 1968 2272; x_wconf 61' lang='lat' dir='ltr'>Cymss</span> <span class='ocrx_word' id='word_1_915' title='bbox 1978 2257 1986 2269; x_wconf 68' lang='lat'><em>2</em></span> 
     </span>
     <span class='ocr_line' id='line_1_90' title="bbox 413 2274 1985 2316; baseline 0.003 -15"><span class='ocrx_word' id='word_1_916' title='bbox 413 2274 564 2315; x_wconf 16' lang='lat' dir='ltr'>quodaecum</span> <span class='ocrx_word' id='word_1_917' title='bbox 577 2276 591 2303; x_wconf 71' lang='grc' dir='ltr'>ὲ</span> <span class='ocrx_word' id='word_1_918' title='bbox 604 2277 705 2313; x_wconf 88' lang='lat' dir='ltr'>Pyrrho</span> <span class='ocrx_word' id='word_1_919' title='bbox 721 2279 841 2305; x_wconf 74' lang='lat' dir='ltr'>Romam</span> <span class='ocrx_word' id='word_1_920' title='bbox 857 2278 957 2316; x_wconf 83' lang='lat' dir='ltr'>legatus</span> <span class='ocrx_word' id='word_1_921' title='bbox 974 2277 1064 2306; x_wconf 80' lang='lat' dir='ltr'>missus</span> <span class='ocrx_word' id='word_1_922' title='bbox 1076 2278 1153 2310; x_wconf 74' lang='lat' dir='ltr'>effer,</span> <span class='ocrx_word' id='word_1_923' title='bbox 1174 2281 1200 2308; x_wconf 73' lang='grc' dir='ltr'>δε</span> <span class='ocrx_word' id='word_1_924' title='bbox 1216 2279 1278 2307; x_wconf 91' lang='lat' dir='ltr'>inde</span> <span class='ocrx_word' id='word_1_925' title='bbox 1290 2279 1408 2307; x_wconf 86' lang='lat' dir='ltr'>reversus</span> <span class='ocrx_word' id='word_1_926' title='bbox 1421 2300 1428 2310; x_wconf 85' lang='lat'><em>,</em></span> <span class='ocrx_word' id='word_1_927' title='bbox 1447 2278 1461 2306; x_wconf 69' lang='lat' dir='ltr'>a</span> <span class='ocrx_word' id='word_1_928' title='bbox 1476 2279 1578 2316; x_wconf 86' lang='lat' dir='ltr'>Pyrrho</span> <span class='ocrx_word' id='word_1_929' title='bbox 1594 2280 1803 2315; x_wconf 85' lang='lat' dir='ltr'>interrogaretur</span> <span class='ocrx_word' id='word_1_930' title='bbox 1816 2294 1824 2306; x_wconf 73' lang='lat'><em>2</em></span> <span class='ocrx_word' id='word_1_931' title='bbox 1844 2275 1985 2316; x_wconf 79' lang='lat' dir='ltr'>quomodo</span> 
     </span>
     <span class='ocr_line' id='line_1_91' title="bbox 410 2311 1986 2380; baseline -0.001 -38"><span class='ocrx_word' id='word_1_932' title='bbox 410 2311 551 2380; x_wconf 49' lang='lat' dir='ltr'>plat-*uisseti</span> <span class='ocrx_word' id='word_1_933' title='bbox 557 2314 604 2341; x_wconf 88' lang='lat' dir='ltr'>fibi</span> <span class='ocrx_word' id='word_1_934' title='bbox 609 2316 713 2348; x_wconf 79' lang='lat' dir='ltr'>senatus</span> <span class='ocrx_word' id='word_1_935' title='bbox 726 2319 869 2344; x_wconf 72' lang='lat' dir='ltr'>Romanus:</span> <span class='ocrx_word' id='word_1_936' title='bbox 887 2315 1053 2354; x_wconf 87' lang='lat' dir='ltr'>responderit</span> <span class='ocrx_word' id='word_1_937' title='bbox 1065 2337 1073 2349; x_wconf 93' lang='lat'><em>‚</em></span> <span class='ocrx_word' id='word_1_938' title='bbox 1084 2315 1264 2354; x_wconf 68' lang='lat' dir='ltr'>fibissnatum</span> <span class='ocrx_word' id='word_1_939' title='bbox 1277 2312 1350 2346; x_wconf 64' lang='lat' dir='ltr'>illan}</span> <span class='ocrx_word' id='word_1_940' title='bbox 1364 2317 1446 2353; x_wconf 65' lang='lat' dir='ltr'>vistim</span> <span class='ocrx_word' id='word_1_941' title='bbox 1454 2316 1530 2355; x_wconf 81' lang='lat' dir='ltr'>suiffe</span> <span class='ocrx_word' id='word_1_942' title='bbox 1543 2317 1672 2355; x_wconf 63' lang='lat' dir='ltr'>confiffiim</span> <span class='ocrx_word' id='word_1_943' title='bbox 1685 2320 1790 2353; x_wconf 53' lang='lat' dir='ltr'>Regum.</span> <span class='ocrx_word' id='word_1_944' title='bbox 1819 2312 1870 2339; x_wconf 88' lang='lat' dir='ltr'>Sed</span> <span class='ocrx_word' id='word_1_945' title='bbox 1885 2311 1986 2348; x_wconf 82' lang='lat' dir='ltr'>reliqua</span> 
     </span>
     <span class='ocr_line' id='line_1_92' title="bbox 409 2358 655 2380; baseline 0.008 -2"><span class='ocrx_word' id='word_1_946' title='bbox 409 2358 493 2379; x_wconf 83' lang='lat' dir='ltr'>etlam</span> <span class='ocrx_word' id='word_1_947' title='bbox 507 2360 533 2378; x_wconf 78' lang='lat' dir='ltr'>vi</span> <span class='ocrx_word' id='word_1_948' title='bbox 554 2359 655 2380; x_wconf 82' lang='lat' dir='ltr'>eantur.</span> 
     </span>
    </p>
   </div>
   <div class='ocr_carea' id='block_1_9' title="bbox 449 2387 1984 2430">
    <p class='ocr_par' dir='ltr' id='par_1_12' title="bbox 449 2387 1984 2430">
     <span class='ocr_line' id='line_1_93' title="bbox 449 2387 1984 2430; baseline 0.001 -11"><span class='ocrx_word' id='word_1_949' title='bbox 449 2389 499 2416; x_wconf 77' lang='lat' dir='ltr'>Per</span> <span class='ocrx_word' id='word_1_950' title='bbox 511 2397 577 2426; x_wconf 86' lang='lat' dir='ltr'>quos</span> <span class='ocrx_word' id='word_1_951' title='bbox 597 2397 686 2420; x_wconf 81' lang='lat' dir='ltr'>autem</span> <span class='ocrx_word' id='word_1_952' title='bbox 694 2390 797 2425; x_wconf 74' lang='lat' dir='ltr'>senatus</span> <span class='ocrx_word' id='word_1_953' title='bbox 813 2402 891 2421; x_wconf 88' lang='lat' dir='ltr'>more</span> <span class='ocrx_word' id='word_1_954' title='bbox 908 2393 1047 2429; x_wconf 82' lang='lat' dir='ltr'>majorum</span> <span class='ocrx_word' id='word_1_955' title='bbox 1063 2393 1154 2423; x_wconf 82' lang='lat' dir='ltr'>haberi</span> <span class='ocrx_word' id='word_1_956' title='bbox 1169 2396 1196 2424; x_wconf 62' lang='grc' dir='ltr'>ὃς</span> <span class='ocrx_word' id='word_1_957' title='bbox 1213 2393 1321 2422; x_wconf 87' lang='lat' dir='ltr'>Consuli</span> <span class='ocrx_word' id='word_1_958' title='bbox 1342 2393 1528 2426; x_wconf 83' lang='lat' dir='ltr'>consueverit,</span> <span class='ocrx_word' id='word_1_959' title='bbox 1549 2393 1659 2430; x_wconf 82' lang='lat' dir='ltr'>exponit</span> <span class='ocrx_word' id='word_1_960' title='bbox 1673 2387 1789 2427; x_wconf 73' lang='lat' dir='ltr'>Agellius</span> <span class='ocrx_word' id='word_1_961' title='bbox 1801 2396 1833 2415; x_wconf 72' lang='lat' dir='ltr'>ex</span> <span class='ocrx_word' id='word_1_962' title='bbox 1849 2390 1984 2420; x_wconf 71' lang='lat' dir='ltr'>Varrone,</span> 
     </span>
    </p>
   </div>
   <div class='ocr_carea' id='block_1_10' title="bbox 1941 2426 1988 2457">
    <p class='ocr_par' dir='ltr' id='par_1_13' title="bbox 1941 2426 1988 2457">
     <span class='ocr_line' id='line_1_94' title="bbox 1941 2426 1988 2457; baseline 0.043 -3"><span class='ocrx_word' id='word_1_963' title='bbox 1941 2426 1988 2457; x_wconf 81' lang='lat' dir='ltr'>lib,</span> 
     </span>
    </p>
   </div>
   <div class='ocr_carea' id='block_1_11' title="bbox 2015 1003 2075 2734">
    <p class='ocr_par' dir='ltr' id='par_1_14' title="bbox 2015 1003 2075 2734">
     <span class='ocr_line' id='line_1_95' title="bbox 2015 1003 2075 2734; baseline 0 0"><span class='ocrx_word' id='word_1_964' title='bbox 2015 1003 2075 2734; x_wconf 95' lang='lat' dir='ltr'> </span> 
     </span>
    </p>
   </div>
  </div>
 </body>
</html>
