2075 2734
380 168 436 202 ·,04
686 153 1683 196 An'erU1TATUMROMARARUML13.11.'

422 218 506 254 Juri
516 223 531 240 τ
542 220 582 239 ER
603 212 667 239 Em
677 221 692 238 c
702 222 710 239 1
720 221 758 239 ns
780 210 812 238 ab
827 210 959 238 eliciendo
973 209 1074 241 dietus,
1095 209 1160 237 teste
1174 212 1300 241 Varrone,
1319 210 1346 238 ὃς
1360 207 1436 237 ovid.
1453 209 1499 246 qui
1518 208 1546 237 in
1562 220 1586 247 3.
1604 210 1702 237 Fastor.

581 247 693 276 eliciunt
707 248 762 275 coelo
775 257 800 275 te
815 248 925 283 Jupiter.
947 248 1014 274 unde
1025 246 1132 274 minores

620 291 695 314 Nunc
713 296 810 326 quoque
825 295 851 313 te
863 285 998 318 celebrant,
1018 284 1174 325 Eliciumque
1187 293 1286 313 vocant.

420 328 504 355 Aram
519 327 544 354 ei
558 326 584 354 in
601 326 736 354 Aventino
749 326 880 357 extruxit,
902 326 928 353 ὃς
943 324 1042 352 dicavit
1056 327 1146 351 Numa
1159 323 1295 358 Pompilius
1306 324 1366 352 Rex
1386 334 1425 352 11.
1439 323 1473 351 de
1487 332 1541 361 quo
1556 324 1590 352 sic
1603 323 1708 353 Livius:
1728 325 1875 365 Pontificem
1887 328 1960 357 deinss

381 367 414 394 de
426 370 540 393 Numam
555 363 683 390 Martium
695 368 734 389 M.
748 366 777 389 F.
792 372 824 389 ex
831 361 946 397 patribus
958 362 1030 400 legit,
1053 363 1126 401 eique
1132 364 1206 397 stura
1217 361 1304 390 omnia
1317 361 1437 397 exstripm
1451 383 1459 394 ,
1485 361 1662 402 eafignataqtee
1680 363 1811 394 attribuit.
1854 367 1889 395 Et
1902 369 1960 404 post

381 414 463 441 pauca
478 415 483 430 1
503 407 612 440 Qeque
620 400 735 440 prodigia
743 399 896 437 fulminibus
910 422 918 432 ,
937 400 1016 428 aliove
1028 409 1076 439 quo
1089 399 1138 435 visb
1152 399 1225 437 miffa
1232 399 1413 437 fiifiiperentur
1424 421 1432 432 ,
1452 408 1531 439 atque
1547 410 1694 429 curarentur
1704 402 1787 429 docuit
1797 424 1806 436 ‚
1828 405 1866 432 ad
1874 415 1904 432 ea
1917 406 1962 434 eli-

380 443 466 469 cienda
477 451 509 467 cx
525 438 649 467 mentibus
661 438 756 466 divinis
767 460 774 471 ‚
794 438 852 472 Jovi
863 437 942 466 Elicio
953 449 1026 466 aram
1042 439 1069 466 in
1086 439 1217 466 Aventino
1233 438 1328 465 dicavit
1340 459 1348 470 ,
1374 443 1509 477 Deumque
1527 439 1645 474 confidat}
1663 440 1776 477 auguriis
1788 463 1797 473 ,
1825 453 1878 481 qua
1885 444 1962 478 fhsci.

376 480 473 514 pienda
486 478 569 515 efferii.
608 479 689 515 Juvat
702 477 746 505 hic
759 476 907 506 adscribere
921 476 1037 504 fabulam
1052 478 1087 505 de
1102 478 1195 504 Numa
1210 496 1217 507 ‚
1238 485 1293 513 quo
1305 477 1384 512 paeto
1398 483 1484 504 artem
1499 479 1574 515 Jovis
1590 477 1712 506 eliciendi
1732 480 1840 508 edoctus
1862 481 1959 515 fuerit,

383 527 465 555 quam
480 514 601 543 Arnobius
614 515 649 543 fic
663 517 770 544 recitat:
792 516 930 546 Numam,
950 516 1036 552 inquit
1050 536 1057 547 ‚
1079 517 1187 551 Regem
1200 535 1208 546 ‚
1229 523 1292 541 cum
1305 515 1465 550 procurandi
1481 515 1599 544 fulminis
1612 515 1750 545 scientiam
1766 528 1821 546 non
1835 518 1958 554 haberet,

382 555 499 592 essetque
517 554 553 581 illi
569 555 667 589 cupido
682 553 808 582 noscendi
821 574 828 585 ‚
849 551 950 591 AEgeriae
970 554 1076 581 monitu
1091 554 1173 580 castos
1187 562 1219 580 xi
1229 562 1251 579 1.
1263 552 1374 588 juvenes
1395 553 1463 589 apud
1477 563 1572 590 aquam
1587 554 1678 583 celasse
1692 565 1755 584 cum
1769 557 1879 585 vinculis
1894 579 1902 590 ‚
1928 566 1959 587 ut

385 603 450 621 cum
466 597 569 620 faunus
583 594 609 620 &c
623 591 739 620 Martius
753 592 825 620 Picus
836 592 867 619 ad
882 592 909 619 id
922 591 1046 620 locorum
1061 591 1190 619 venissent
1208 589 1330 618 haustum
1339 611 1347 621 ,
1369 591 1450 625 (nam
1464 591 1514 618 illis
1527 593 1640 628 aquandi
1654 592 1763 621 solenne
1778 595 1828 622 iter
1835 595 1887 623 huc
1894 597 1958 632 fuit)

386 632 557 662 invaderent,
579 631 790 668 constringerent
805 651 812 662 ,
832 629 996 666 colligarent.
1037 629 1087 656 Sed
1102 638 1156 666 quo
1170 638 1211 656 res
1225 627 1282 655 fieri
1296 629 1442 665 expeditius
1456 629 1541 667 posset
1555 639 1562 660 3
1584 631 1689 667 Regem
1705 632 1799 667 pocula
1814 643 1869 662 non
1883 626 1960 671 parvi

386 670 493 697 numeri
507 670 571 697 vino
585 689 592 701 ‚
620 668 759 706 mulsoque
772 668 916 705 complesse
930 688 937 699 ‚
963 668 1084 704 circaque
1097 666 1208 695 accessus
1231 665 1312 694 fontis
1334 665 1482 694 infidiossm
1505 668 1623 695 venturis
1644 669 1792 704 opposuisse
1812 671 1957 701 fallaciam:

383 708 440 736 illos
456 709 490 735 de
505 716 583 735 more
595 706 672 734 solito
683 706 790 735 bibendi
804 707 966 743 appetitione
979 714 1117 742 correPtos
1137 706 1169 733 ad
1183 703 1295 741 hospitia
1315 713 1379 733 nota
1398 705 1496 733 venisse
1512 715 1517 731 :
1544 704 1588 732 sed
1604 715 1667 734 cum
1681 707 1828 744 liquoribus
1842 711 1961 739 odoratis

386 745 556 774 offendissent
572 745 713 782 fragrantia
727 744 836 783 pocula,
857 744 1040 772 vetustioribus
1054 743 1228 781 anteposuisse
1242 752 1282 770 res
1296 752 1377 771 novas
1393 764 1401 775 ,
1427 743 1544 771 invasisse
1557 745 1670 772 aviditer
1689 745 1829 774 dulcedine
1842 749 1960 784 potionis

387 792 478 822 captos
492 805 501 817 ,
527 783 632 811 hausisse
658 783 715 819 plus
742 784 828 812 nimio
842 804 849 815 ,
875 782 1067 810 obdormivisse
1092 782 1175 810 factos
1200 790 1293 818 graves
1307 792 1313 808 ;
1347 788 1405 809 turn
1433 780 1473 809 bis
1492 781 1567 808 senos
1588 782 1733 811 incubuisse
1753 783 1843 820 sopitis
1858 807 1866 818 ,
1893 787 1960 822 inje-

385 823 447 850 cisse
462 822 602 850 madidatis
616 822 721 850 vincula
735 844 742 855 ‚
763 821 965 859 expergitosque
979 821 1036 849 illos
1050 822 1138 848 statim
1152 820 1316 856 perdocuisse
1331 821 1437 856 Regem
1453 840 1460 850 ‚
1485 819 1579 857 quibus
1601 821 1632 848 ad
1647 829 1728 849 terras
1745 824 1834 850 modis
1854 825 1960 862 Jupiter

388 862 468 897 possit
482 860 612 888 sacrificiis
625 860 704 892 elici,
729 863 755 889 δε
775 868 883 896 accepta
903 861 1009 896 Regem
1030 859 1136 887 scientia
1156 868 1216 885 rem
1229 858 1256 884 in
1278 859 1413 885 Aventino
1434 857 1522 885 fecisse
1542 858 1660 886 divinam
1674 881 1681 891 ,
1709 859 1814 888 elexisse
1833 863 1865 890 ad
1880 870 1960 890 terras

386 901 486 937 Jovem
497 920 503 931 ‚
523 898 555 925 ab
570 908 656 935 eoque
670 898 783 936 quaesisse
796 899 879 926 ritum
893 899 1103 934 procurationis,
1123 899 1223 935 Jovem
1237 896 1283 924 diu
1299 896 1453 924 cuneiatum
1469 907 1474 923 ⁴.
1494 895 1613 929 Expiabis
1627 919 1635 929 ‚
1656 898 1747 926 dixisse
1761 919 1768 930 ,
1787 898 1961 938 capitesalgu-

384 936 447 965 rita.
488 939 594 974 Regem
607 936 779 973 respondisse:
800 935 915 971 Capina?
936 937 1035 973 Jovem
1050 934 1148 963 rursus:
1169 938 1297 962 Humana.
1338 934 1464 962 Retulisse
1477 939 1582 971 Regem,
1605 934 1647 963 sed
1660 936 1753 971 capillo.
1792 938 1883 965 Deum
1898 949 1962 966 con-

385 981 427 1002 tra
440 987 447 1008 ;
474 974 590 1002 animali.
609 974 744 1012 subjecisse
759 974 922 1011 Pompilium
937 994 944 1005 ,
966 973 1044 1008 pistis.
1084 975 1163 1001 Tunc
1176 972 1308 1010 ambiguis
1322 974 1421 1010 Jovem
1443 972 1665 1010 propositionibus
1679 982 1788 1012 captum
1803 996 1811 1006 ‚
1839 976 1958 1004 extulisse

386 1013 455 1041 hanc
470 1023 580 1041 vocem:
601 1012 719 1051 Decepisti
733 1023 772 1041 me
786 1016 875 1040 Numa
890 1024 897 1038 .·
917 1020 980 1039 nam
996 1022 1048 1050 ego
1062 1011 1184 1038 humanis
1199 1010 1327 1047 capitibus
1341 1012 1477 1047 procurari
1492 1012 1680 1039 constitueram
1695 1013 1820 1050 fulgurita
1832 1033 1840 1042 ‚
1868 1015 1961 1042 Numa

386 1052 483 1090 capillo
498 1052 610 1089 caepitio.
631 1053 759 1089 quoniam
774 1061 820 1079 me
833 1059 925 1078 tamen
939 1056 985 1077 tua
998 1050 1177 1079 circumvenit
1190 1049 1297 1080 astutia,
1319 1058 1401 1085 quem
1416 1048 1520 1076 voluisti
1535 1069 1542 1079 ,
1563 1049 1660 1079 habeto
1675 1060 1782 1078 morem
1798 1072 1804 1083 ‚
1826 1054 1853 1080 ὃ(
1867 1051 1906 1079 his
1920 1062 1961 1080 re-

386 1090 435 1119 bus
449 1099 512 1128 quas
528 1091 619 1128 pactus
633 1100 660 1117 es
675 1111 682 1122 ‚
710 1097 928 1127 procurationem
942 1088 1046 1126 semper
1058 1087 1179 1124 suscipies
1201 1087 1400 1124 fulguritorum.
1434 1087 1568 1126 Hactenus
1588 1088 1726 1116 Arnobim.
1765 1090 1868 1118 Eadem
1881 1090 1962 1120 habet

385 1129 538 1156 Plutarchus
556 1130 583 1156 in
600 1130 703 1156 Numa.
740 1129 812 1156 Huic
826 1129 887 1155 Deo
901 1136 965 1155 cum
981 1137 1036 1156 non
1049 1127 1100 1154 rite
1114 1129 1217 1155 sacrum
1236 1125 1337 1153 fecisset
1351 1124 1410 1153 Tul.
1427 1123 1551 1162 Hostilsm
1565 1147 1574 1158 ,
1601 1126 1714 1155 fulmine
1732 1128 1800 1157 iesus
1820 1137 1884 1157 cum
1904 1137 1960 1159 tota

385 1167 472 1194 domo
486 1167 669 1204 conflagravit.
688 1166 781 1195 Livius
794 1166 839 1194 lib.
851 1177 872 1195 ι.

429 1208 470 1242 Ju
482 1215 587 1233 turen
609 1206 886 1236 Camrormus,
907 1206 994 1241 qui&
1009 1206 1095 1231 ΟΡτ.
1117 1205 1205 1231 Max.
1226 1202 1311 1230 dietus
1327 1203 1376 1233 est,
1398 1202 1470 1239 quod
1486 1203 1550 1231 velit
1564 1206 1592 1232 ὃ(
1606 1204 1685 1240 possit
1699 1206 1824 1233 omnibus
1839 1207 1960 1243 prodesse

389 1247 417 1273 δε
432 1244 551 1280 OPtimus
569 1243 678 1278 quidem
694 1250 756 1269 ante
770 1252 851 1279 quam
865 1244 999 1270 maximus
1011 1252 1016 1268 z
1038 1242 1099 1277 quia
1114 1241 1201 1275 majus
1215 1240 1245 1266 fit
1259 1260 1267 1270 ,
1287 1239 1438 1275 gratiusque
1451 1241 1572 1274 prodesse
1587 1252 1594 1270 3
1621 1251 1702 1277 quarn
1717 1252 1826 1279 magnas
1840 1253 1904 1279 opes
1916 1245 1961 1271 ha.

386 1282 465 1312 bere,
485 1281 549 1308 teste
563 1279 677 1307 Cicerone
692 1301 699 1311 ‚
719 1280 765 1316 qui
778 1281 860 1307 etiam
875 1279 936 1307 alibi
952 1278 1041 1307 scribit
1054 1298 1061 1309 ‚
1089 1279 1189 1315 Jovem
1204 1276 1217 1305 a
1231 1286 1293 1314 pop.
1309 1278 1392 1306 Rom.
1408 1285 1518 1313 propter
1530 1277 1656 1305 beneficia
1669 1298 1677 1309 ‚
1706 1282 1765 1312 Opt.
1780 1287 1889 1317 propter
1903 1282 1962 1309 vim

387 1319 537 1347 Maximum
552 1318 712 1355 appellatum
726 1318 809 1346 fuisse.
848 1316 984 1352 Capitolini
996 1325 1098 1344 nomen
1114 1315 1205 1343 habuit
1225 1314 1238 1342 a
1256 1322 1351 1342 monte
1373 1313 1513 1349 Capitolino
1525 1335 1532 1344 .
1559 1317 1586 1343 in
1601 1327 1654 1354 quo
1677 1317 1810 1353 templum
1827 1320 1850 1346 ej
1870 1319 1961 1346 condi.

387 1366 448 1386 tum
463 1378 470 1389 ‚
498 1360 524 1386 ὃ(
540 1356 624 1385 cultus
637 1357 742 1384 divinus
756 1357 888 1383 institutus
909 1355 959 1384 fuit
975 1366 980 1382 z
1008 1355 1041 1381 de
1055 1364 1108 1390 quo
1121 1354 1226 1389 templo
1239 1352 1252 1379 ὲ
1268 1363 1322 1390 quo
1340 1354 1461 1388 primum
1476 1354 1629 1382 extructum
1643 1355 1672 1382 sit
1682 1377 1689 1387 ‚
1709 1357 1849 1392 quomodo
1862 1357 1961 1385 confla-

388 1396 505 1433 graverit
520 1416 527 1426 ,
555 1397 582 1423 δε
596 1394 609 1421 a
625 1395 720 1431 quibus
734 1394 906 1421 restauratum
920 1393 953 1421 sit
968 1413 976 1424 ,
1001 1393 1139 1419 audiemus
1159 1389 1288 1418 Tacitum.
1329 1391 1353 1417 Is
1368 1400 1433 1430 vero
1447 1390 1481 1417 fic
1494 1389 1582 1419 scribit
1598 1404 1602 1419 :
1631 1395 1750 1422 Voverat
1762 1394 1814 1423 hoc
1827 1394 1962 1432 templum

389 1439 469 1472 Tarq.
488 1432 582 1467 Prifius
595 1433 655 1459 Rex
670 1432 740 1459 bello
754 1431 850 1458 Sabino
859 1451 865 1461 ,
884 1431 1036 1467 jeceratque
1050 1429 1224 1457 fundamenta
1238 1428 1282 1465 spe
1297 1429 1382 1465 magis
1398 1430 1491 1455 suturae
1504 1431 1695 1466 magnitudinis
1710 1443 1717 1462 3
1739 1442 1820 1469 quam
1834 1442 1888 1469 quo
1902 1443 1962 1462 mo-

387 1473 452 1500 dicae
466 1471 550 1498 adhuc
564 1470 657 1507 populi
672 1472 755 1497 Rom.
771 1479 812 1497 res
826 1468 984 1496 sufficerent.
1025 1470 1092 1496 Mox
1105 1472 1160 1494 Ser.
1175 1467 1241 1494 Tull.
1264 1467 1398 1494 sociorum
1413 1467 1498 1494 studio
1513 1487 1520 1497 ‚
1547 1469 1643 1495 deinde
1663 1475 1743 1508 Tarq.
1764 1471 1866 1505 Superb.
1887 1480 1963 1508 capta

389 1510 475 1537 Sueffi
492 1510 627 1540 Pometia,
647 1509 762 1537 hostium
777 1507 865 1545 spoliis
879 1515 1026 1535 extruxere.
1054 1507 1102 1533 Sed
1118 1505 1204 1544 gloria
1218 1506 1306 1542 oPei-is
1322 1504 1435 1532 libertati
1449 1503 1586 1534 reservata.
1614 1507 1690 1534 Pulsis
1707 1509 1826 1544 Regibus
1837 1509 1962 1537 Horatius

389 1546 516 1574 Pulvillus
529 1547 627 1574 iterum
644 1546 705 1574 Cos
719 1547 852 1574 dedicavit
867 1555 896 1573 ea
911 1545 1109 1582 magnificentia
1123 1565 1130 1575 ‚
1157 1552 1239 1580 quam
1255 1541 1391 1570 immensa:
1406 1543 1494 1578 postca
1508 1553 1571 1581 pop.
1592 1546 1676 1572 Rom.
1696 1555 1761 1581 opes
1773 1554 1900 1573 ornarent
1914 1557 1961 1582 po-

388 1586 443 1612 tius
458 1605 465 1616 ,
492 1594 573 1621 quam
595 1593 729 1622 augerent.
770 1584 868 1612 Iisdem
883 1583 968 1611 rursus
984 1583 1098 1620 vestigiis
1112 1582 1191 1609 situm
1207 1582 1260 1614 est,
1286 1582 1426 1618 postquam
1444 1582 1586 1618 interjecto
1608 1593 1691 1611 coxv.
1711 1593 1842 1611 annorum
1860 1584 1958 1619 spatio,

391 1627 423 1651 L.
436 1622 558 1656 Scipione,
579 1626 612 1651 C.
626 1623 743 1650 Norbano
757 1623 828 1650 Coss
841 1622 1007 1659 flagraverat.
1047 1622 1146 1648 Curam
1161 1618 1240 1646 vietor
1252 1619 1318 1657 Syll-¹
1331 1618 1442 1655 suscepit
1454 1640 1462 1650 ‚
1482 1629 1568 1656 neque
1582 1629 1674 1649 tamen
1688 1621 1832 1649 dedicavit:
1852 1621 1904 1649 hoc
1920 1622 1960 1649 st).

390 1660 448 1688 lum
465 1660 585 1688 felicitati
599 1662 655 1697 ejus
672 1670 815 1699 negatum,
834 1659 935 1687 Lutatii
948 1658 1035 1686 Catuli
1048 1668 1150 1686 nomen
1165 1660 1234 1685 inter
1247 1665 1319 1686 tanta
1333 1656 1468 1685 Caesarum
1483 1667 1580 1694 opera,
1601 1659 1681 1695 usque
1694 1659 1727 1685 ad
1743 1660 1869 1687 Vitellium
1884 1669 1960 1688 man-

389 1699 429 1726 fit.
470 1699 605 1727 Hactenus
619 1704 724 1726 Tacitus
737 1720 744 1731 ‚
773 1708 834 1726 cum
849 1707 903 1734 quo
918 1697 980 1725 facit
994 1699 1076 1725 etiam
1093 1697 1249 1723 Plutarchus.
1290 1696 1340 1723 Sed
1361 1697 1387 1723 δε
1408 1695 1460 1723 hoc
1480 1704 1490 1723 t
1516 1696 1614 1732 nplum
1636 1704 1665 1724 ut
1684 1697 1757 1724 idem
1779 1707 1840 1725 curn
1863 1699 1960 1726 Tacito

390 1738 497 1774 prodit,
518 1737 544 1764 in
560 1737 660 1765 Vitellii
674 1736 845 1765 seditionibus
859 1735 979 1763 everfiim
994 1746 1024 1764 ac
1039 1736 1159 1763 dirutum
1174 1736 1218 1762 est.
1259 1734 1340 1770 Qlod
1354 1734 1452 1761 iterum
1468 1734 1482 1761 a
1493 1706 1632 1772 {finissimo
1646 1735 1679 1762 de
1694 1736 1799 1773 integro
1811 1735 1960 1768 refeftum‚

391 1784 445 1802 una
459 1785 522 1803 cum
538 1775 613 1812 ipsius
629 1777 737 1804 interitu
750 1776 950 1803 inflammatum
960 1795 967 1806 ‚
987 1783 1065 1810 atque
1079 1772 1215 1801 incensum
1231 1772 1275 1799 est.
1315 1772 1441 1799 Tandem
1455 1773 1469 1799 a
1482 1771 1628 1799 Domitiano
1642 1781 1766 1810 quartum
1787 1774 1959 1802 restauratum

390 1814 443 1845 est,
463 1813 596 1841 columnis
610 1815 666 1850 ejus
680 1825 712 1842 ex
726 1813 873 1842 Pentelesio
887 1813 972 1848 lapide
987 1812 1090 1843 excisis,
1111 1814 1138 1840 ὃς
1153 1811 1185 1838 ad
1202 1811 1401 1838 deaurationem
1418 1810 1494 1846 ipsius
1506 1819 1537 1837 x1
1548 1821 1569 1837 1.
1591 1811 1705 1838 millibus
1726 1812 1887 1840 talentorum
1907 1812 1960 1839 im-

389 1852 482 1888 pensis.
521 1853 598 1880 Idem
614 1853 717 1884 scribit,
737 1851 911 1892 Tarquinium
929 1852 957 1878 in
972 1851 1146 1878 fundamenta
1161 1849 1217 1885 ejus
1231 1848 1338 1883 templi,
1358 1849 1429 1884 quod
1442 1847 1560 1884 primum
1578 1849 1718 1887 conditum
1734 1849 1799 1880 fuit,
1818 1859 1862 1877 XI.
1878 1850 1961 1878 millia

388 1891 493 1926 argenti
506 1890 632 1918 librarum
646 1891 812 1927 impendisse.
853 1889 1031 1918 Memorabile
1044 1889 1080 1916 est
1094 1909 1102 1919 ‚
1123 1888 1194 1925 quod
1210 1887 1243 1913 de
1256 1885 1308 1913 hoc
1321 1885 1425 1921 templo
1438 1884 1568 1922 Dtoigyfim
1582 1905 1589 1915 ,
1608 1886 1698 1913 Lirim
1710 1907 1718 1918 ‚
1739 1886 1854 1918 Servius,
1876 1889 1902 1915 3<
1917 1888 1961 1915 alii

391 1927 505 1957 scribunt
519 1938 582 1957 cum
596 1930 623 1958 id
638 1927 652 1956 ὲ
665 1933 745 1968 Tarq.
763 1929 842 1963 Prisco
854 1929 911 1965 jam
929 1935 1025 1955 votum
1038 1925 1159 1961 Superbus
1172 1924 1311 1959 aedificare
1321 1923 1399 1951 vellet
1414 1945 1421 1955 ,
1448 1925 1474 1951 ὃς
1489 1924 1601 1961 auguriis
1622 1923 1713 1951 Deum
1728 1926 1895 1953 voluntatem
1914 1935 1959 1954 ex-

391 1965 506 2001 ploraret
518 1987 526 1997 ,
554 1969 597 2004 qui
613 1977 692 1995 mons
705 1967 766 1995 huic
779 1968 883 2004 templo
897 1966 961 1994 esset
973 1965 1120 2002 aptissimus
1133 1984 1141 1995 ‚
1170 1964 1197 1991 in
1212 1961 1337 1989 omnibus
1350 1968 1439 1988 autem
1464 1961 1583 1996 TmpeJm
1602 1963 1664 1989 esset
1684 1963 1805 1991 inventus
1818 1983 1825 1994 ‚
1858 1964 1885 1991 in
1903 1974 1958 2002 quo

391 2011 464 2031 erant
480 2004 563 2032 multa
577 2005 742 2033 diversorum
756 2007 901 2034 numinum
914 2003 1018 2034 fficella5
1040 2002 1141 2030 facium
1157 2001 1222 2033 esse,
1242 2008 1271 2027 ut
1285 2000 1380 2028 exinde
1394 2000 1426 2027 ad
1440 2000 1488 2028 alia
1502 1999 1602 2036 templa
1616 2001 1727 2028 numina
1740 2008 1914 2029 evocarentur
1921 2002 1959 2029 sa-

391 2041 513 2073 ίῑὶῆῦίίὃ,
532 2052 586 2079 quo
599 2044 684 2079 posset
698 2043 779 2071 libere
792 2064 799 2074 ,
821 2046 847 2071 δε
863 2043 916 2070 fine
930 2041 1033 2078 piaculo
1047 2041 1180 2077 templum
1195 2039 1270 2077 Jovis
1289 2038 1426 2066 aedificare.
1465 2039 1536 2065 Cum
1551 2048 1646 2065 omnes
1661 2040 1705 2066 Dii
1725 2040 1836 2067 libenter
1848 2040 1960 2077 migras-

390 2077 462 2109 sent,
482 2084 506 2105 T
505 2081 629 2108 erminum
647 2081 733 2109 solum
755 2081 894 2109 abscedere
913 2080 1023 2108 noluisse
1035 2100 1043 2111 ‚
1070 2079 1112 2106 sed
1135 2079 1186 2107 illic
1206 2076 1375 2107 remanfisse5
1401 2084 1466 2104 tunc
1479 2077 1512 2103 de
1525 2075 1578 2103 hoc
1597 2077 1652 2114 ipso
1674 2077 1847 2105 sacrificatum
1866 2080 1893 2106 ὃς
1912 2079 1958 2106 de.

394 2115 552 2151 prehensum
568 2139 575 2149 ,
609 2120 679 2155 quod
702 2118 834 2146 Terminus
853 2129 915 2147 cum
935 2117 1007 2155 Jove
1030 2127 1170 2145 remanens
1190 2124 1319 2144 aeternum
1339 2114 1374 2142 ibi
1400 2115 1545 2150 imperium
1566 2125 1629 2142 cum
1649 2116 1776 2152 religione
1794 2115 1960 2153 significaret.

392 2154 474 2180 Unde
489 2155 516 2180 in
530 2156 663 2191 Capitolio
677 2158 793 2193 primam
807 2165 912 2193 partem
925 2156 990 2184 testi
1002 2163 1108 2193 patere,
1128 2166 1185 2193 quae
1197 2154 1313 2191 lapidem
1327 2152 1413 2188 ipsum
1428 2151 1513 2180 Deum
1529 2151 1636 2189 speftet.
1676 2154 1726 2181 Sed
1742 2156 1768 2182 δε
1782 2151 1958 2189 Juventutem

391 2190 530 2219 abscedere
546 2194 666 2225 noluisse,
686 2195 765 2231 aliqui
778 2203 882 2223 notant.
922 2196 964 2222 De
976 2193 1181 2231 magnificentiis
1194 2195 1251 2229 ejus
1265 2190 1392 2230 Diomfius
1406 2191 1460 2218 haec
1474 2191 1554 2218 tradit
1569 2212 1576 2223 ‚
1603 2192 1681 2219 situm
1702 2191 1778 2219 fuisse
1791 2212 1799 2223 ,
1825 2194 1852 2220 &
1866 2191 1959 2219 sunda-

392 2238 452 2258 tum
467 2230 494 2256 in
509 2228 559 2256 alta
574 2232 720 2267 crepidine,
741 2242 821 2260 v111.
834 2234 958 2270 jugerum
973 2233 1075 2260 ambitu
1085 2253 1092 2264 ‚
1111 2241 1148 2259 cc.
1162 2232 1248 2259 ferme
1262 2229 1370 2265 pedibus
1384 2236 1476 2266 patens
1491 2250 1497 2260 ,
1518 2238 1565 2266 per
1578 2230 1658 2257 latera
1671 2229 1770 2267 lingula
1787 2230 1843 2266 pari
1861 2237 1957 2266 propc-

395 2268 510 2295 modum
524 2266 690 2304 longitudine
704 2290 711 2300 ‚
737 2277 816 2305 atque
834 2272 971 2299 latitudine
985 2291 992 2301 ‚
1013 2271 1058 2298 vix
1077 2280 1124 2297 xv.
1140 2271 1240 2306 pedum
1255 2267 1403 2294 differentia
1422 2267 1541 2295 frontem
1556 2268 1613 2303 ejus
1625 2267 1760 2295 Meridiem
1778 2267 1939 2304 spectantem
1949 2290 1956 2301 ,

393 2305 508 2333 habuisse
528 2307 663 2342 porticum
683 2315 745 2333 cum
766 2307 861 2342 triplici
880 2310 1068 2336 ‹olumnarum
1088 2309 1202 2338 ordine3
1231 2308 1258 2333 in
1271 2305 1394 2333 lateribus
1407 2311 1497 2332 autem
1519 2306 1617 2343 duplici
1631 2307 1742 2334 ordine:
1769 2305 1872 2341 tresque
1891 2307 1958 2335 :³:ch

392 2353 467 2380 pares
482 2344 672 2371 communibus
686 2351 824 2371 contentas
838 2344 910 2372 fuisse
923 2346 1045 2375 lateribus
1054 2367 1060 2378 ‚
1082 2347 1201 2374 mediam
1215 2344 1289 2373 fuisse
1303 2342 1372 2375 ,lovis
1385 2365 1392 2375 ,
1413 2342 1426 2370 a
1441 2343 1531 2371 dextra
1543 2348 1675 2376 Minerva,
1696 2343 1709 2370 a
1722 2344 1820 2379 sinistra
1834 2343 1958 2379 Junonis.

393 2382 426 2408 Et
439 2382 501 2418 quia
513 2380 633 2408 Minerva
648 2391 824 2408 numerorum
839 2382 958 2410 inventio
973 2382 986 2410 a
1000 2384 1131 2412 veteribus
1145 2383 1327 2412 tribuebaturs
1354 2381 1395 2409 lex
1411 2389 1466 2408 erat
1480 2381 1575 2419 scripta
1590 2403 1596 2413 ‚
1622 2389 1651 2410 ut
1671 2382 1715 2418 qui
1736 2382 1870 2409 Maximus
1891 2383 1958 2411 Frae-

391 2428 435 2445 tor
450 2420 526 2449 essct,
548 2419 652 2447 clavum
667 2420 743 2456 juxta
757 2418 873 2454 ejusdem
888 2420 1075 2449 simulachrum
1090 2429 1233 2460 pangeret,
1244 2419 1323 2447 'unde
1333 2429 1465 2447 annorum
1478 2429 1605 2448 numerus
1618 2418 1829 2457 cognosceretur.
1854 2418 1958 2447 Livius.-

390 2458 421 2485 In
434 2457 543 2495 vestigio
556 2457 633 2493 hujus
647 2457 743 2495 templi
758 2464 811 2486 erat
828 2458 912 2487 fictilis
925 2462 1077 2489 Summanus
1091 2465 1161 2490 Deus
1174 2479 1183 2490 ,
1210 2459 1283 2495 cujus
1299 2465 1376 2496 caput
1399 2458 1432 2488 de
1446 2458 1516 2488 coelo
1537 2458 1639 2489 metum
1661 2457 1758 2487 decidit
1778 2458 1804 2485 in
1826 2458 1958 2524 Tiberissn.

1871 2499 1913 2525 Ha
1933 2506 1958 2523 e-
