2075 2734
76 0 122 13 rw*-

3 0 38 59 Ρ(
46 0 51 22 ¹

10 36 20 54 γ.

819 68 832 82 X

525 105 1272 144 DsznrsV0r1vrs.CA?32“2,
1633 121 1691 153 *345-

682 184 707 212 C
739 192 757 211 Α
791 194 806 212 Ρ
841 193 861 211 u
894 193 911 210 τ
970 185 1100 217 XXII.

739 237 793 270 De
808 236 892 271 ludis
909 239 1045 272 Votivis.

100 318 231 382 Vm‘m'
245 318 301 347 Iudi
314 316 409 351 erant}
437 316 485 354 qui
498 316 512 345 a
527 314 723 354 Magistratibus
737 316 771 344 ad
783 315 885 344 bellum
901 317 976 345 itur-is
989 316 1143 346 vovebantur
1154 338 1163 351 ,
1185 319 1244 355 post
1257 329 1298 349 res
1311 319 1423 350 feliciter
1435 322 1518 360 gestas
1530 342 1537 354 ‚
1557 324 1585 351 ἂ
1600 322 1686 351 νίθωζ,

189 360 258 387 riam
273 366 377 395 partam
392 355 541 385 exhibendi.
569 357 659 392 Atque
672 353 699 381 hi
712 355 963 395 introducebantur,
983 361 1028 382 aut
1043 355 1167 391 Sibyllinis
1182 359 1308 391 verfibus,
1330 367 1375 387 aut
1388 370 1515 397 augurum
1529 362 1686 397 praeceptio-

102 396 193 428 nibus,
208 403 253 424 aut
265 395 397 434 promiffis
410 395 608 430 Imperatorum
617 414 625 426 ,
640 391 683 421 vel
697 400 759 434 ante
770 393 881 425 bellum,
892 393 933 421 vel
942 392 1067 434 confedto
1075 393 1370 432 bello‚atquehossibus
1383 398 1504 426 devietis.
1523 398 1602 426 Tales
1610 405 1686 427 erant

100 435 138 463 illi
152 455 160 466 ‚
186 443 253 472 quos
267 443 367 471 magnos
382 432 609 469 cognominarunt
622 452 629 463 ,
655 431 728 468 quod
741 441 768 459 m
780 431 897 458 honorem
911 435 997 471 Jovqs,
1017 441 1099 469 quem
1113 433 1262 468 principem
1279 436 1400 462 Deorum
1416 436 1557 472 putabant,
1577 437 1684 466 fierent:

102 481 220 509 quorum
233 471 318 501 multa
330 471 434 499 mentio
448 470 484 498 cst
499 476 559 498 tum
573 469 641 505 apud
655 469 734 501 alios,
753 477 812 497 tum
827 470 894 505 apud
908 473 1026 501 Limum,
1047 477 1077 497 ut
1091 469 1108 497 l.
1118 479 1159 498 22.
1169 470 1195 496 in
1203 470 1309 499 historia
1316 474 1376 500 anni
1390 475 1572 503 mxxxvr.ubi
1581 475 1686 507 scribit,

102 510 215 539 authore
231 513 276 548 Q
287 507 363 536 Fabio
379 507 497 535 Maximo
514 508 654 535 Dietatore
674 508 806 543 placandae
826 509 916 535 Deum
940 508 984 534 ira:
999 527 1006 537 ,
1034 509 1060 535 δε
1077 506 1186 535 νὶὲῗονὶιι
1200 509 1235 536 de
1250 510 1498 547 Carthaginensibus
1511 513 1685 549 impetranda·

101 549 186 586 gratia
198 569 207 580 ‚
232 557 265 575 ex
283 546 356 574 libris
378 545 511 582 Sibyllinis
529 554 598 573 votos
613 545 689 573 fuisse
702 546 771 573 ludos
784 555 886 583 magnos
900 567 907 577 ‚
934 546 991 573 aeris
1005 555 1123 574 cccxxxr
1133 555 1141 573 ι
1152 557 1172 573 1.
1190 546 1305 575 millibus
1319 550 1416 576 triente
1430 560 1435 575 t
1462 558 1589 585 praeterea
1601 551 1686 579 bubus

101 587 165 624 Jovi
180 595 239 614 ccc.
253 584 345 612 multis
358 583 413 611 aliis
428 585 505 612 Divis
516 582 593 611 bubus
607 583 672 611 albis
686 604 693 615 ‚
714 591 793 620 atque
806 584 906 611 caeteris
919 583 1008 610 hostiis
1018 603 1024 615 ,
1045 585 1098 611 δῖε.
1138 585 1289 622 Qomodo
1302 594 1392 612 autem
1407 586 1433 613 hi
1450 596 1611 616 voverentur
1625 610 1632 620 ‚
1653 598 1686 616 ex

101 625 201 652 eodem
211 621 286 650 Livio
300 621 471 659 cognoscitur
484 643 492 654 ‚
519 622 587 658 apud
603 631 685 659 quem
698 621 743 649 lib.
758 625 801 658 36.
815 621 849 649 fic
862 621 974 658 legimus
988 631 993 647 ⁴.
1020 622 1101 649 Certa
1113 622 1210 650 deinde
1223 622 1294 650 sorte
1308 623 1566 654 Senatusconiultum
1581 627 1683 654 tacitum

100 663 152 694 est,
172 661 244 698 quod
257 661 368 698 populus
382 661 521 688 Romanus
535 670 568 688 eo
582 667 706 696 tempore
718 659 835 687 duellum
849 659 959 695 juffisset
972 669 1035 687 cum
1050 663 1115 697 Rege
1122 658 1241 687 Antiocho
1255 660 1318 692 effe,
1341 662 1438 698 quique
1450 662 1494 689 sub
1506 664 1620 700 imperio
1627 666 1686 701 ejus

99 699 195 731 essent,
215 706 245 727 ut
260 699 316 735 ejus
333 699 371 726 rei
386 698 461 726 causa
475 698 695 735 supplicationem
710 698 873 734 imperarent
887 696 1029 725 Consules:
1052 700 1144 734 utique
1157 702 1197 726 M.
1211 698 1310 725 Acilius
1318 700 1491 734 Confielludos
1500 711 1611 739 magnos
1619 704 1684 740 Jovi

100 743 226 768 voveret,
248 738 274 765 ὃς
288 738 357 765 dona
371 737 404 764 ad
417 737 510 763 omnia
523 736 677 773 pulvinaria.
707 735 738 763 Id
753 742 848 764 votum
863 736 891 762 in
906 735 961 763 haec
977 734 1072 767 verba,
1092 744 1227 772 praeeunte
1243 736 1316 764 Publ.
1328 736 1420 764 Lnimo
1437 738 1554 776 I’ontfflce
1568 740 1684 768 Maximo

98 774 199 803 Consul
213 775 384 811 nuncupavit.
404 775 430 802 Si
444 773 563 802 duellum
577 774 648 811 quod
661 783 724 802 cum
740 772 865 801 Antiocho
881 775 957 809 Rege
971 773 1038 800 sumi
1053 773 1166 810 populus
1178 775 1251 810 juffit
1267 795 1274 806 ,
1294 776 1319 802 id
1335 785 1365 804 ex
1382 775 1511 803 sententia
1523 777 1624 806 senatus
1635 788 1684 814 po-

98 813 208 851 pulique
230 813 348 841 Romani
369 812 524 841 confectum
539 813 607 845 erit,
627 820 685 840 tum
701 811 748 839 tibi
763 812 870 850 Jupiter
880 811 993 847 populus
1008 813 1148 839 Romanus
1162 811 1232 839 ludos
1245 823 1348 851 magnos
1362 814 1417 841 dies
1431 815 1526 842 decem
1543 818 1685 844 continuos

97 852 176 880 faciet:
190 872 197 883 ‚
224 851 347 889 donaque
365 851 397 879 ad
410 851 503 878 omnia
515 849 661 887 pulvinaria
674 849 808 878 dabuntur
821 850 855 877 de
869 850 979 885 pecunia
993 870 1000 881 ,
1028 858 1156 886 quantam
1169 850 1274 884 senatus
1289 852 1445 880 decreverit.
1487 853 1612 890 Qissquis
1628 857 1684 882 Ma-

95 890 220 927 gistratus
234 898 279 916 eos
293 890 378 919 ludos,
388 889 507 926 quando,
518 888 616 925 ubique
629 887 708 919 faxit,
717 887 745 915 hi
758 887 814 915 ludi
825 888 897 915 recte
905 887 1111 927 sueth-donaque
1120 889 1179 917 data
1186 889 1258 916 redte
1266 888 1353 921 sunto,
1363 892 1413 918 ἃς.
1435 891 1685 920 Vovebanturnon-

98 936 239 965 nunquam
257 927 287 954 in
307 927 518 964 quinquennium
534 946 542 958 ‚
568 926 643 962 cujus
661 925 783 962 exempla
799 925 857 954 sunt
870 926 940 962 apud
953 929 1057 953 Livium
1073 927 1165 954 multa.
1205 927 1289 955 Libro
1303 928 1436 965 vigefimo
1450 927 1564 964 septimo
1577 929 1682 958 scribit:

95 970 205 992 Senatus
216 985 225 996 ,
254 964 308 1001 quo
320 966 364 993 die
377 966 497 1002 primum
510 965 547 992 est
559 963 662 992 habitus
676 984 684 995 ,
709 964 785 993 ludos
801 973 914 1001 magnos
927 964 1014 991 facere
1027 965 1186 992 Dic'batorem
1198 965 1271 1001 jussit
1285 986 1293 997 ‚
1315 975 1382 1003 quos
1394 970 1436 994 M.
1451 966 1571 994 AEmilius
1584 969 1684 996 Praetor

95 1003 177 1031 Urbis
192 1006 224 1030 C.
239 1002 381 1035 Flaminio,
400 1007 447 1030 Cn.
461 1002 566 1030 Servilio
580 1001 738 1030 Consulibus
754 1002 868 1035 fecerat,
888 1004 916 1030 δε
930 1003 957 1029 in
973 1003 1185 1039 quinquennium
1203 1012 1319 1032 voverat.
1346 1006 1420 1032 Tum
1435 1005 1559 1033 Dictator
1574 1008 1601 1035 ὅ(
1613 1006 1684 1033 ludos

95 1041 174 1073 fecit,
195 1043 222 1070 &
235 1040 263 1068 in
277 1040 386 1078 sequens
400 1041 511 1069 lustrum
524 1041 610 1069 vovit.
636 1041 713 1068 Idem
728 1040 798 1068 libro
810 1040 960 1077 trigesimo:
982 1043 1021 1068 Ut
1035 1041 1142 1076 placatis
1156 1042 1215 1069 Diis
1229 1043 1322 1070 omnia
1337 1043 1499 1079 inciperent,
1520 1053 1683 1081 agerentque

93 1080 235 1107 decretum
248 1078 262 1106 ἐι
276 1078 367 1108 senatu
379 1100 387 1112 ,
415 1086 445 1107 ut
458 1088 525 1116 quos
544 1078 621 1107 ludos
634 1083 675 1106 M.
691 1078 801 1107 Claudio
815 1078 933 1105 Marcello
946 1098 953 1109 ,
982 1082 1012 1106 T.
1027 1079 1145 1117 Qindlio
1158 1079 1317 1108 Consulibus
1330 1101 1338 1111 ‚
1365 1084 1398 1108 T.
1415 1081 1529 1108 Manlius
1544 1083 1682 1114 Dictator,

93 1117 209 1155 quasque
222 1116 319 1145 hostias
332 1118 449 1154 majores
462 1124 574 1146 voverat
588 1136 596 1151 ,
622 1116 641 1144 fi
653 1126 701 1153 per
713 1117 926 1155 quinquennium
941 1116 1005 1145 illud
1020 1117 1178 1153 Respublica.
1192 1119 1289 1146 eodem
1306 1119 1372 1145 flatu
1388 1118 1476 1147 fuisset
1490 1130 1497 1149 3
1520 1129 1566 1147 eos
1581 1121 1684 1148 Consu-

92 1156 131 1184 les
143 1155 297 1193 priusquam
311 1156 342 1183 ad
357 1156 456 1184 bellum
471 1156 719 1192 proficiicerentur‚
740 1155 867 1183 facerent.
908 1156 977 1183 Ludi
991 1155 1019 1182 in
1032 1155 1105 1183 circo
1118 1165 1165 1193 per
1179 1157 1350 1193 quatriduum
1366 1156 1440 1184 faeti:
1461 1156 1612 1195 hostiaeque,
1627 1160 1684 1195 qui-

95 1192 144 1222 bus
159 1200 228 1222 votae
241 1202 315 1222 erant
330 1195 396 1226 Diis,
409 1193 486 1221 caesae.
507 1193 642 1221 Hactenus
650 1192 832 1220 TitusLivius.

134 1232 272 1259 Pertinent
291 1232 343 1259 huc
362 1233 445 1260 etiarn
462 1230 518 1258 ludi
534 1231 644 1258 Vtaorm
657 1250 666 1262 ,
694 1229 749 1258 ludi
767 1229 973 1268 quuennales
985 1250 994 1261 ‚
1023 1230 1174 1258 Decemmles
1188 1250 1196 1262 ,
1216 1230 1360 1259 Vicemmles
1372 1252 1379 1262 ‚
1400 1232 1434 1260 de
1454 1232 1548 1269 quibus
1566 1232 1683 1261 brevitet*

97 1269 221 1306 quaedam
235 1270 365 1297 dicemus.

135 1306 206 1334 Ludi
221 1306 331 1334 thioriae
346 1307 359 1334 ὲ
374 1308 406 1336 L.
421 1305 551 1334 Cornelio
563 1305 632 1333 Sulla
646 1305 757 1333 instituti
770 1305 891 1337 fuerunt,
912 1304 982 1333 bello
995 1306 1080 1337 civili,
1101 1304 1206 1341 Afionio
1221 1308 1247 1335 ἃ
1261 1307 1347 1341 Vellejo
1357 1308 1486 1335 Paterculo
1495 1307 1613 1340 testibus,
1636 1318 1680 1337 cu-

94 1345 138 1381 jus
153 1345 234 1373 verba
249 1347 277 1373 in
293 1344 453 1374 Kalendario
469 1345 619 1372 citavimus.
639 1343 846 1372 Celebrabantur
862 1343 953 1371 menie
969 1345 1083 1371 Octobri
1097 1354 1144 1380 per
1157 1345 1213 1372 dies
1226 1346 1352 1382 quinque.

136 1385 252 1413 Fuerunt
265 1384 346 1412 etiam
361 1383 403 1410 alii
415 1381 524 1410 Vifftoriae
536 1382 590 1409 ludi
603 1383 632 1410 in
647 1383 812 1410 memoriam
826 1381 999 1409 vietoriarum
1014 1383 1046 1410 C.
1061 1381 1184 1414 Caelaris,
1205 1383 1328 1420 Augusti,
1350 1385 1524 1421 &opetaxsth
1546 1385 1681 1422 dequibus

90 1422 119 1449 in
133 1422 295 1450 Kalendario
308 1422 435 1450 diximus.

133 1459 342 1497 Qinquennales
367 1457 423 1485 ludi
443 1458 554 1486 instituti
574 1457 634 1485 sunt
652 1456 684 1484 ab
706 1457 824 1494 Augusto
844 1458 902 1494 post
922 1458 1060 1485 devizfitum
1081 1456 1227 1487 Antonium
1241 1480 1250 1492 ,
1279 1461 1308 1488 ὃς
1327 1468 1431 1496 partam
1452 1461 1593 1488 victoriam
1613 1463 1682 1499 apud

92 1497 198 1526 Ac‘i‘ium
213 1495 432 1532 promontorium:
452 1496 522 1524 unde
542 1497 623 1524 etiam
644 1493 749 1522 Aeimci
762 1495 822 1534 ludi
842 1505 1034 1533 nonnunquam
1055 1496 1220 1533 appellantur
1232 1518 1240 1529 ‚
1260 1498 1331 1525 testis
1349 1503 1481 1525 Suetonius
1500 1500 1527 1526 in
1548 1502 1681 1536 Augusto,

92 1546 151 1573 cap.
169 1537 209 1565 18.
230 1534 271 1563 his
291 1535 391 1563 verbis:
415 1536 530 1572 Qoque
549 1532 657 1561 Affiiacae
676 1532 782 1560 viHortae
802 1535 935 1561 memoria
954 1534 1111 1562 celebratior
1131 1535 1158 1561 in
1178 1536 1315 1571 posterum
1336 1536 1412 1567 ess'et,
1432 1536 1527 1563 urbem
1546 1536 1680 1571 Nicopolxm

92 1574 162 1611 apud
185 1573 296 1601 Aetium
316 1573 457 1601 condidit:
484 1571 611 1608 ludosque
629 1571 682 1599 illic
700 1569 899 1610 quinquennales
923 1573 1058 1601 constituit
1074 1583 1079 1599 ·.
1107 1574 1134 1600 ἃ
1154 1573 1283 1610 ampliato
1302 1582 1392 1602 vetere
1412 1574 1541 1610 Apollinis
1562 1576 1681 1611 templo,

92 1611 186 1640 locum
211 1612 356 1639 castrorum
369 1630 376 1642 ,
404 1610 497 1647 quibus
522 1611 608 1637 fuerat
633 1608 692 1637 usus
705 1630 713 1641 ,
739 1618 898 1637 exornatum
925 1609 1059 1638 navalibus
1086 1610 1172 1647 spoliis
1186 1632 1194 1643 ‚
1222 1615 1335 1645 Neptuno
1354 1620 1384 1638 ac
1403 1612 1487 1640 Marti
1508 1612 1680 1641 consecravit.

93 1649 144 1678 Dio
159 1648 204 1676 lib.
217 1659 261 1685 5¹-
303 1649 403 1676 Eadem
414 1649 464 1675 —die
479 1648 563 1676 Caesar
579 1646 692 1682 Apollim
704 1668 711 1678 ,
728 1648 774 1684 qui
787 1648 854 1684 apud
871 1647 972 1675 Ajiimn
985 1648 1094 1681 colitur,
1116 1651 1257 1677 triremem
1267 1670 1274 1681 ‚
1292 1651 1506 1686 quadriremem,
1528 1661 1558 1678 ac
1571 1651 1620 1678 alia
1635 1661 1680 1679 na-

94 1689 172 1716 vium
186 1696 285 1725 genera
296 1707 304 1718 ,
331 1686 412 1723 usque
426 1687 458 1714 ad
473 1687 639 1714 deciremem
652 1695 684 1712 ex
699 1686 782 1721 captis
796 1685 904 1714 navibus
920 1686 1084 1715 consecravit
1097 1707 1105 1719 ‚
1133 1689 1266 1725 templum
1281 1688 1368 1723 majus
1381 1689 1497 1716 extruxit
1512 1709 1520 1720 ,
1540 1688 1610 1715 ludos
1622 1700 1680 1717 mu-

92 1724 150 1761 (t'cos
171 1727 338 1765 &gymnicos
351 1745 359 1756 ,
386 1726 412 1752 ὃς
437 1733 572 1752 certamen
598 1724 716 1760 equestre
736 1733 798 1750 cum
818 1724 892 1751 lacro
911 1724 1095 1763 quinquennali
1115 1727 1251 1755 constituit
1264 1747 1272 1759 ,
1298 1725 1384 1753 Achos
1402 1726 1461 1754 illos
1479 1726 1549 1753 ludos
1569 1727 1677 1759 dicens,

93 1763 243 1800 urbemque
256 1773 290 1790 eo
304 1763 380 1794 loco,
401 1762 446 1790 ubi
460 1763 541 1790 castra
551 1761 692 1793 habuerat,
713 1761 817 1794 effecit,
838 1764 891 1790 δῖε.
922 1764 964 1790 De
974 1762 1068 1800 quibus
1080 1763 1148 1791 ludis
1163 1765 1246 1793 etiam
1261 1763 1348 1791 Strabo
1361 1763 1406 1790 lib.
1421 1775 1446 1801 7.
1461 1764 1587 1801 loquitur.
1622 1767 1679 1793 Ne-

93 1810 146 1838 que
165 1811 230 1829 vero
249 1800 277 1828 hi
295 1801 350 1828 ludi
367 1800 477 1834 Nicopoli
494 1808 600 1829 tantum
614 1820 621 1831 ,
640 1798 685 1826 sed
705 1802 733 1828 ὅτ.
751 1804 833 1826 Roma
852 1800 958 1829 fuerunt
978 1801 1119 1829 celebrati:
1140 1802 1174 1830 fic
1193 1804 1266 1830 enim
1286 1801 1335 1830 Dio*
1354 1801 1400 1829 lib.
1416 1812 1461 1839 53.
1484 1803 1575 1830 initio:
1595 1803 1679 1830 Ludos

94 1845 206 1875 propter
224 1840 364 1867 Affiacam
386 1838 529 1866 victoriam
551 1839 673 1866 decretos
693 1847 756 1865 cum
777 1836 885 1875 Agrippa
904 1839 1022 1867 exhibuit
1036 1860 1042 1870 ‚
1072 1842 1098 1868 ὃς
1112 1841 1139 1867 in
1151 1842 1182 1868 iis
1196 1841 1313 1878 equestre
1329 1847 1467 1868 certamen
1480 1850 1527 1877 per
1540 1849 1637 1876 pueros
1650 1844 1678 1870 &

94 1876 161 1905 viros
173 1876 291 1910 patricios
309 1877 433 1914 peregit:
460 1877 532 1914 iique
550 1877 676 1912 deinceps
695 1876 727 1904 ad
746 1878 863 1903 nostram
882 1877 963 1914 usque
981 1884 1086 1905 aetatem
1115 1878 1170 1906 ludi
1190 1880 1286 1916 quinto
1306 1886 1412 1914 quoque
1431 1887 1501 1905 anno
1521 1877 1584 1905 faeti
1602 1879 1677 1911 sunt,

93 1923 244 1951 eorumque
269 1916 371 1944 curatio
396 1922 508 1951 quatuor
526 1914 693 1942 sacerdotum
715 1914 832 1951 collegiis
850 1924 899 1951 per
918 1915 1042 1943 ordinem
1063 1917 1214 1949 incumbit,
1240 1914 1418 1953 Pontficibus:
1446 1916 1576 1943 nimirum
1590 1937 1597 1949 ‚
1622 1923 1678 1944 Au-

88 1952 195 1991 guribus
208 1973 215 1984 ,
239 1951 402 1987 Septemviris
414 1973 422 1984 ,
450 1952 491 1985 (δ’
516 1951 737 1991 Qindccimviris.
776 1953 889 1989 Gymnici
912 1962 1019 1990 quoque
1044 1953 1100 1980 ludi
1113 1972 1120 1984 ‚
1147 1956 1229 1982 stadio
1254 1956 1282 1981 in
1308 1962 1406 1989 campo
1433 1955 1533 1982 Martio
1550 1956 1676 1983 extrudto

93 1993 187 2029 ligneo
197 2010 207 2020 ‚
228 1990 280 2018 affl
292 1991 370 2019 sunt:
391 1993 418 2019 ὃ(
434 2001 530 2019 munus
542 1990 730 2028 gladiatorium
744 1990 953 2027 depugnantibus
968 1992 1077 2027 captivis
1094 1991 1251 2020 exhibitum.
1286 1991 1363 2018 Idem
1378 1991 1423 2019 lib.
1434 2001 1478 2027 5¹4.
1512 1994 1585 2019 Tum
1600 1992 1675 2032 quin-

95 2028 232 2068 quennales
252 2029 334 2056 etiam
352 2028 408 2055 ludi
422 2036 533 2066 propter
554 2029 716 2065 principium
733 2029 842 2064 Augusti
856 2029 888 2056 ab
904 2030 1022 2066 Agrippa
1035 2039 1040 2055 :
1068 2038 1132 2056 nam
1146 2031 1167 2057 is
1178 2039 1284 2067 quoque
1297 2040 1310 2056 a
1325 2029 1438 2066 collegio
1452 2028 1674 2067 Qindectmviro-

95 2078 155 2095 rum
166 2089 174 2100 ‚
202 2067 296 2104 quibus
310 2075 358 2102 per
369 2067 494 2095 ordinem
507 2067 607 2094 horum
621 2067 746 2095 ludorum
761 2068 863 2094 curatio
877 2066 1048 2094 incumbebat
1058 2087 1066 2098 ‚
1094 2076 1233 2103 coopmtus
1248 2070 1274 2096 ἃ
1290 2068 1460 2104 inauguratus
1473 2069 1560 2096 fuerat
1573 2089 1580 2100 ‚
1600 2070 1674 2097 inau-

95 2107 185 2144 gurati
196 2105 270 2136 sunt,
292 2106 344 2132 ὃῑς.
369 2105 456 2132 Iidem
466 2106 521 2134 ludi
534 2105 614 2132 etiam
628 2105 690 2133 hinc
703 2105 765 2131 inde
779 2104 805 2130 in
818 2105 976 2140 provinciiS,
1000 2104 1127 2140 Neapoli,
1149 2107 1214 2132 item
1233 2108 1259 2134 ἃ
1273 2106 1301 2132 in
1315 2107 1404 2143 Judaea
1418 2106 1538 2134 Caesareae
1547 2106 1578 2132 ab
1594 2111 1673 2134 Hero.

95 2145 126 2171 a'e
139 2144 251 2172 instituti
265 2144 291 2170 8<
303 2141 426 2170 celebrati
439 2142 510 2175 sunt,
530 2143 594 2171 teste
608 2141 718 2181 Egest'ppo
732 2146 758 2171 ὅῑ
772 2142 836 2172 aliis.
877 2144 950 2180 Qin
965 2143 1047 2170 etiam
1061 2143 1168 2179 reliquis
1184 2144 1240 2179 post
1255 2144 1400 2171 Octavium
1417 2144 1564 2180 Augustum
1582 2145 1673 2182 Impe-

93 2183 226 2211 ratoribus
247 2183 275 2209 ὃζ
295 2181 362 2208 vivis
385 2183 412 2208 Sc
431 2181 563 2209 defunffis
579 2202 586 2213 ‚
612 2181 667 2209 ludi
685 2180 882 2220 quinquennales
901 2180 1027 2209 celebrati
1048 2180 1125 2212 sunt,
1151 2182 1381 2217 quemadmodum
1402 2191 1434 2209 ex
1448 2180 1510 2208 AElio
1524 2182 1674 2216 Spaniam,

95 2222 125 2249 &
145 2220 247 2249 caeteris
266 2220 405 2246 minorum
425 2220 546 2255 gentium
566 2219 695 2248 historicis
722 2219 883 2257 cognoscere
895 2219 975 2247 licet:
1002 2219 1072 2246 unde
1086 2220 1166 2247 ctiam
1182 2219 1328 2247 flaminum
1341 2218 1565 2259 qumquennalium
1579 2222 1674 2259 origo,

95 2258 130 2286 de
147 2258 241 2296 quibus
261 2265 363 2285 veteres
382 2257 566 2292 inscriptiones
584 2257 718 2286 testantur.
757 2257 952 2296 Qinquennale
972 2266 1078 2295 quoque
1097 2266 1221 2285 certamen
1241 2259 1338 2286 Romae
1358 2259 1469 2287 instituit
1491 2259 1568 2287 Nero
1582 2280 1589 2292 ‚
1610 2261 1675 2289 teste

95 2297 211 2324 Suetonio
225 2296 300 2333 ipsius
315 2296 381 2326 vita,
401 2304 457 2331 cap.
473 2305 514 2322 12.

137 2333 288 2362 Decemmles
312 2334 378 2360 item
397 2332 452 2360 ludi
471 2332 485 2360 ὲ
505 2333 556 2360 Cn.
574 2334 689 2361 Od‘tavio
708 2333 827 2371 Augusto
845 2333 905 2362 sunt
927 2334 1058 2365 instituti,
1083 2342 1210 2370 praetextu
1229 2335 1347 2371 quodam
1366 2335 1398 2364 ad
1418 2336 1591 2372 Imperatoris
1611 2337 1674 2364 titu-

93 2372 169 2407 lum,
190 2371 404 2410 monarchiaeque
419 2371 579 2410 potestatem
591 2372 758 2401 retinendam
772 2373 825 2402 fine
837 2372 946 2403 invidia.
983 2371 1090 2440 Solelgzgt
1104 2374 1177 2404 enim
1190 2373 1298 2413 decimo
1313 2383 1384 2403 anno
1397 2395 1406 2408 ‚
1427 2375 1570 2404 constituto
1585 2375 1611 2401 in
1625 2376 1678 2405 hoc

455 2416 460 2419 '
1084 2419 1102 2440 x
1573 2414 1678 2451 ingenti
