2075 2734
415 88 1297 125 Ductusoniuusicivimi
1588 94 1648 135 499

63 156 128 186 lares
147 151 358 192 appellabantur.
379 150 459 182 ficut,
479 150 524 187 qui
543 156 702 186 praeturam,
716 147 828 183 pratorii
841 161 849 175 :
868 150 913 186 qui
933 148 1102 180 aedilitatem,
1121 146 1219 174 adilitii
1231 157 1240 172 :
1261 145 1307 184 qui
1327 144 1500 183 quaesturam,
1518 145 1647 185 questorii.

62 196 99 223 Et
115 201 170 221 erat
189 191 281 219 eximii
301 189 410 217 honoris
428 187 582 226 symbolum
597 209 605 220 ‚
631 188 684 215 dici
704 187 866 222 Confialarem
880 207 888 216 ,
910 186 961 214 hoc
980 186 1031 218 est,
1052 185 1158 223 agnosci
1178 194 1229 221 pro
1248 194 1296 217 eo,
1317 185 1361 221 qui
1381 184 1477 222 dignus
1496 183 1582 213 fuiss‘et
1602 185 1646 214 ha-

61 232 132 260 bitus
145 252 152 262 ,
178 230 219 257 cui
234 228 260 256 se
275 227 402 265 legitimis
417 226 544 263 suffragiis
556 225 702 261 respublica
717 227 858 256 Romana,
880 226 1007 252 maximae
1020 225 1100 260 partis
1114 223 1186 251 orbis
1202 231 1333 251 terrarum
1349 223 1460 251 domina
1473 244 1482 255 ,
1502 222 1645 260 aliquando

60 268 242 298 commisisset.
263 267 302 293 Ex
317 265 366 293 illis
381 265 456 293 elesti
469 264 530 292 sunt
540 284 545 293 ,
565 262 717 295 wehtam,
737 262 852 301 Alagg'slri
865 262 995 301 equitum,
1018 264 1045 290 &
1061 264 1185 297 Censbres.

102 308 168 334 Non
191 306 226 332 est
247 304 298 331 hoc
318 303 378 331 loco
397 303 499 331 filentio
519 302 734 337 praetereundum
748 322 755 332 ,
783 302 855 339 quod
874 303 908 329 de
929 299 1074 335 Confiaelibus
1094 298 1230 327 honorariis
1246 300 1300 327 Dio
1320 298 1365 327 lib.
1375 307 1421 336 43.
1439 298 1550 331 scribit,
1577 309 1644 337 quos

59 354 131 373 anno
147 355 173 372 A.
186 352 213 371 υ.
227 352 250 371 c.
266 351 367 370 ncciix.
380 342 500 377 primum
515 347 618 367 creatos
634 339 708 368 fuiffe
720 340 810 368 docet.
829 339 893 376 Ejus
905 338 986 367 verba
999 337 1059 366 sunt
1074 337 1140 366 haec:
1163 338 1341 371 Conficlatam‚
1360 338 1462 374 inquit,
1483 338 1565 372 Caefitr
1578 347 1640 365 con-

60 384 153 414 tinuo,
174 389 236 409 ante
250 380 346 411 etiam,
366 388 446 415 quam
461 377 566 405 Urbem
580 378 705 409 intraret,
725 377 836 413 accepit.
877 379 943 405 Non
954 384 1045 404 autem
1059 382 1118 403 toto
1135 385 1205 403 anno
1218 376 1295 412 gessit
1307 396 1314 405 ,
1336 374 1378 403 sed
1393 376 1532 412 postquam
1549 376 1576 403 in
1592 378 1644 403 Ur-

59 421 124 448 bem
140 421 213 448 venit
228 439 235 450 ,
261 427 294 445 eo
307 416 333 443 se
347 416 497 447 abdicavit,
525 416 686 455 Constclestlue
700 415 764 444 fecit
778 413 934 453 QFabium
945 435 954 446 ‚
983 424 1013 441 ac
1027 418 1059 440 C.
1074 412 1221 440 Trebonium
1236 425 1244 438 .·
1271 413 1404 450 Fabioque
1421 422 1543 441 extrema
1558 414 1643 451 magi-

59 459 153 486 stratus
167 458 205 486 sui
218 457 261 484 die
273 463 383 482 mortuo
396 475 403 485 ‚
431 454 519 481 statim
534 456 561 482 in
575 455 686 483 residuas
700 453 777 482 horas
792 458 822 481 C.
838 452 976 481 Caninium
989 451 1128 479 substituit.
1169 453 1233 478 ch
1247 452 1273 478 in
1289 461 1316 478 re
1331 452 1473 487 dupliciter
1489 453 1642 489 praerarica-

59 504 120 524 tum
135 496 172 524 est
185 495 198 522 :Ti
213 494 303 526 Caeffire
323 501 417 520 contra
438 493 554 520 instituta
571 494 708 529 majorum
723 513 731 524 ‚
759 492 831 530 quod
844 491 995 526 Confhlatus
1009 499 1063 517 non
1078 496 1138 516 toto
1153 498 1224 515 anno
1239 508 1245 518 ‚
1272 498 1357 526 neque
1371 490 1449 516 omni
1463 491 1566 526 reliquo
1579 491 1642 518 anni

60 542 185 571 tempore
204 531 290 568 gestus
304 531 354 562 est,
374 530 419 558 sed
432 530 487 566 ipse
503 531 591 560 vivus,
611 541 642 559 ac
655 540 742 569 neque
754 531 857 568 legibus
870 530 974 566 patriae‚
995 536 1082 565 neque
1096 526 1185 554 edieto
1199 527 1316 562 quodam
1330 528 1410 562 juss'us
1422 548 1428 558 ‚
1448 537 1480 554 eo
1495 527 1521 554 se
1537 528 1642 555 abdica-

61 573 100 600 vit
113 593 120 603 ,
146 571 280 605 aliumque
300 568 460 605 subrogavit.
500 570 605 597 Deinde
620 570 693 607 quod
709 571 730 597 is
742 568 866 596 Caninim
880 567 956 595 simul
971 569 997 595 &
1014 566 1107 599 Consul
1120 572 1221 593 creatus
1236 565 1271 591 est
1287 585 1293 594 ‚
1321 567 1345 592 ἃ
1361 566 1435 600 geffit
1450 564 1641 602 mgistratum,

60 612 88 638 ὃς
107 607 229 644 deposuit
243 627 250 637 ‚
279 608 350 643 quod
371 611 452 633 Cicero
472 607 624 639 cavillatus,
651 615 724 636 tanta
743 607 902 635 fortitudine
920 615 951 634 ac
971 614 1033 633 cura
1052 603 1181 638 Confidem
1202 611 1264 629 eum
1284 603 1312 629 in
1332 602 1377 629 suo
1397 604 1550 639 magistratu
1565 603 1642 631 usum

60 646 141 678 dixit,
163 654 192 673 ut
205 654 238 672 ne
253 644 437 672 brevissimum
452 646 561 682 quidem
577 646 604 672 in
618 655 652 673 eo
665 645 792 673 somnum
806 644 950 672 admiserit.
980 646 1083 671 Verum
1097 641 1129 668 ab
1144 651 1177 668 eo
1191 648 1312 676 coeptum
1331 641 1381 671 est,
1401 648 1429 667 ut
1444 643 1565 677 perpauci
1580 650 1641 670 toto

56 693 129 712 anno
149 682 312 717 confidatum
334 691 458 719 gererent
472 704 479 714 ‚
507 683 550 711 sed
570 683 613 711 alii
632 685 769 720 pauciores
780 704 789 715 ,
815 682 860 710 alii
873 682 960 718 plures
972 681 1075 708 menses
1089 679 1195 716 diesque
1209 686 1289 714 prout
1304 677 1374 705 casus
1390 678 1484 705 tulisset
1499 699 1506 710 ‚
1534 689 1567 707 co
1583 690 1637 707 ma-

51 721 162 760 gistratu
181 722 364 757 fingerentur.
405 723 444 749 Ac
465 723 557 749 nostro
574 722 683 758 quidem
701 730 840 757 ternpore,
859 730 957 751 nemo,
979 728 1066 757 neque
1087 719 1119 745 ad
1140 719 1275 754 integrum
1293 726 1408 747 annum,
1428 725 1514 752 neque
1528 717 1641 755 amplius

58 759 162 788 duobus
183 758 315 786 menibus
335 768 396 786 curn
418 759 518 797 collega
537 760 626 796 aliquo
646 760 740 794 Conficl
758 760 805 786 est:
827 760 855 786 in
875 759 974 786 cacteris
994 758 1026 785 ab
1046 757 1156 793 antiquo
1177 764 1255 783 more
1274 754 1339 782 nihil
1360 753 1545 789 discrepamus.
1586 758 1641 783 An-

56 808 156 826 norum
177 805 267 825 autem
287 806 414 824 numerus
434 796 490 828 his,
517 799 561 834 qui
581 798 658 825 mitio
678 798 733 833 ejus
754 796 881 824 Consules
902 796 1027 827 fuerunt,
1054 794 1226 824 adscribitur⁷
1249 795 1301 821 &Q
1343 792 1461 819 Antium
1484 801 1547 819 vero
1567 793 1641 820 fuiss'e

56 836 110 864 hoc
130 836 279 863 institutum
299 836 311 862 a
331 833 475 861 triumr'en‘s
496 836 530 862 R.
546 836 573 862 Ρ.
589 836 620 861 C.
637 837 668 863 L.
693 834 790 862 Marah
811 837 843 861 C.
857 834 947 862 Sabino
969 834 1039 860 Coii]
1056 842 1086 861 ut
1107 833 1152 868 ipli
1167 832 1257 868 gratiae
1278 829 1351 858 causa
1366 829 1466 857 multos
1482 829 1508 856 in
1523 831 1640 858 eundem

56 883 157 902 annum
174 873 290 907 Conficles
306 873 472 909 defignarent
486 893 493 904 ,
521 873 565 909 qui
580 874 607 900 in
621 881 721 909 paucos
736 872 837 900 menses
851 881 896 901 aut
909 873 991 900 etiam
1006 872 1061 899 dies
1076 869 1254 907 magistratum
1269 876 1393 906 gererent
1408 888 1415 899 ,
1442 867 1516 894 idem
1530 867 1644 904 scriptor

56 913 137 942 tradit
156 911 199 939 lib.
211 912 257 946 48.
277 910 318 937 his
339 910 437 938 verbis:
459 910 576 945 Confieles
595 910 672 938 elec'ti
691 911 763 943 sunt,
784 921 853 943 non,
875 918 904 939 ut
925 911 1009 938 moris
1030 916 1097 940 erat,
1119 912 1173 936 duo
1193 909 1237 945 qui
1253 916 1371 934 annuum
1388 915 1451 933 eum
1465 903 1643 942 magistratum

55 957 181 988 gererent
191 970 199 980 ‚
226 947 270 975 sed
291 948 350 983 ipsis
369 947 476 975 commis
493 956 551 976 tum
566 950 688 985 primum
702 949 789 985 plures
802 949 929 987 defignati
942 948 1020 975 fimul
1034 947 1102 975 sunt.
1142 948 1206 984 Jam
1220 946 1330 982 quidem
1343 952 1405 973 ante
1420 952 1526 981 quoque
1538 964 1546 975 ‚
1573 953 1643 972 non-

56 987 122 1016 nulli
139 987 194 1015 aliis
215 986 242 1013 in
262 985 402 1020 Consislam
424 986 553 1014 substituti
573 987 691 1019 fuerant,
712 997 799 1025 neque
819 988 947 1018 mortuis,
970 995 1057 1023 neque
1077 994 1125 1022 per
1139 984 1321 1021 ignominiam
1334 1003 1342 1015 ‚
1360 992 1405 1011 aut
1418 982 1479 1009 alias
1493 990 1526 1009 eo
1539 981 1642 1018 deposi-

56 1028 99 1056 tis.
139 1032 163 1055 V
169 1033 246 1052 erum
260 1023 288 1051 hi
302 1032 393 1052 tamen
406 1025 452 1061 ipsi
465 1034 496 1053 ex
510 1024 621 1053 arbitrio
636 1035 747 1058 eorum,
768 1025 862 1063 quibus
877 1025 1025 1060 Consielatus
1041 1025 1068 1051 in
1083 1030 1172 1050 totum
1186 1031 1287 1049 annum
1301 1022 1443 1049 mandatus
1455 1019 1555 1051 fuerat,
1578 1029 1642 1048 con-

56 1065 139 1092 stituti
154 1075 158 1092 z
186 1070 246 1091 tum
261 1071 326 1089 vero
338 1073 436 1089 anmms
449 1063 542 1097 Con-{iel
551 1063 637 1092 nullus
651 1065 688 1092 est
701 1072 802 1092 creatus
815 1085 823 1096 ,
849 1065 893 1092 sed
909 1064 951 1091 alii
968 1063 1000 1091 ad
1012 1062 1074 1090 alias
1088 1068 1175 1098 partes
1189 1060 1319 1096 temporis
1332 1059 1388 1096 ejus
1405 1057 1532 1095 defignati
1544 1078 1553 1089 ,
1575 1067 1642 1095 quo-

56 1111 116 1130 rum
132 1102 214 1139 primi
228 1109 331 1128 nomen
344 1101 478 1135 Conjulum
491 1111 538 1139 per
558 1109 650 1130 totum
665 1111 766 1130 annum
781 1102 909 1140 gerebant
921 1123 930 1134 ,
949 1109 979 1130 ut
993 1109 1064 1128 nunc
1076 1108 1183 1136 quoque
1197 1098 1240 1126 fit:
1260 1097 1377 1134 reliquos
1391 1098 1424 1128 il,
1444 1097 1504 1133 qui,
1525 1097 1638 1127 Romae,

57 1149 102 1169 aut
120 1141 148 1168 in
168 1139 242 1167 Italia
263 1146 338 1167 erant
352 1159 359 1170 ‚
386 1138 424 1166 sui
444 1149 580 1177 quemque
597 1138 759 1178 magistrats&
773 1149 897 1177 ternpore
915 1140 1046 1171 Consulem
1060 1136 1236 1165 nominabant
1249 1156 1256 1168 ‚
1282 1135 1376 1172 reliqui
1388 1142 1432 1162 aut
1448 1143 1544 1161 omnes
1559 1134 1620 1161 istos
1631 1153 1640 1165 ,

56 1186 102 1206 aut
120 1177 259 1215 plerosque
280 1175 438 1213 ignorabant
451 1197 459 1208 ,
485 1178 638 1214 iccircoque
656 1188 702 1206 eos
720 1179 834 1213 Consules
854 1188 962 1205 minore!
981 1175 1154 1213 appellabant.
1187 1177 1252 1202 Haec
1270 1174 1322 1201 ille.
1359 1174 1431 1200 Hinc
1452 1176 1585 1199 Suetomm
1607 1173 1642 1199 de

57 1216 218 1244 Domitiano
230 1235 237 1245 ,
263 1223 318 1249 cap.
335 1224 360 1240 2.
400 1217 432 1242 ln
446 1214 489 1243 sex
502 1215 677 1249 Conficlatibus
692 1216 795 1243 nonnisi
808 1225 892 1243 unum
907 1215 1071 1243 ordinarium
1084 1213 1169 1250 gessit.
1210 1214 1302 1250 Qem
1321 1211 1413 1238 locum
1426 1209 1557 1236 Adrianus
1573 1214 1641 1237 Tur-

56 1253 132 1281 nebus
160 1252 378 1280 Adversariorum
402 1251 449 1279 lib.
461 1262 488 1288 5.
508 1261 564 1288 cap.
586 1261 627 1281 ιο.
652 1252 787 1289 explicans
805 1253 915 1285 scribit,
943 1250 1111 1280 ordinarium
1131 1249 1260 1284 Confielem
1279 1250 1353 1280 dici,
1381 1257 1413 1275 ex
1433 1247 1506 1283 cujus
1526 1248 1640 1275 nomine

58 1292 120 1318 anni
140 1289 288 1326 suppuratio
306 1289 491 1321 ordinaretur,
511 1290 539 1317 id
559 1290 610 1321 est,
632 1291 707 1326 cujus
725 1301 827 1318 nomen
847 1293 873 1319 in
893 1291 990 1321 literis,
1012 1293 1039 1318 ὅτ.
1060 1288 1259 1320 instrumentis,
1280 1290 1308 1316 &
1328 1287 1356 1313 in
1376 1286 1446 1314 fastis
1462 1283 1639 1317 scriberetur,

58 1329 104 1366 qui
118 1329 232 1364 denique
245 1326 353 1362 [Qzlend.
368 1331 476 1359 januar.
486 1326 620 1355 honorem
634 1329 721 1356 iniret.
764 1331 852 1361 Nam,
875 1330 962 1366 inquit
975 1335 1051 1356 aetate
1065 1328 1266 1362 Imperatorum
1280 1334 1362 1352 annus
1376 1325 1403 1351 in
1421 1322 1521 1350 multos
1535 1322 1638 1350 divide-

57 1367 135 1396 batur
155 1365 289 1399 Conficles:
309 1363 352 1391 sed
374 1365 437 1397 loli,
458 1365 504 1402 qui
523 1366 585 1393 anni
599 1366 676 1394 initio
692 1365 794 1395 inibant
807 1366 941 1394 honorem
953 1364 1076 1393 ordinarii
1096 1363 1283 1394 censebantur,
1302 1359 1539 1398 honoratioresque
1554 1367 1638 1389 erant.

57 1406 100 1434 Sic
114 1407 140 1435 ὃς
155 1408 260 1431 Seneca.-
279 1401 409 1437 Conjislem
421 1412 467 1431 me
481 1403 559 1436 iecit,
578 1402 623 1432 sed
635 1414 685 1431 non
699 1404 866 1433 ordinarium.
887 1407 975 1442 Atque
988 1411 1093 1432 tantum
1107 1403 1140 1430 de
1153 1400 1308 1436 Conficlibus.
1658 1408 1663 1409 ⁷

687 1473 712 1500 C
745 1483 762 1501 A
797 1484 812 1501 Ρ
847 1482 866 1501 υ
901 1484 918 1501 τ
977 1474 1014 1501 X.

731 1532 783 1564 De
797 1529 970 1577 cenfhribus.

59 1605 176 1666 Anno
197 1613 269 1631 cccx.
292 1603 375 1638 primi
392 1603 495 1637 cenffires
513 1601 648 1630 constituti
667 1601 725 1630 sunt
739 1623 746 1634 ‚
773 1602 845 1639 quod
870 1599 985 1634 Confiaeles
1003 1599 1179 1637 negotiorum
1199 1595 1273 1625 mole
1291 1595 1416 1631 impediti
1431 1615 1439 1627 ‚
1469 1603 1560 1622 vacare
1578 1603 1640 1622 cen-

141 1642 226 1669 fendis
239 1641 339 1669 civibus
352 1650 407 1667 non
421 1647 560 1676 poterant,
580 1640 693 1677 ideoque
706 1648 779 1668 totos
793 1649 876 1667 annos
894 1639 1088 1675 septemdecim
1103 1636 1189 1665 nullus
1209 1635 1294 1663 fuerat
1309 1634 1410 1662 habitus
1426 1633 1526 1660 census.
1548 1632 1640 1666 [Varr.

59 1679 101 1708 lib.
115 1689 142 1712 4.
161 1681 193 1706 de
210 1679 298 1716 lis-‚gua
315 1682 420 1706 Latina.
439 1677 549 1713 Festus]
580 1679 686 1705 Partem
705 1679 788 1715 igitur
807 1677 875 1705 hanc
893 1676 1025 1711 consalart's
1043 1674 1171 1706 muneris,
1190 1676 1217 1703 δί
1237 1673 1285 1701 alia
1298 1673 1419 1709 quaedam
1434 1670 1523 1698 officia
1535 1670 1638 1706 judica-

59 1726 123 1746 runt
141 1726 228 1754 patres
248 1716 426 1744 transferenda
447 1716 500 1743 effe
513 1717 540 1743 in
555 1714 705 1750 peculiarem
721 1714 898 1753 magistratum
909 1736 916 1747 ,
947 1716 989 1742 cui
1001 1714 1063 1742 hinc
1079 1714 1179 1748 cenftera
1192 1721 1294 1739 nomen
1308 1711 1344 1738 est
1359 1708 1516 1746 impolitum
1530 1729 1536 1739 ‚
1564 1709 1638 1745 quod

59 1757 92 1784 ad
113 1765 206 1784 eorum
227 1753 373 1793 cenfionem,
393 1755 419 1781 id
433 1754 483 1785 est,
504 1754 660 1785 arbitrium,
681 1753 831 1782 censeretur
845 1753 970 1790 populus-»3
992 1754 1034 1781 vel
1046 1753 1119 1790 quod
1133 1751 1243 1788 quisque
1261 1759 1320 1777 rem
1339 1747 1412 1774 suam
1429 1746 1640 1786 tantinaestimare

59 1794 151 1823 solitus
165 1794 211 1825 fit,
231 1802 360 1830 quantum
376 1792 412 1819 illi
427 1791 589 1819 censuissent-
609 1790 700 1819 Lirim
711 1792 756 1819 lib.
768 1803 795 1828 4.
811 1791 914 1820 scribit:
936 1792 1052 1825 Censbres
1070 1801 1107 1817 eos
1125 1789 1218 1820 distas,
1237 1788 1306 1826 quod
1322 1786 1399 1819 εει-ψη
1414 1783 1547 1821 praestent.
1577 1785 1638 1812 Fuit

59 1831 104 1861 hic
123 1842 189 1860 unus
209 1832 242 1859 de
260 1829 447 1868 nmgistratibm
466 1828 614 1864 majoribus,
637 1832 663 1858 &t
684 1831 815 1858 Romanae
833 1830 983 1867 reipublicae
1002 1838 1112 1867 propter
1132 1826 1275 1863 distiplinae
1293 1823 1456 1864 custodiam,
1477 1822 1557 1863 cujuq
1568 1821 1639 1850 lieve-

60 1880 90 1898 ra
109 1880 170 1898 cura
182 1868 313 1905 cenfhrhm
328 1871 397 1896 inter
411 1876 516 1899 coetera,
536 1867 589 1896 fine
602 1870 796 1905 provocatione
810 1869 950 1897 cominiffa
963 1868 1026 1900 fuit,
1046 1868 1195 1895 admodum
1211 1864 1336 1891 salutaris.
1374 1863 1496 1895 lpiorum
1511 1860 1636 1901 officium

61 1916 117 1936 erat
136 1907 281 1935 describere
300 1907 435 1935 facultates
453 1905 578 1942 cujusque
597 1908 675 1938 civis,
695 1907 835 1935 observare
856 1907 1020 1944 fingulorum
1040 1905 1200 1934 hominum,
1221 1902 1302 1929 etiam
1316 1899 1492 1939 eorumsqui
1500 1900 1639 1933 senatoris,

60 1955 105 1974 aut
123 1945 240 1985 equestris
258 1954 332 1974 erant
350 1946 450 1973 ordinis
463 1965 470 1976 ‚
491 1954 581 1972 mores
595 1948 622 1974 ὃ(
637 1946 720 1974 vitam
734 1956 739 1972 z
766 1947 792 1974 ὃς
807 1954 901 1974 notare
914 1944 1063 1981 ignominia
1076 1943 1165 1970 civem
1182 1946 1396 1977 quemcumque:
1417 1939 1561 1969 Jenatorem
1575 1935 1637 1964 loco

61 1993 189 2015 movere,
211 1986 237 2011 &
256 1992 335 2022 equus
353 1985 470 2011 adimere
490 1992 603 2020 equum,
624 1985 651 2011 ὃ(
669 1983 814 2016 annulum,
835 1984 853 2010 fi
873 1984 936 2020 quid
955 1982 982 2008 in
1003 1981 1057 2008 viza
1078 1981 1133 2015 ejus
1152 1978 1364 2014 deprehenderet
1383 1973 1512 2001 honestati
1533 1980 1639 2002 contra-

61 2024 132 2051 rium
148 2033 155 2052 ς
175 2021 268 2049 tollere
286 2031 392 2058 quoque
410 2022 502 2049 omnia
514 2042 521 2052 ,
540 2031 596 2059 qux
614 2020 741 2059 probitati
760 2031 869 2048 morum
890 2021 991 2057 pestem
1006 2039 1013 2050 ,
1035 2022 1062 2047 ὃς
1081 2018 1228 2054 perniciem
1248 2015 1350 2043 illatura
1371 2012 1545 2046 videbantur,
1566 2012 1637 2039 unde

63 2058 175 2098 magistri
190 2069 287 2086 morum
301 2054 417 2088 solebant
433 2061 575 2088 nominari.
615 2061 642 2087 Si
657 2059 715 2096 quis
728 2059 809 2086 etiam
823 2079 829 2090 ‚
851 2061 888 2087 ait
902 2058 1018 2095 Agellms
1030 2056 1074 2084 lib.
1084 2065 1112 2091 4.
1126 2064 1182 2091 cap.
1197 2064 1237 2081 η.
1252 2062 1347 2090 agrum
1362 2050 1438 2092 suum
1453 2051 1537 2088 passiis
1552 2049 1637 2091 fuerat

63 2097 227 2128 soi-deicere,
248 2106 363 2133 eumque
375 2098 544 2134 indiligenter
557 2098 678 2129 curabat,
699 2106 729 2125 ac
743 2106 830 2133 neque
842 2106 974 2125 araverat,
994 2104 1080 2132 neque
1094 2100 1268 2131 purgaverat,
1289 2091 1341 2118 live
1354 2097 1410 2126 quis
1425 2094 1548 2116 arborem
1562 2090 1637 2116 inam

63 2139 225 2173 vineamque
244 2135 367 2163 habuerat
385 2136 537 2167 dereliCtui,
557 2147 611 2164 non
631 2137 658 2164 id
677 2135 730 2162 fine
748 2144 828 2171 poena
849 2135 915 2162 fuit:
938 2134 981 2162 sed
1001 2141 1055 2161 erat
1075 2141 1142 2168 opus
1160 2130 1325 2159 censorium,
1345 2127 1493 2166 cenjbrefique
1513 2127 1636 2166 cerarium

64 2175 206 2204 faciebant.
246 2174 315 2200 Item
334 2173 352 2200 fi
366 2175 422 2210 quis
435 2184 508 2212 eques
519 2179 646 2202 Romanus
660 2182 759 2210 equum
774 2173 871 2200 habere
884 2172 1076 2210 gracilentum,
1095 2178 1140 2198 aut
1154 2179 1248 2206 parum
1264 2168 1380 2196 nitidum
1396 2165 1463 2194 visus
1472 2173 1542 2197 erat,
1562 2175 1639 2200 tmpo-

63 2213 137 2246 litiae,
157 2213 184 2240 id
199 2212 248 2243 est,
268 2212 374 2239 incuriz
389 2216 537 2240 notabatur.
566 2213 663 2240 Plinius
677 2212 721 2239 lib.
733 2221 777 2248 34.
794 2221 849 2248 cap.
861 2216 884 2240 6.
902 2212 1004 2241 scribit,
1024 2210 1118 2237 statuas
1133 2210 1202 2236 circa
1216 2208 1308 2236 forum
1323 2214 1418 2234 omnes
1431 2226 1436 2233 ,
1458 2214 1514 2241 quae
1530 2213 1585 2230 non
1598 2203 1637 2231 es-

65 2251 124 2280 sent
142 2250 235 2287 populi
254 2258 298 2277 aut
318 2249 418 2277 senatus
435 2249 563 2278 sententia
580 2251 686 2288 politae,
706 2259 753 2286 per
771 2250 875 2284 ccnfhm
892 2248 1029 2284 Scipionem
1049 2247 1091 2280 &⁶
1111 2247 1233 2282 Popilium
1253 2245 1361 2273 sublatas
1380 2242 1471 2275 fiiiffe,
1491 2252 1524 2270 ne
1539 2242 1638 2269 scilicet

66 2290 124 2328 quis
144 2297 247 2316 temere
260 2288 306 2315 sibi
320 2288 435 2315 honores
445 2307 453 2319 ‚
475 2289 501 2315 &
515 2297 609 2317 eorum
622 2289 731 2327 infignia
748 2289 903 2317 vindicaret,
944 2288 977 2315 Et
995 2285 1058 2314 alibi
1070 2285 1170 2312 Plinius
1181 2284 1225 2313 lib.
1237 2295 1250 2322 3
1258 2295 1281 2321 3.
1293 2292 1349 2320 cap.
1360 2291 1389 2318 4.
1402 2282 1484 2309 docet
1497 2281 1638 2320 quomodo

65 2328 116 2366 lege
133 2327 238 2362 censoria
256 2327 289 2355 de
309 2335 422 2354 numero
442 2325 638 2356 metallicorum
656 2328 799 2356 hominurn
814 2348 821 2359 ‚
847 2337 881 2355 ne
900 2327 980 2354 nimis
999 2324 1078 2353 multi
1096 2324 1129 2352 ad
1149 2322 1310 2352 aurifodinas
1328 2319 1515 2349 adhiberentur
1527 2339 1534 2350 ‚
1560 2319 1640 2346 tuerit

67 2366 249 2395 constitutum.
288 2365 368 2402 Apud
382 2364 497 2393 eundem
509 2364 555 2393 lib.
568 2375 611 2404 35.
625 2376 647 2396 c.
662 2376 702 2403 17·
718 2366 815 2405 legitur
829 2367 926 2398 etiam,
938 2362 1077 2402 fullonibus
1091 2362 1208 2394 modum
1219 2361 1248 2391 in
1260 2359 1400 2402 pingendis
1413 2355 1552 2392 vestibus&
1564 2357 1642 2422 cenbso-

924 2405 993 2432 Rrr
1013 2411 1029 2430 2
1574 2404 1596 2422 rt
1612 2403 1643 2422 us
