<?xml version="1.0" encoding="UTF-8"?>
<!DOCTYPE html PUBLIC "-//W3C//DTD XHTML 1.0 Transitional//EN"
    "http://www.w3.org/TR/xhtml1/DTD/xhtml1-transitional.dtd">
<html xmlns="http://www.w3.org/1999/xhtml" xml:lang="en" lang="en">
 <head>
  <title>
</title>
<meta http-equiv="Content-Type" content="text/html;charset=utf-8" />
  <meta name='ocr-system' content='tesseract 3.04.00' />
  <meta name='ocr-capabilities' content='ocr_page ocr_carea ocr_par ocr_line ocrx_word'/>
</head>
<body>
  <div class='ocr_page' id='page_1' title='image "./johannisrosinian00rosi/johannisrosinian00rosi_0492.png"; bbox 0 0 2075 2734; ppageno 0'>
   <div class='ocr_carea' id='block_1_1' title="bbox 403 76 1722 139">
    <p class='ocr_par' dir='ltr' id='par_1_1' title="bbox 403 76 1722 139">
     <span class='ocr_line' id='line_1_1' title="bbox 403 76 1722 139; baseline 0.002 -15"><span class='ocrx_word' id='word_1_1' title='bbox 403 105 459 139; x_wconf 74' lang='lat'>458</span> <span class='ocrx_word' id='word_1_2' title='bbox 713 76 1722 132; x_wconf 44' lang='grc' dir='ltr'>ΑΝτιᾳυιτΑτυΜΚοΜΑΝΑκυΜ1418.νῇ</span> 
     </span>
    </p>
   </div>
   <div class='ocr_carea' id='block_1_2' title="bbox 401 148 1988 496">
    <p class='ocr_par' dir='ltr' id='par_1_2' title="bbox 401 148 1987 458">
     <span class='ocr_line' id='line_1_2' title="bbox 403 148 1984 192; baseline 0.002 -11"><span class='ocrx_word' id='word_1_3' title='bbox 403 152 534 192; x_wconf 84' lang='lat' dir='ltr'>Agellium</span> <span class='ocrx_word' id='word_1_4' title='bbox 547 148 564 180; x_wconf 73' lang='lat' dir='ltr'>f.</span> <span class='ocrx_word' id='word_1_5' title='bbox 581 149 622 189; x_wconf 78' lang='lat'>132</span> <span class='ocrx_word' id='word_1_6' title='bbox 635 159 693 189; x_wconf 85' lang='lat' dir='ltr'>cap.</span> <span class='ocrx_word' id='word_1_7' title='bbox 706 159 747 188; x_wconf 84' lang='lat'>14.</span> <span class='ocrx_word' id='word_1_8' title='bbox 768 151 875 180; x_wconf 74' lang='lat' dir='ltr'>Messala</span> <span class='ocrx_word' id='word_1_9' title='bbox 888 172 896 184; x_wconf 87' lang='lat'>‚</span> <span class='ocrx_word' id='word_1_10' title='bbox 923 152 969 189; x_wconf 89' lang='lat' dir='ltr'>qui</span> <span class='ocrx_word' id='word_1_11' title='bbox 984 161 1030 180; x_wconf 86' lang='lat' dir='ltr'>eos</span> <span class='ocrx_word' id='word_1_12' title='bbox 1044 151 1113 179; x_wconf 87' lang='lat' dir='ltr'>inter</span> <span class='ocrx_word' id='word_1_13' title='bbox 1127 151 1245 188; x_wconf 86' lang='lat' dir='ltr'>majores</span> <span class='ocrx_word' id='word_1_14' title='bbox 1265 150 1432 189; x_wconf 84' lang='lat' dir='ltr'>magistratus</span> <span class='ocrx_word' id='word_1_15' title='bbox 1445 157 1569 179; x_wconf 83' lang='lat' dir='ltr'>numerat</span> <span class='ocrx_word' id='word_1_16' title='bbox 1585 153 1611 180; x_wconf 73' lang='grc' dir='ltr'>δε</span> <span class='ocrx_word' id='word_1_17' title='bbox 1626 151 1772 180; x_wconf 88' lang='lat' dir='ltr'>Consulum</span> <span class='ocrx_word' id='word_1_18' title='bbox 1786 151 1897 192; x_wconf 85' lang='lat' dir='ltr'>collegas</span> <span class='ocrx_word' id='word_1_19' title='bbox 1911 154 1984 184; x_wconf 87' lang='lat' dir='ltr'>facit.</span> 
     </span>
     <span class='ocr_line' id='line_1_3' title="bbox 402 188 1984 230; baseline -0.001 -9"><span class='ocrx_word' id='word_1_20' title='bbox 402 194 480 221; x_wconf 89' lang='lat' dir='ltr'>Idem</span> <span class='ocrx_word' id='word_1_21' title='bbox 495 190 608 219; x_wconf 87' lang='lat' dir='ltr'>ostendit</span> <span class='ocrx_word' id='word_1_22' title='bbox 622 190 713 218; x_wconf 73' lang='lat' dir='ltr'>Livius</span> <span class='ocrx_word' id='word_1_23' title='bbox 729 190 745 218; x_wconf 94' lang='lat' dir='ltr'>l.</span> <span class='ocrx_word' id='word_1_24' title='bbox 757 200 781 226; x_wconf 87' lang='lat'>7.</span> <span class='ocrx_word' id='word_1_25' title='bbox 798 191 874 219; x_wconf 91' lang='lat' dir='ltr'>initio</span> <span class='ocrx_word' id='word_1_26' title='bbox 884 208 892 221; x_wconf 90' lang='lat'>,</span> <span class='ocrx_word' id='word_1_27' title='bbox 920 191 1028 228; x_wconf 88' lang='lat' dir='ltr'>quando</span> <span class='ocrx_word' id='word_1_28' title='bbox 1042 190 1075 218; x_wconf 91' lang='lat' dir='ltr'>de</span> <span class='ocrx_word' id='word_1_29' title='bbox 1088 188 1195 217; x_wconf 82' lang='lat' dir='ltr'>tribunis</span> <span class='ocrx_word' id='word_1_30' title='bbox 1203 189 1282 224; x_wconf 78' lang='lat' dir='ltr'>plebis</span> <span class='ocrx_word' id='word_1_31' title='bbox 1297 189 1416 227; x_wconf 88' lang='lat' dir='ltr'>loquitur</span> <span class='ocrx_word' id='word_1_32' title='bbox 1430 210 1437 221; x_wconf 92' lang='lat'>‚</span> <span class='ocrx_word' id='word_1_33' title='bbox 1463 199 1508 217; x_wconf 86' lang='lat' dir='ltr'>eos</span> <span class='ocrx_word' id='word_1_34' title='bbox 1521 199 1576 217; x_wconf 90' lang='lat' dir='ltr'>non</span> <span class='ocrx_word' id='word_1_35' title='bbox 1589 189 1673 227; x_wconf 87' lang='lat' dir='ltr'>paffos</span> <span class='ocrx_word' id='word_1_36' title='bbox 1685 190 1736 229; x_wconf 67' lang='lat' dir='ltr'>eise</span> <span class='ocrx_word' id='word_1_37' title='bbox 1749 192 1859 220; x_wconf 87' lang='lat' dir='ltr'>tacitum</span> <span class='ocrx_word' id='word_1_38' title='bbox 1873 214 1882 225; x_wconf 89' lang='lat'><em>‚</em></span> <span class='ocrx_word' id='word_1_39' title='bbox 1911 194 1984 230; x_wconf 88' lang='lat' dir='ltr'>quod</span> 
     </span>
     <span class='ocr_line' id='line_1_4' title="bbox 401 227 1986 269; baseline -0.002 -11"><span class='ocrx_word' id='word_1_40' title='bbox 401 240 452 269; x_wconf 90' lang='lat' dir='ltr'>pro</span> <span class='ocrx_word' id='word_1_41' title='bbox 470 238 526 258; x_wconf 89' lang='lat' dir='ltr'>uno</span> <span class='ocrx_word' id='word_1_42' title='bbox 545 227 661 257; x_wconf 87' lang='lat' dir='ltr'><strong>Consule</strong></span> <span class='ocrx_word' id='word_1_43' title='bbox 682 228 788 266; x_wconf 90' lang='lat' dir='ltr'>plebejo</span> <span class='ocrx_word' id='word_1_44' title='bbox 802 250 809 261; x_wconf 97' lang='lat'>,</span> <span class='ocrx_word' id='word_1_45' title='bbox 830 236 882 257; x_wconf 87' lang='lat' dir='ltr'>tres</span> <span class='ocrx_word' id='word_1_46' title='bbox 900 229 1026 266; x_wconf 88' lang='lat' dir='ltr'>patricios</span> <span class='ocrx_word' id='word_1_47' title='bbox 1046 229 1211 267; x_wconf 87' lang='lat' dir='ltr'>magistratus</span> <span class='ocrx_word' id='word_1_48' title='bbox 1232 228 1363 256; x_wconf 89' lang='lat' dir='ltr'>curulibus</span> <span class='ocrx_word' id='word_1_49' title='bbox 1382 227 1448 255; x_wconf 90' lang='lat' dir='ltr'>sellis</span> <span class='ocrx_word' id='word_1_50' title='bbox 1466 234 1634 265; x_wconf 62' lang='lat' dir='ltr'>praetextatos</span> <span class='ocrx_word' id='word_1_51' title='bbox 1655 235 1781 265; x_wconf 86' lang='lat' dir='ltr'>tanquam</span> <span class='ocrx_word' id='word_1_52' title='bbox 1802 230 1929 260; x_wconf 86' lang='lat' dir='ltr'><strong>Consules</strong></span> <span class='ocrx_word' id='word_1_53' title='bbox 1949 231 1986 260; x_wconf 88' lang='lat' dir='ltr'>se.</span> 
     </span>
     <span class='ocr_line' id='line_1_5' title="bbox 402 265 1985 305; baseline -0.001 -8"><span class='ocrx_word' id='word_1_54' title='bbox 402 269 496 297; x_wconf 89' lang='lat' dir='ltr'>dentes</span> <span class='ocrx_word' id='word_1_55' title='bbox 510 289 517 300; x_wconf 98' lang='lat'>‚</span> <span class='ocrx_word' id='word_1_56' title='bbox 542 267 666 296; x_wconf 82' lang='lat' dir='ltr'>nobilitas</span> <span class='ocrx_word' id='word_1_57' title='bbox 690 268 737 296; x_wconf 86' lang='lat' dir='ltr'>fibi</span> <span class='ocrx_word' id='word_1_58' title='bbox 757 266 921 305; x_wconf 78' lang='lat' dir='ltr'>sumpfiss&#39;et:</span> <span class='ocrx_word' id='word_1_59' title='bbox 948 275 1091 305; x_wconf 85' lang='lat' dir='ltr'>praetorem</span> <span class='ocrx_word' id='word_1_60' title='bbox 1111 267 1222 304; x_wconf 86' lang='lat' dir='ltr'>quidem</span> <span class='ocrx_word' id='word_1_61' title='bbox 1241 268 1323 295; x_wconf 84' lang='lat' dir='ltr'>etiam</span> <span class='ocrx_word' id='word_1_62' title='bbox 1342 267 1401 303; x_wconf 88' lang='lat' dir='ltr'>jura</span> <span class='ocrx_word' id='word_1_63' title='bbox 1422 267 1582 294; x_wconf 83' lang='lat' dir='ltr'>reddentem</span> <span class='ocrx_word' id='word_1_64' title='bbox 1597 286 1605 298; x_wconf 88' lang='lat'>,</span> <span class='ocrx_word' id='word_1_65' title='bbox 1632 267 1658 294; x_wconf 86' lang='lat'>&amp;</span> <span class='ocrx_word' id='word_1_66' title='bbox 1680 265 1808 303; x_wconf 82' lang='lat' dir='ltr'>collegam</span> <span class='ocrx_word' id='word_1_67' title='bbox 1828 268 1985 304; x_wconf 80' lang='lat' dir='ltr'>Confidibus,</span> 
     </span>
     <span class='ocr_line' id='line_1_6' title="bbox 401 303 1987 344; baseline -0.001 -9"><span class='ocrx_word' id='word_1_68' title='bbox 401 314 481 344; x_wconf 84' lang='lat' dir='ltr'>atque</span> <span class='ocrx_word' id='word_1_69' title='bbox 500 305 593 334; x_wconf 87' lang='lat' dir='ltr'>iisdem</span> <span class='ocrx_word' id='word_1_70' title='bbox 613 304 726 341; x_wconf 80' lang='lat' dir='ltr'><em>auspiciis</em></span> <span class='ocrx_word' id='word_1_71' title='bbox 744 313 864 334; x_wconf 87' lang='lat' dir='ltr'>creatum</span> <span class='ocrx_word' id='word_1_72' title='bbox 880 327 888 338; x_wconf 94' lang='lat'>‚</span> <span class='ocrx_word' id='word_1_73' title='bbox 907 307 959 335; x_wconf 85' lang='lat' dir='ltr'>&amp;c.</span> <span class='ocrx_word' id='word_1_74' title='bbox 998 307 1051 335; x_wconf 90' lang='lat' dir='ltr'>Hic</span> <span class='ocrx_word' id='word_1_75' title='bbox 1069 306 1134 334; x_wconf 89' lang='lat' dir='ltr'>dicit</span> <span class='ocrx_word' id='word_1_76' title='bbox 1153 304 1244 333; x_wconf 68' lang='lat' dir='ltr'>Livius</span> <span class='ocrx_word' id='word_1_77' title='bbox 1256 326 1265 337; x_wconf 89' lang='lat'><em>‚</em></span> <span class='ocrx_word' id='word_1_78' title='bbox 1286 312 1430 341; x_wconf 85' lang='lat' dir='ltr'>praetorem</span> <span class='ocrx_word' id='word_1_79' title='bbox 1443 326 1450 337; x_wconf 89' lang='lat'>‚</span> <span class='ocrx_word' id='word_1_80' title='bbox 1470 304 1564 332; x_wconf 78' lang='lat' dir='ltr'>iisdem</span> <span class='ocrx_word' id='word_1_81' title='bbox 1584 303 1703 340; x_wconf 84' lang='lat' dir='ltr'>auspiciis</span> <span class='ocrx_word' id='word_1_82' title='bbox 1717 325 1724 336; x_wconf 93' lang='lat'><strong>‚</strong></span> <span class='ocrx_word' id='word_1_83' title='bbox 1744 304 1771 331; x_wconf 85' lang='lat' dir='ltr'>id</span> <span class='ocrx_word' id='word_1_84' title='bbox 1791 305 1827 332; x_wconf 90' lang='lat' dir='ltr'>est</span> <span class='ocrx_word' id='word_1_85' title='bbox 1840 324 1848 336; x_wconf 90' lang='lat'>‚</span> <span class='ocrx_word' id='word_1_86' title='bbox 1866 307 1987 340; x_wconf 75' lang='lat' dir='ltr'>comitiis,</span> 
     </span>
     <span class='ocr_line' id='line_1_7' title="bbox 403 342 1987 383; baseline -0.001 -11"><span class='ocrx_word' id='word_1_87' title='bbox 403 345 498 383; x_wconf 87' lang='lat' dir='ltr'>quibus</span> <span class='ocrx_word' id='word_1_88' title='bbox 513 343 641 372; x_wconf 87' lang='lat' dir='ltr'>Consules</span> <span class='ocrx_word' id='word_1_89' title='bbox 654 365 662 376; x_wconf 93' lang='lat'><em>,</em></span> <span class='ocrx_word' id='word_1_90' title='bbox 689 345 780 373; x_wconf 87' lang='lat' dir='ltr'>creari.</span> <span class='ocrx_word' id='word_1_91' title='bbox 813 346 946 373; x_wconf 82' lang='lat' dir='ltr'>Creantur</span> <span class='ocrx_word' id='word_1_92' title='bbox 958 352 1048 373; x_wconf 89' lang='lat' dir='ltr'>autem</span> <span class='ocrx_word' id='word_1_93' title='bbox 1064 343 1192 372; x_wconf 89' lang='lat' dir='ltr'>Consules</span> <span class='ocrx_word' id='word_1_94' title='bbox 1204 343 1355 372; x_wconf 86' lang='lat' dir='ltr'>centuriatis</span> <span class='ocrx_word' id='word_1_95' title='bbox 1369 354 1374 370; x_wconf 90' lang='lat'>:</span> <span class='ocrx_word' id='word_1_96' title='bbox 1402 352 1467 381; x_wconf 89' lang='lat' dir='ltr'>ergo</span> <span class='ocrx_word' id='word_1_97' title='bbox 1481 345 1507 372; x_wconf 65' lang='grc' dir='ltr'>ὃς</span> <span class='ocrx_word' id='word_1_98' title='bbox 1521 350 1655 380; x_wconf 77' lang='lat' dir='ltr'>praetores.</span> <span class='ocrx_word' id='word_1_99' title='bbox 1689 342 1808 370; x_wconf 87' lang='lat' dir='ltr'>Clariora</span> <span class='ocrx_word' id='word_1_100' title='bbox 1822 350 1913 373; x_wconf 86' lang='lat' dir='ltr'>tamen</span> <span class='ocrx_word' id='word_1_101' title='bbox 1927 345 1987 375; x_wconf 76' lang='lat' dir='ltr'>sunt</span> 
     </span>
     <span class='ocr_line' id='line_1_8' title="bbox 404 380 1987 421; baseline 0.001 -11"><span class='ocrx_word' id='word_1_102' title='bbox 404 392 462 420; x_wconf 82' lang='lat' dir='ltr'>quae</span> <span class='ocrx_word' id='word_1_103' title='bbox 479 381 555 411; x_wconf 85' lang='lat' dir='ltr'>affert</span> <span class='ocrx_word' id='word_1_104' title='bbox 576 381 662 410; x_wconf 77' lang='lat' dir='ltr'>cicero</span> <span class='ocrx_word' id='word_1_105' title='bbox 679 383 801 411; x_wconf 85' lang='lat' dir='ltr'>oratione</span> <span class='ocrx_word' id='word_1_106' title='bbox 816 392 866 420; x_wconf 80' lang='lat' dir='ltr'>pro</span> <span class='ocrx_word' id='word_1_107' title='bbox 878 384 936 421; x_wconf 87' lang='lat' dir='ltr'>lege</span> <span class='ocrx_word' id='word_1_108' title='bbox 952 383 1063 411; x_wconf 85' lang='lat' dir='ltr'>Manilia</span> <span class='ocrx_word' id='word_1_109' title='bbox 1076 404 1082 415; x_wconf 93' lang='lat'><em>‚</em></span> <span class='ocrx_word' id='word_1_110' title='bbox 1104 383 1137 411; x_wconf 90' lang='lat' dir='ltr'>de</span> <span class='ocrx_word' id='word_1_111' title='bbox 1151 380 1235 419; x_wconf 89' lang='lat' dir='ltr'>seipso</span> <span class='ocrx_word' id='word_1_112' title='bbox 1249 382 1377 419; x_wconf 83' lang='lat' dir='ltr'>loquens:</span> <span class='ocrx_word' id='word_1_113' title='bbox 1398 383 1488 413; x_wconf 90' lang='lat' dir='ltr'>Nam,</span> <span class='ocrx_word' id='word_1_114' title='bbox 1509 382 1610 419; x_wconf 91' lang='lat' dir='ltr'>inquit,</span> <span class='ocrx_word' id='word_1_115' title='bbox 1631 390 1694 409; x_wconf 90' lang='lat' dir='ltr'>cum</span> <span class='ocrx_word' id='word_1_116' title='bbox 1708 388 1819 418; x_wconf 86' lang='lat' dir='ltr'>propter</span> <span class='ocrx_word' id='word_1_117' title='bbox 1832 382 1987 413; x_wconf 86' lang='lat' dir='ltr'>dilationem</span> 
     </span>
     <span class='ocr_line' id='line_1_9' title="bbox 403 419 1601 458; baseline 0 -12"><span class='ocrx_word' id='word_1_118' title='bbox 403 419 574 453; x_wconf 80' lang='lat' dir='ltr'>comitiorum,</span> <span class='ocrx_word' id='word_1_119' title='bbox 593 428 634 449; x_wconf 89' lang='lat' dir='ltr'>ter</span> <span class='ocrx_word' id='word_1_120' title='bbox 647 429 745 458; x_wconf 73' lang='lat' dir='ltr'>praetor</span> <span class='ocrx_word' id='word_1_121' title='bbox 758 422 858 458; x_wconf 88' lang='lat' dir='ltr'>primus</span> <span class='ocrx_word' id='word_1_122' title='bbox 874 422 999 450; x_wconf 84' lang='lat' dir='ltr'>centuriis</span> <span class='ocrx_word' id='word_1_123' title='bbox 1012 421 1114 450; x_wconf 59' lang='lat' dir='ltr'>cunffitis</span> <span class='ocrx_word' id='word_1_124' title='bbox 1130 422 1295 449; x_wconf 84' lang='lat' dir='ltr'>renuntiatus</span> <span class='ocrx_word' id='word_1_125' title='bbox 1309 419 1376 448; x_wconf 91' lang='lat' dir='ltr'>sum.</span> <span class='ocrx_word' id='word_1_126' title='bbox 1396 421 1460 448; x_wconf 83' lang='lat' dir='ltr'>Haec</span> <span class='ocrx_word' id='word_1_127' title='bbox 1471 419 1528 451; x_wconf 89' lang='lat' dir='ltr'>ille,</span> <span class='ocrx_word' id='word_1_128' title='bbox 1550 422 1601 449; x_wconf 85' lang='lat' dir='ltr'>&amp;c.</span> 
     </span>
    </p>

    <p class='ocr_par' dir='ltr' id='par_1_3' title="bbox 443 456 1988 496">
     <span class='ocr_line' id='line_1_10' title="bbox 443 456 1988 496; baseline 0.003 -11"><span class='ocrx_word' id='word_1_129' title='bbox 443 459 486 486; x_wconf 89' lang='lat' dir='ltr'>De</span> <span class='ocrx_word' id='word_1_130' title='bbox 498 457 630 493; x_wconf 76' lang='lat' dir='ltr'>censbribus</span> <span class='ocrx_word' id='word_1_131' title='bbox 638 480 644 491; x_wconf 89' lang='lat'>‚</span> <span class='ocrx_word' id='word_1_132' title='bbox 665 460 736 496; x_wconf 90' lang='lat' dir='ltr'>quod</span> <span class='ocrx_word' id='word_1_133' title='bbox 749 458 899 487; x_wconf 75' lang='lat' dir='ltr'>centuriatis</span> <span class='ocrx_word' id='word_1_134' title='bbox 911 459 1017 487; x_wconf 82' lang='lat' dir='ltr'>comitiis</span> <span class='ocrx_word' id='word_1_135' title='bbox 1029 460 1127 488; x_wconf 62' lang='lat' dir='ltr'>fuerint</span> <span class='ocrx_word' id='word_1_136' title='bbox 1140 460 1221 488; x_wconf 85' lang='lat' dir='ltr'>creati</span> <span class='ocrx_word' id='word_1_137' title='bbox 1230 460 1314 496; x_wconf 85' lang='lat' dir='ltr'>liquet</span> <span class='ocrx_word' id='word_1_138' title='bbox 1321 467 1352 486; x_wconf 86' lang='lat' dir='ltr'>ex</span> <span class='ocrx_word' id='word_1_139' title='bbox 1360 458 1457 486; x_wconf 88' lang='lat' dir='ltr'>eodem</span> <span class='ocrx_word' id='word_1_140' title='bbox 1466 456 1574 496; x_wconf 81' lang='lat' dir='ltr'>Agellio‚</span> <span class='ocrx_word' id='word_1_141' title='bbox 1594 466 1678 495; x_wconf 89' lang='lat' dir='ltr'>quum</span> <span class='ocrx_word' id='word_1_142' title='bbox 1686 456 1792 486; x_wconf 86' lang='lat' dir='ltr'>scribit:</span> <span class='ocrx_word' id='word_1_143' title='bbox 1812 459 1988 489; x_wconf 86' lang='lat' dir='ltr'>Patriciorum</span> 
     </span>
    </p>
   </div>
   <div class='ocr_carea' id='block_1_3' title="bbox 402 495 1999 578">
    <p class='ocr_par' dir='ltr' id='par_1_4' title="bbox 402 495 1999 578">
     <span class='ocr_line' id='line_1_11' title="bbox 402 495 1999 536; baseline 0.001 -12"><span class='ocrx_word' id='word_1_144' title='bbox 402 495 514 534; x_wconf 89' lang='lat' dir='ltr'>auspicia</span> <span class='ocrx_word' id='word_1_145' title='bbox 529 498 556 525; x_wconf 90' lang='lat' dir='ltr'>in</span> <span class='ocrx_word' id='word_1_146' title='bbox 570 497 633 526; x_wconf 84' lang='lat' dir='ltr'>duas</span> <span class='ocrx_word' id='word_1_147' title='bbox 647 498 698 526; x_wconf 87' lang='lat' dir='ltr'>effe</span> <span class='ocrx_word' id='word_1_148' title='bbox 709 498 850 534; x_wconf 84' lang='lat' dir='ltr'>potestates</span> <span class='ocrx_word' id='word_1_149' title='bbox 863 498 953 526; x_wconf 71' lang='lat' dir='ltr'>divisa.</span> <span class='ocrx_word' id='word_1_150' title='bbox 972 497 1092 526; x_wconf 83' lang='lat' dir='ltr'>Maxima</span> <span class='ocrx_word' id='word_1_151' title='bbox 1107 498 1157 526; x_wconf 82' lang='lat' dir='ltr'>esse</span> <span class='ocrx_word' id='word_1_152' title='bbox 1165 498 1314 532; x_wconf 77' lang='lat' dir='ltr'>Confidam,</span> <span class='ocrx_word' id='word_1_153' title='bbox 1334 504 1494 533; x_wconf 76' lang='lat' dir='ltr'>praetorum,</span> <span class='ocrx_word' id='word_1_154' title='bbox 1515 496 1669 527; x_wconf 85' lang='lat' dir='ltr'>censorum,</span> <span class='ocrx_word' id='word_1_155' title='bbox 1690 497 1742 524; x_wconf 86' lang='lat' dir='ltr'>&amp;c.</span> <span class='ocrx_word' id='word_1_156' title='bbox 1762 497 1798 525; x_wconf 89' lang='lat' dir='ltr'>Hi</span> <span class='ocrx_word' id='word_1_157' title='bbox 1808 497 1896 534; x_wconf 89' lang='lat' dir='ltr'>itaque</span> <span class='ocrx_word' id='word_1_158' title='bbox 1904 499 1999 536; x_wconf 86' lang='lat' dir='ltr'>magi--</span> 
     </span>
     <span class='ocr_line' id='line_1_12' title="bbox 405 534 1997 578; baseline -0.001 -16"><span class='ocrx_word' id='word_1_159' title='bbox 405 534 497 562; x_wconf 88' lang='lat' dir='ltr'>stratus</span> <span class='ocrx_word' id='word_1_160' title='bbox 514 535 663 563; x_wconf 69' lang='lat' dir='ltr'>centuriatis</span> <span class='ocrx_word' id='word_1_161' title='bbox 680 534 786 563; x_wconf 83' lang='lat' dir='ltr'>comitiis</span> <span class='ocrx_word' id='word_1_162' title='bbox 802 536 966 565; x_wconf 83' lang='lat' dir='ltr'>creabantur.</span> <span class='ocrx_word' id='word_1_163' title='bbox 1000 536 1189 568; x_wconf 63' lang='lat' dir='ltr'>Dielatorum,</span> <span class='ocrx_word' id='word_1_164' title='bbox 1211 536 1400 573; x_wconf 83' lang='lat' dir='ltr'>Magistrorum</span> <span class='ocrx_word' id='word_1_165' title='bbox 1422 535 1567 571; x_wconf 86' lang='lat' dir='ltr'>Equitum,</span> <span class='ocrx_word' id='word_1_166' title='bbox 1588 536 1614 563; x_wconf 90' lang='lat'>&amp;</span> <span class='ocrx_word' id='word_1_167' title='bbox 1629 537 1798 572; x_wconf 71' lang='lat' dir='ltr'>Inter-regum,</span> <span class='ocrx_word' id='word_1_168' title='bbox 1820 536 1997 578; x_wconf 77' lang='lat' dir='ltr'>quiquidem.</span> 
     </span>
    </p>
   </div>
   <div class='ocr_carea' id='block_1_4' title="bbox 403 571 1995 689">
    <p class='ocr_par' dir='ltr' id='par_1_5' title="bbox 403 571 1995 689">
     <span class='ocr_line' id='line_1_13' title="bbox 405 571 1931 611; baseline 0.001 -11"><span class='ocrx_word' id='word_1_169' title='bbox 405 573 487 601; x_wconf 83' lang='lat' dir='ltr'>etiam</span> <span class='ocrx_word' id='word_1_170' title='bbox 503 574 619 610; x_wconf 85' lang='lat' dir='ltr'>majores</span> <span class='ocrx_word' id='word_1_171' title='bbox 635 574 800 611; x_wconf 87' lang='lat' dir='ltr'>magistratus</span> <span class='ocrx_word' id='word_1_172' title='bbox 814 583 904 607; x_wconf 87' lang='lat' dir='ltr'>erant,</span> <span class='ocrx_word' id='word_1_173' title='bbox 925 574 966 602; x_wconf 86' lang='lat' dir='ltr'>sed</span> <span class='ocrx_word' id='word_1_174' title='bbox 982 574 1197 606; x_wconf 84' lang='lat' dir='ltr'>extraordinarii,</span> <span class='ocrx_word' id='word_1_175' title='bbox 1218 574 1267 601; x_wconf 89' lang='lat' dir='ltr'>alia</span> <span class='ocrx_word' id='word_1_176' title='bbox 1280 573 1330 601; x_wconf 87' lang='lat' dir='ltr'>fuit</span> <span class='ocrx_word' id='word_1_177' title='bbox 1344 574 1426 604; x_wconf 86' lang='lat' dir='ltr'>ratio,</span> <span class='ocrx_word' id='word_1_178' title='bbox 1446 581 1527 609; x_wconf 87' lang='lat' dir='ltr'>quam</span> <span class='ocrx_word' id='word_1_179' title='bbox 1542 572 1603 601; x_wconf 85' lang='lat' dir='ltr'>alibi</span> <span class='ocrx_word' id='word_1_180' title='bbox 1616 571 1720 608; x_wconf 86' lang='lat' dir='ltr'>prolixe</span> <span class='ocrx_word' id='word_1_181' title='bbox 1731 573 1931 609; x_wconf 75' lang='lat' dir='ltr'>explicavimus.</span> 
     </span>
     <span class='ocr_line' id='line_1_14' title="bbox 445 611 1995 650; baseline 0.001 -12"><span class='ocrx_word' id='word_1_182' title='bbox 445 613 542 640; x_wconf 85' lang='lat' dir='ltr'>Praeter</span> <span class='ocrx_word' id='word_1_183' title='bbox 566 611 615 639; x_wconf 88' lang='lat' dir='ltr'>hos</span> <span class='ocrx_word' id='word_1_184' title='bbox 640 620 730 640; x_wconf 88' lang='lat' dir='ltr'>autem</span> <span class='ocrx_word' id='word_1_185' title='bbox 746 633 753 643; x_wconf 95' lang='lat'>,</span> <span class='ocrx_word' id='word_1_186' title='bbox 780 613 812 640; x_wconf 90' lang='lat' dir='ltr'>de</span> <span class='ocrx_word' id='word_1_187' title='bbox 833 613 926 650; x_wconf 89' lang='lat' dir='ltr'>quibus</span> <span class='ocrx_word' id='word_1_188' title='bbox 947 614 1082 643; x_wconf 81' lang='lat' dir='ltr'>diximus,</span> <span class='ocrx_word' id='word_1_189' title='bbox 1103 612 1250 648; x_wconf 77' lang='lat' dir='ltr'>proconficles</span> <span class='ocrx_word' id='word_1_190' title='bbox 1271 612 1352 639; x_wconf 86' lang='lat' dir='ltr'>etiam</span> <span class='ocrx_word' id='word_1_191' title='bbox 1373 611 1509 639; x_wconf 88' lang='lat' dir='ltr'>interdum</span> <span class='ocrx_word' id='word_1_192' title='bbox 1524 631 1531 642; x_wconf 92' lang='lat'>,</span> <span class='ocrx_word' id='word_1_193' title='bbox 1557 611 1624 638; x_wconf 85' lang='lat' dir='ltr'>item</span> <span class='ocrx_word' id='word_1_194' title='bbox 1644 612 1732 647; x_wconf 87' lang='lat' dir='ltr'>Reges</span> <span class='ocrx_word' id='word_1_195' title='bbox 1752 611 1886 639; x_wconf 90' lang='lat' dir='ltr'>sacrorum</span> <span class='ocrx_word' id='word_1_196' title='bbox 1905 620 1995 640; x_wconf 31' lang='lat' dir='ltr'>centu-⁷</span> 
     </span>
     <span class='ocr_line' id='line_1_15' title="bbox 403 647 1991 689; baseline 0.001 -13"><span class='ocrx_word' id='word_1_197' title='bbox 403 647 479 677; x_wconf 80' lang='lat' dir='ltr'>riatis</span> <span class='ocrx_word' id='word_1_198' title='bbox 496 649 602 677; x_wconf 70' lang='lat' dir='ltr'>comitiis</span> <span class='ocrx_word' id='word_1_199' title='bbox 623 651 706 678; x_wconf 89' lang='lat' dir='ltr'>creari</span> <span class='ocrx_word' id='word_1_200' title='bbox 727 650 853 679; x_wconf 87' lang='lat' dir='ltr'>solebant.</span> <span class='ocrx_word' id='word_1_201' title='bbox 892 653 934 679; x_wconf 91' lang='lat' dir='ltr'>De</span> <span class='ocrx_word' id='word_1_202' title='bbox 953 650 1152 689; x_wconf 77' lang='lat' dir='ltr'>proconsulibus</span> <span class='ocrx_word' id='word_1_203' title='bbox 1171 650 1267 680; x_wconf 88' lang='lat' dir='ltr'>author</span> <span class='ocrx_word' id='word_1_204' title='bbox 1286 650 1322 677; x_wconf 88' lang='lat' dir='ltr'>est</span> <span class='ocrx_word' id='word_1_205' title='bbox 1340 648 1435 676; x_wconf 69' lang='lat' dir='ltr'>Livius</span> <span class='ocrx_word' id='word_1_206' title='bbox 1454 648 1471 676; x_wconf 89' lang='grc'>1.</span> <span class='ocrx_word' id='word_1_207' title='bbox 1489 652 1531 677; x_wconf 88' lang='lat'>26.</span> <span class='ocrx_word' id='word_1_208' title='bbox 1553 649 1586 676; x_wconf 92' lang='lat' dir='ltr'>de</span> <span class='ocrx_word' id='word_1_209' title='bbox 1608 649 1635 676; x_wconf 87' lang='lat' dir='ltr'>P.</span> <span class='ocrx_word' id='word_1_210' title='bbox 1649 648 1777 676; x_wconf 90' lang='lat' dir='ltr'>Cornelio</span> <span class='ocrx_word' id='word_1_211' title='bbox 1790 649 1914 686; x_wconf 91' lang='lat' dir='ltr'>Scipione</span> <span class='ocrx_word' id='word_1_212' title='bbox 1927 660 1991 688; x_wconf 92' lang='lat' dir='ltr'>pro-</span> 
     </span>
    </p>
   </div>
   <div class='ocr_carea' id='block_1_5' title="bbox 407 687 1999 727">
    <p class='ocr_par' dir='ltr' id='par_1_6' title="bbox 407 687 1999 727">
     <span class='ocr_line' id='line_1_16' title="bbox 407 687 1999 727; baseline 0.001 -12"><span class='ocrx_word' id='word_1_213' title='bbox 407 687 512 716; x_wconf 86' lang='lat' dir='ltr'>consule</span> <span class='ocrx_word' id='word_1_214' title='bbox 532 688 642 726; x_wconf 86' lang='lat' dir='ltr'>loquens</span> <span class='ocrx_word' id='word_1_215' title='bbox 657 698 664 715; x_wconf 94' lang='lat'><strong>:</strong></span> <span class='ocrx_word' id='word_1_216' title='bbox 693 689 727 717; x_wconf 89' lang='lat' dir='ltr'>Et</span> <span class='ocrx_word' id='word_1_217' title='bbox 749 690 846 716; x_wconf 86' lang='lat' dir='ltr'>Romae</span> <span class='ocrx_word' id='word_1_218' title='bbox 859 710 867 722; x_wconf 97' lang='lat'>‚</span> <span class='ocrx_word' id='word_1_219' title='bbox 894 691 980 727; x_wconf 85' lang='lat' dir='ltr'>inquit</span> <span class='ocrx_word' id='word_1_220' title='bbox 991 710 999 721; x_wconf 93' lang='lat'><em>‚</em></span> <span class='ocrx_word' id='word_1_221' title='bbox 1026 688 1125 717; x_wconf 87' lang='lat' dir='ltr'>senatui</span> <span class='ocrx_word' id='word_1_222' title='bbox 1144 688 1296 726; x_wconf 82' lang='lat' dir='ltr'>populoque</span> <span class='ocrx_word' id='word_1_223' title='bbox 1310 689 1367 724; x_wconf 89' lang='lat' dir='ltr'>post</span> <span class='ocrx_word' id='word_1_224' title='bbox 1381 695 1517 724; x_wconf 82' lang='lat' dir='ltr'>receptam</span> <span class='ocrx_word' id='word_1_225' title='bbox 1532 689 1653 723; x_wconf 78' lang='lat' dir='ltr'>Capuam</span> <span class='ocrx_word' id='word_1_226' title='bbox 1667 707 1674 717; x_wconf 96' lang='lat'>‚</span> <span class='ocrx_word' id='word_1_227' title='bbox 1701 696 1756 714; x_wconf 91' lang='lat' dir='ltr'>non</span> <span class='ocrx_word' id='word_1_228' title='bbox 1770 687 1851 715; x_wconf 86' lang='lat' dir='ltr'>Italiae</span> <span class='ocrx_word' id='word_1_229' title='bbox 1862 688 1918 724; x_wconf 88' lang='lat' dir='ltr'>jam</span> <span class='ocrx_word' id='word_1_230' title='bbox 1934 699 1999 717; x_wconf 60' lang='lat' dir='ltr'>man&gt;</span> 
     </span>
    </p>
   </div>
   <div class='ocr_carea' id='block_1_6' title="bbox 403 723 1995 2428">
    <p class='ocr_par' dir='ltr' id='par_1_7' title="bbox 403 723 1995 1448">
     <span class='ocr_line' id='line_1_17' title="bbox 404 723 1990 767; baseline 0.002 -15"><span class='ocrx_word' id='word_1_231' title='bbox 404 725 448 762; x_wconf 83' lang='lat' dir='ltr'>jor</span> <span class='ocrx_word' id='word_1_232' title='bbox 462 747 468 758; x_wconf 85' lang='lat'>‚</span> <span class='ocrx_word' id='word_1_233' title='bbox 489 735 569 763; x_wconf 90' lang='lat' dir='ltr'>quarn</span> <span class='ocrx_word' id='word_1_234' title='bbox 583 727 716 763; x_wconf 79' lang='lat' dir='ltr'>Hilpaniae</span> <span class='ocrx_word' id='word_1_235' title='bbox 730 736 792 755; x_wconf 87' lang='lat' dir='ltr'>cura</span> <span class='ocrx_word' id='word_1_236' title='bbox 805 735 860 756; x_wconf 90' lang='lat' dir='ltr'>erat</span> <span class='ocrx_word' id='word_1_237' title='bbox 873 748 880 760; x_wconf 84' lang='lat'><strong>,</strong></span> <span class='ocrx_word' id='word_1_238' title='bbox 901 730 927 757; x_wconf 70' lang='grc' dir='ltr'>ὃ(</span> <span class='ocrx_word' id='word_1_239' title='bbox 941 728 1088 756; x_wconf 81' lang='lat' dir='ltr'>exercitum</span> <span class='ocrx_word' id='word_1_240' title='bbox 1105 728 1195 765; x_wconf 86' lang='lat' dir='ltr'>augeri</span> <span class='ocrx_word' id='word_1_241' title='bbox 1206 748 1215 760; x_wconf 88' lang='lat'><em>,</em></span> <span class='ocrx_word' id='word_1_242' title='bbox 1236 729 1262 755; x_wconf 62' lang='grc' dir='ltr'>ἃ</span> <span class='ocrx_word' id='word_1_243' title='bbox 1277 728 1475 763; x_wconf 83' lang='lat' dir='ltr'>Imperatorem</span> <span class='ocrx_word' id='word_1_244' title='bbox 1491 726 1564 753; x_wconf 86' lang='lat' dir='ltr'>mitti</span> <span class='ocrx_word' id='word_1_245' title='bbox 1577 723 1706 761; x_wconf 84' lang='lat' dir='ltr'>placebat.</span> <span class='ocrx_word' id='word_1_246' title='bbox 1735 734 1790 767; x_wconf 37' lang='lat' dir='ltr'>nec.</span> <span class='ocrx_word' id='word_1_247' title='bbox 1803 732 1894 754; x_wconf 87' lang='lat' dir='ltr'>tamen</span> <span class='ocrx_word' id='word_1_248' title='bbox 1908 736 1990 764; x_wconf 84' lang='lat' dir='ltr'>quem</span> 
     </span>
     <span class='ocr_line' id='line_1_18' title="bbox 404 763 1992 803; baseline 0.001 -12"><span class='ocrx_word' id='word_1_249' title='bbox 404 765 546 792; x_wconf 83' lang='lat' dir='ltr'>mitterent</span> <span class='ocrx_word' id='word_1_250' title='bbox 560 785 566 796; x_wconf 91' lang='lat'><strong>‚</strong></span> <span class='ocrx_word' id='word_1_251' title='bbox 593 764 652 792; x_wconf 86' lang='lat' dir='ltr'>satis</span> <span class='ocrx_word' id='word_1_252' title='bbox 673 765 830 793; x_wconf 80' lang='lat' dir='ltr'>constabat:</span> <span class='ocrx_word' id='word_1_253' title='bbox 855 767 983 803; x_wconf 88' lang='lat' dir='ltr'>quoniam</span> <span class='ocrx_word' id='word_1_254' title='bbox 1004 765 1065 795; x_wconf 89' lang='lat' dir='ltr'>illuc</span> <span class='ocrx_word' id='word_1_255' title='bbox 1078 788 1085 799; x_wconf 94' lang='lat'>‚</span> <span class='ocrx_word' id='word_1_256' title='bbox 1123 767 1167 794; x_wconf 93' lang='lat' dir='ltr'>ubi</span> <span class='ocrx_word' id='word_1_257' title='bbox 1187 766 1242 793; x_wconf 91' lang='lat' dir='ltr'>duo</span> <span class='ocrx_word' id='word_1_258' title='bbox 1262 766 1361 792; x_wconf 82' lang='lat' dir='ltr'>lummi</span> <span class='ocrx_word' id='word_1_259' title='bbox 1388 765 1567 800; x_wconf 88' lang='lat' dir='ltr'>Imperatores</span> <span class='ocrx_word' id='word_1_260' title='bbox 1587 764 1655 791; x_wconf 87' lang='lat' dir='ltr'>intra</span> <span class='ocrx_word' id='word_1_261' title='bbox 1674 763 1731 790; x_wconf 90' lang='lat' dir='ltr'>dies</span> <span class='ocrx_word' id='word_1_262' title='bbox 1757 764 1866 799; x_wconf 78' lang='lat' dir='ltr'>triginta</span> <span class='ocrx_word' id='word_1_263' title='bbox 1884 764 1992 793; x_wconf 88' lang='lat' dir='ltr'>cecidis-</span> 
     </span>
     <span class='ocr_line' id='line_1_19' title="bbox 404 801 1993 840; baseline -0.001 -11"><span class='ocrx_word' id='word_1_264' title='bbox 404 801 476 834; x_wconf 87' lang='lat' dir='ltr'>sent,</span> <span class='ocrx_word' id='word_1_265' title='bbox 498 803 543 840; x_wconf 89' lang='lat' dir='ltr'>qui</span> <span class='ocrx_word' id='word_1_266' title='bbox 562 803 590 830; x_wconf 91' lang='lat' dir='ltr'>in</span> <span class='ocrx_word' id='word_1_267' title='bbox 610 803 701 831; x_wconf 88' lang='lat' dir='ltr'>locum</span> <span class='ocrx_word' id='word_1_268' title='bbox 721 804 839 832; x_wconf 89' lang='lat' dir='ltr'>duorum</span> <span class='ocrx_word' id='word_1_269' title='bbox 859 804 1025 835; x_wconf 84' lang='lat' dir='ltr'>succederet,</span> <span class='ocrx_word' id='word_1_270' title='bbox 1046 804 1253 833; x_wconf 83' lang='lat' dir='ltr'>extraordinaria</span> <span class='ocrx_word' id='word_1_271' title='bbox 1271 813 1333 831; x_wconf 89' lang='lat' dir='ltr'>cura</span> <span class='ocrx_word' id='word_1_272' title='bbox 1351 803 1506 839; x_wconf 85' lang='lat' dir='ltr'>deligendus</span> <span class='ocrx_word' id='word_1_273' title='bbox 1526 802 1598 830; x_wconf 77' lang='lat' dir='ltr'>effet.</span> <span class='ocrx_word' id='word_1_274' title='bbox 1629 802 1701 828; x_wconf 89' lang='lat' dir='ltr'>Cum</span> <span class='ocrx_word' id='word_1_275' title='bbox 1716 801 1759 829; x_wconf 89' lang='lat' dir='ltr'>alii</span> <span class='ocrx_word' id='word_1_276' title='bbox 1773 801 1854 829; x_wconf 88' lang='lat' dir='ltr'>alium</span> <span class='ocrx_word' id='word_1_277' title='bbox 1867 804 1993 831; x_wconf 87' lang='lat' dir='ltr'>nomina.</span> 
     </span>
     <span class='ocr_line' id='line_1_20' title="bbox 407 838 1993 880; baseline 0.002 -14"><span class='ocrx_word' id='word_1_278' title='bbox 407 848 488 871; x_wconf 85' lang='lat' dir='ltr'>rent,</span> <span class='ocrx_word' id='word_1_279' title='bbox 516 841 684 876; x_wconf 79' lang='lat' dir='ltr'>postremum</span> <span class='ocrx_word' id='word_1_280' title='bbox 711 851 743 868; x_wconf 93' lang='lat' dir='ltr'>eo</span> <span class='ocrx_word' id='word_1_281' title='bbox 768 842 907 870; x_wconf 87' lang='lat' dir='ltr'>decursum</span> <span class='ocrx_word' id='word_1_282' title='bbox 934 843 989 874; x_wconf 88' lang='lat' dir='ltr'>est,</span> <span class='ocrx_word' id='word_1_283' title='bbox 1017 849 1046 870; x_wconf 86' lang='lat' dir='ltr'>ut</span> <span class='ocrx_word' id='word_1_284' title='bbox 1071 842 1183 880; x_wconf 85' lang='lat' dir='ltr'>populus</span> <span class='ocrx_word' id='word_1_285' title='bbox 1209 840 1358 878; x_wconf 83' lang='lat' dir='ltr'>proconsuli</span> <span class='ocrx_word' id='word_1_286' title='bbox 1384 842 1500 869; x_wconf 88' lang='lat' dir='ltr'>creando</span> <span class='ocrx_word' id='word_1_287' title='bbox 1527 841 1554 868; x_wconf 89' lang='lat' dir='ltr'>in</span> <span class='ocrx_word' id='word_1_288' title='bbox 1579 838 1734 875; x_wconf 83' lang='lat' dir='ltr'>Hispaniam</span> <span class='ocrx_word' id='word_1_289' title='bbox 1758 839 1858 867; x_wconf 80' lang='lat' dir='ltr'>comitia</span> <span class='ocrx_word' id='word_1_290' title='bbox 1876 840 1993 875; x_wconf 81' lang='lat' dir='ltr'>haberet,</span> 
     </span>
     <span class='ocr_line' id='line_1_21' title="bbox 404 878 1993 916; baseline 0.002 -11"><span class='ocrx_word' id='word_1_291' title='bbox 404 878 533 915; x_wconf 85' lang='lat' dir='ltr'>diemque</span> <span class='ocrx_word' id='word_1_292' title='bbox 558 879 676 906; x_wconf 88' lang='lat' dir='ltr'>comitiis</span> <span class='ocrx_word' id='word_1_293' title='bbox 697 879 825 908; x_wconf 84' lang='lat' dir='ltr'>Consules</span> <span class='ocrx_word' id='word_1_294' title='bbox 845 881 994 909; x_wconf 85' lang='lat' dir='ltr'>edixerunt.</span> <span class='ocrx_word' id='word_1_295' title='bbox 1035 881 1128 908; x_wconf 84' lang='lat' dir='ltr'>Primo</span> <span class='ocrx_word' id='word_1_296' title='bbox 1147 880 1370 916; x_wconf 72' lang='lat' dir='ltr'>expeetaverant,</span> <span class='ocrx_word' id='word_1_297' title='bbox 1396 887 1426 907; x_wconf 89' lang='lat' dir='ltr'>ut</span> <span class='ocrx_word' id='word_1_298' title='bbox 1445 880 1491 915; x_wconf 86' lang='lat' dir='ltr'>qui</span> <span class='ocrx_word' id='word_1_299' title='bbox 1510 878 1536 906; x_wconf 76' lang='lat' dir='ltr'>fi:</span> <span class='ocrx_word' id='word_1_300' title='bbox 1556 885 1632 906; x_wconf 84' lang='lat' dir='ltr'>tanto</span> <span class='ocrx_word' id='word_1_301' title='bbox 1651 878 1768 914; x_wconf 85' lang='lat' dir='ltr'>imperio</span> <span class='ocrx_word' id='word_1_302' title='bbox 1787 878 1883 915; x_wconf 89' lang='lat' dir='ltr'>dignos</span> <span class='ocrx_word' id='word_1_303' title='bbox 1902 880 1993 908; x_wconf 87' lang='lat' dir='ltr'>crede-</span> 
     </span>
     <span class='ocr_line' id='line_1_22' title="bbox 403 916 1993 956; baseline 0.002 -13"><span class='ocrx_word' id='word_1_304' title='bbox 403 923 480 947; x_wconf 83' lang='lat' dir='ltr'>tent,</span> <span class='ocrx_word' id='word_1_305' title='bbox 501 917 613 944; x_wconf 87' lang='lat' dir='ltr'>nomina</span> <span class='ocrx_word' id='word_1_306' title='bbox 633 917 833 953; x_wconf 80' lang='lat' dir='ltr'>profiterentur.</span> <span class='ocrx_word' id='word_1_307' title='bbox 874 919 941 954; x_wconf 81' lang='lat' dir='ltr'>Qae</span> <span class='ocrx_word' id='word_1_308' title='bbox 960 925 990 947; x_wconf 89' lang='lat' dir='ltr'>ut</span> <span class='ocrx_word' id='word_1_309' title='bbox 1009 919 1130 947; x_wconf 87' lang='lat' dir='ltr'>destituta</span> <span class='ocrx_word' id='word_1_310' title='bbox 1149 917 1299 955; x_wconf 68' lang='lat' dir='ltr'>expe&lt;5tatio</span> <span class='ocrx_word' id='word_1_311' title='bbox 1320 917 1370 949; x_wconf 92' lang='lat' dir='ltr'>est,</span> <span class='ocrx_word' id='word_1_312' title='bbox 1390 917 1586 954; x_wconf 84' lang='lat' dir='ltr'>redintegratus</span> <span class='ocrx_word' id='word_1_313' title='bbox 1601 916 1685 943; x_wconf 58' lang='lat' dir='ltr'>ludius</span> <span class='ocrx_word' id='word_1_314' title='bbox 1699 922 1812 956; x_wconf 75' lang='lat' dir='ltr'>acceptae</span> <span class='ocrx_word' id='word_1_315' title='bbox 1828 916 1923 950; x_wconf 82' lang='lat' dir='ltr'>cladis,</span> <span class='ocrx_word' id='word_1_316' title='bbox 1947 918 1993 946; x_wconf 89' lang='lat' dir='ltr'>de-</span> 
     </span>
     <span class='ocr_line' id='line_1_23' title="bbox 404 952 1993 993; baseline 0.003 -13"><span class='ocrx_word' id='word_1_317' title='bbox 404 952 584 992; x_wconf 83' lang='lat' dir='ltr'>fideriumque</span> <span class='ocrx_word' id='word_1_318' title='bbox 604 957 804 993; x_wconf 84' lang='lat' dir='ltr'>Imperatorum</span> <span class='ocrx_word' id='word_1_319' title='bbox 823 957 989 984; x_wconf 75' lang='lat' dir='ltr'>amissorum.</span> <span class='ocrx_word' id='word_1_320' title='bbox 1030 957 1126 984; x_wconf 75' lang='lat' dir='ltr'>Moesta</span> <span class='ocrx_word' id='word_1_321' title='bbox 1145 957 1233 993; x_wconf 87' lang='lat' dir='ltr'>itaque</span> <span class='ocrx_word' id='word_1_322' title='bbox 1255 956 1363 987; x_wconf 88' lang='lat' dir='ltr'>civitas,</span> <span class='ocrx_word' id='word_1_323' title='bbox 1390 964 1475 991; x_wconf 85' lang='lat' dir='ltr'>prope</span> <span class='ocrx_word' id='word_1_324' title='bbox 1488 956 1564 991; x_wconf 86' lang='lat' dir='ltr'>inops</span> <span class='ocrx_word' id='word_1_325' title='bbox 1579 954 1679 981; x_wconf 84' lang='lat' dir='ltr'>confilii</span> <span class='ocrx_word' id='word_1_326' title='bbox 1692 975 1700 986; x_wconf 91' lang='lat'><em>‚</em></span> <span class='ocrx_word' id='word_1_327' title='bbox 1727 953 1885 982; x_wconf 81' lang='lat' dir='ltr'>comttiorum</span> <span class='ocrx_word' id='word_1_328' title='bbox 1898 955 1940 983; x_wconf 87' lang='lat' dir='ltr'>a&#39;ie</span> <span class='ocrx_word' id='word_1_329' title='bbox 1954 964 1993 984; x_wconf 90' lang='lat' dir='ltr'>ta·</span> 
     </span>
     <span class='ocr_line' id='line_1_24' title="bbox 406 992 1994 1031; baseline 0.002 -12"><span class='ocrx_word' id='word_1_330' title='bbox 406 1001 473 1019; x_wconf 87' lang='lat' dir='ltr'>men</span> <span class='ocrx_word' id='word_1_331' title='bbox 491 992 519 1020; x_wconf 90' lang='lat' dir='ltr'>in</span> <span class='ocrx_word' id='word_1_332' title='bbox 538 1002 665 1030; x_wconf 83' lang='lat' dir='ltr'>campum</span> <span class='ocrx_word' id='word_1_333' title='bbox 686 993 842 1024; x_wconf 79' lang='lat' dir='ltr'>descendit3</span> <span class='ocrx_word' id='word_1_334' title='bbox 869 1001 948 1031; x_wconf 87' lang='lat' dir='ltr'>atque</span> <span class='ocrx_word' id='word_1_335' title='bbox 967 995 994 1021; x_wconf 93' lang='lat' dir='ltr'>in</span> <span class='ocrx_word' id='word_1_336' title='bbox 1014 994 1181 1031; x_wconf 87' lang='lat' dir='ltr'>magistratus</span> <span class='ocrx_word' id='word_1_337' title='bbox 1201 994 1267 1022; x_wconf 79' lang='lat' dir='ltr'>versi</span> <span class='ocrx_word' id='word_1_338' title='bbox 1281 1014 1288 1025; x_wconf 93' lang='lat'><em>‚</em></span> <span class='ocrx_word' id='word_1_339' title='bbox 1314 992 1538 1029; x_wconf 67' lang='lat' dir='ltr'>circumspectant</span> <span class='ocrx_word' id='word_1_340' title='bbox 1556 1001 1604 1020; x_wconf 88' lang='lat' dir='ltr'>ora</span> <span class='ocrx_word' id='word_1_341' title='bbox 1621 993 1773 1028; x_wconf 89' lang='lat' dir='ltr'>principum</span> <span class='ocrx_word' id='word_1_342' title='bbox 1794 992 1909 1021; x_wconf 87' lang='lat' dir='ltr'>aliorum</span> <span class='ocrx_word' id='word_1_343' title='bbox 1929 994 1994 1022; x_wconf 86' lang='lat' dir='ltr'>alios</span> 
     </span>
     <span class='ocr_line' id='line_1_25' title="bbox 405 1030 1992 1069; baseline 0.001 -11"><span class='ocrx_word' id='word_1_344' title='bbox 405 1030 569 1059; x_wconf 88' lang='lat' dir='ltr'>intuentium</span> <span class='ocrx_word' id='word_1_345' title='bbox 586 1043 591 1059; x_wconf 86' lang='grc'>;</span> <span class='ocrx_word' id='word_1_346' title='bbox 618 1031 799 1068; x_wconf 79' lang='lat' dir='ltr'>fremuntque,</span> <span class='ocrx_word' id='word_1_347' title='bbox 814 1032 882 1059; x_wconf 87' lang='lat' dir='ltr'>adeo</span> <span class='ocrx_word' id='word_1_348' title='bbox 896 1032 1011 1068; x_wconf 88' lang='lat' dir='ltr'>perditas</span> <span class='ocrx_word' id='word_1_349' title='bbox 1026 1041 1083 1065; x_wconf 89' lang='lat' dir='ltr'>res,</span> <span class='ocrx_word' id='word_1_350' title='bbox 1103 1032 1326 1069; x_wconf 87' lang='lat' dir='ltr'>desperatumque</span> <span class='ocrx_word' id='word_1_351' title='bbox 1347 1032 1380 1059; x_wconf 91' lang='lat' dir='ltr'>de</span> <span class='ocrx_word' id='word_1_352' title='bbox 1393 1031 1525 1068; x_wconf 81' lang='lat' dir='ltr'>republica</span> <span class='ocrx_word' id='word_1_353' title='bbox 1539 1031 1590 1059; x_wconf 79' lang='lat' dir='ltr'>effe</span> <span class='ocrx_word' id='word_1_354' title='bbox 1605 1051 1612 1062; x_wconf 84' lang='lat'><strong>›</strong></span> <span class='ocrx_word' id='word_1_355' title='bbox 1637 1038 1667 1059; x_wconf 89' lang='lat' dir='ltr'>ut</span> <span class='ocrx_word' id='word_1_356' title='bbox 1682 1040 1766 1057; x_wconf 86' lang='lat' dir='ltr'>nemo</span> <span class='ocrx_word' id='word_1_357' title='bbox 1783 1031 1877 1060; x_wconf 87' lang='lat' dir='ltr'>audeat</span> <span class='ocrx_word' id='word_1_358' title='bbox 1894 1032 1922 1060; x_wconf 90' lang='lat' dir='ltr'>in</span> <span class='ocrx_word' id='word_1_359' title='bbox 1942 1033 1992 1061; x_wconf 89' lang='lat' dir='ltr'>Hi—</span> 
     </span>
     <span class='ocr_line' id='line_1_26' title="bbox 404 1067 1993 1107; baseline 0.003 -13"><span class='ocrx_word' id='word_1_360' title='bbox 404 1067 523 1104; x_wconf 79' lang='lat' dir='ltr'>spaniam</span> <span class='ocrx_word' id='word_1_361' title='bbox 543 1070 689 1106; x_wconf 88' lang='lat' dir='ltr'>imperium</span> <span class='ocrx_word' id='word_1_362' title='bbox 708 1070 840 1105; x_wconf 85' lang='lat' dir='ltr'>accipere:</span> <span class='ocrx_word' id='word_1_363' title='bbox 862 1079 924 1098; x_wconf 90' lang='lat' dir='ltr'>cum</span> <span class='ocrx_word' id='word_1_364' title='bbox 945 1069 1032 1098; x_wconf 86' lang='lat' dir='ltr'>subito</span> <span class='ocrx_word' id='word_1_365' title='bbox 1051 1074 1082 1098; x_wconf 81' lang='grc' dir='ltr'>Ρ.</span> <span class='ocrx_word' id='word_1_366' title='bbox 1097 1069 1239 1101; x_wconf 81' lang='lat' dir='ltr'>Cornelius,</span> <span class='ocrx_word' id='word_1_367' title='bbox 1259 1070 1342 1102; x_wconf 86' lang='lat' dir='ltr'>illius,</span> <span class='ocrx_word' id='word_1_368' title='bbox 1363 1069 1407 1107; x_wconf 86' lang='lat' dir='ltr'>qui</span> <span class='ocrx_word' id='word_1_369' title='bbox 1427 1070 1454 1096; x_wconf 90' lang='lat' dir='ltr'>in</span> <span class='ocrx_word' id='word_1_370' title='bbox 1474 1069 1600 1106; x_wconf 90' lang='lat' dir='ltr'>Hispania</span> <span class='ocrx_word' id='word_1_371' title='bbox 1621 1069 1753 1096; x_wconf 89' lang='lat' dir='ltr'>ceciderat</span> <span class='ocrx_word' id='word_1_372' title='bbox 1772 1068 1858 1101; x_wconf 82' lang='lat' dir='ltr'>filius,</span> <span class='ocrx_word' id='word_1_373' title='bbox 1880 1077 1993 1107; x_wconf 77' lang='lat' dir='ltr'>quatuor</span> 
     </span>
     <span class='ocr_line' id='line_1_27' title="bbox 408 1105 1993 1145; baseline 0.002 -12"><span class='ocrx_word' id='word_1_374' title='bbox 408 1109 435 1134; x_wconf 81' lang='lat'>&amp;</span> <span class='ocrx_word' id='word_1_375' title='bbox 445 1107 539 1143; x_wconf 86' lang='lat' dir='ltr'>viginti</span> <span class='ocrx_word' id='word_1_376' title='bbox 555 1107 640 1135; x_wconf 90' lang='lat' dir='ltr'>ferme</span> <span class='ocrx_word' id='word_1_377' title='bbox 654 1117 737 1135; x_wconf 83' lang='lat' dir='ltr'>annos</span> <span class='ocrx_word' id='word_1_378' title='bbox 754 1115 845 1139; x_wconf 88' lang='lat' dir='ltr'>natus,</span> <span class='ocrx_word' id='word_1_379' title='bbox 864 1107 994 1145; x_wconf 77' lang='lat' dir='ltr'>professus</span> <span class='ocrx_word' id='word_1_380' title='bbox 1008 1108 1034 1136; x_wconf 91' lang='lat' dir='ltr'>se</span> <span class='ocrx_word' id='word_1_381' title='bbox 1047 1116 1153 1144; x_wconf 88' lang='lat' dir='ltr'>petere,</span> <span class='ocrx_word' id='word_1_382' title='bbox 1174 1110 1202 1136; x_wconf 87' lang='lat' dir='ltr'>in</span> <span class='ocrx_word' id='word_1_383' title='bbox 1215 1107 1363 1145; x_wconf 89' lang='lat' dir='ltr'>superiore,</span> <span class='ocrx_word' id='word_1_384' title='bbox 1382 1107 1453 1135; x_wconf 89' lang='lat' dir='ltr'>unde</span> <span class='ocrx_word' id='word_1_385' title='bbox 1468 1107 1584 1144; x_wconf 86' lang='lat' dir='ltr'>conspici</span> <span class='ocrx_word' id='word_1_386' title='bbox 1597 1107 1696 1144; x_wconf 77' lang='lat' dir='ltr'>posset,</span> <span class='ocrx_word' id='word_1_387' title='bbox 1715 1105 1777 1133; x_wconf 91' lang='lat' dir='ltr'>loco</span> <span class='ocrx_word' id='word_1_388' title='bbox 1792 1108 1918 1135; x_wconf 85' lang='lat' dir='ltr'>constitit.</span> <span class='ocrx_word' id='word_1_389' title='bbox 1961 1109 1993 1137; x_wconf 90' lang='lat' dir='ltr'>In</span> 
     </span>
     <span class='ocr_line' id='line_1_28' title="bbox 408 1143 1993 1183; baseline -0.001 -12"><span class='ocrx_word' id='word_1_390' title='bbox 408 1152 491 1181; x_wconf 86' lang='lat' dir='ltr'>quem</span> <span class='ocrx_word' id='word_1_391' title='bbox 510 1146 650 1182; x_wconf 86' lang='lat' dir='ltr'>postquam</span> <span class='ocrx_word' id='word_1_392' title='bbox 671 1145 796 1172; x_wconf 87' lang='lat' dir='ltr'>omnium</span> <span class='ocrx_word' id='word_1_393' title='bbox 817 1155 864 1173; x_wconf 91' lang='lat' dir='ltr'>ora</span> <span class='ocrx_word' id='word_1_394' title='bbox 882 1145 1008 1173; x_wconf 82' lang='lat' dir='ltr'>conversa</span> <span class='ocrx_word' id='word_1_395' title='bbox 1027 1146 1102 1179; x_wconf 86' lang='lat' dir='ltr'>sunt,</span> <span class='ocrx_word' id='word_1_396' title='bbox 1122 1148 1240 1176; x_wconf 85' lang='lat' dir='ltr'>clamore</span> <span class='ocrx_word' id='word_1_397' title='bbox 1259 1156 1290 1174; x_wconf 88' lang='lat' dir='ltr'>ac</span> <span class='ocrx_word' id='word_1_398' title='bbox 1309 1145 1401 1174; x_wconf 87' lang='lat' dir='ltr'>favore</span> <span class='ocrx_word' id='word_1_399' title='bbox 1419 1145 1534 1174; x_wconf 84' lang='lat' dir='ltr'>ominati</span> <span class='ocrx_word' id='word_1_400' title='bbox 1555 1144 1694 1181; x_wconf 86' lang='lat' dir='ltr'>extemplo</span> <span class='ocrx_word' id='word_1_401' title='bbox 1708 1143 1767 1172; x_wconf 90' lang='lat' dir='ltr'>sunt</span> <span class='ocrx_word' id='word_1_402' title='bbox 1780 1144 1849 1181; x_wconf 66' lang='lat' dir='ltr'>felix</span> <span class='ocrx_word' id='word_1_403' title='bbox 1864 1145 1993 1183; x_wconf 76' lang='lat' dir='ltr'>faustum.</span> 
     </span>
     <span class='ocr_line' id='line_1_29' title="bbox 407 1181 1994 1221; baseline 0.003 -14"><span class='ocrx_word' id='word_1_404' title='bbox 407 1191 457 1219; x_wconf 81' lang='lat' dir='ltr'>que</span> <span class='ocrx_word' id='word_1_405' title='bbox 474 1181 615 1217; x_wconf 80' lang='lat' dir='ltr'>imperium.</span> <span class='ocrx_word' id='word_1_406' title='bbox 655 1183 720 1220; x_wconf 76' lang='lat' dir='ltr'>Julli</span> <span class='ocrx_word' id='word_1_407' title='bbox 738 1183 835 1211; x_wconf 89' lang='lat' dir='ltr'>deinde</span> <span class='ocrx_word' id='word_1_408' title='bbox 854 1184 922 1211; x_wconf 81' lang='lat' dir='ltr'>inire</span> <span class='ocrx_word' id='word_1_409' title='bbox 940 1183 1094 1221; x_wconf 86' lang='lat' dir='ltr'>suffragium</span> <span class='ocrx_word' id='word_1_410' title='bbox 1111 1205 1118 1216; x_wconf 91' lang='lat'>,</span> <span class='ocrx_word' id='word_1_411' title='bbox 1144 1186 1175 1213; x_wconf 89' lang='lat' dir='ltr'>ad</span> <span class='ocrx_word' id='word_1_412' title='bbox 1195 1193 1281 1211; x_wconf 86' lang='lat' dir='ltr'>unum</span> <span class='ocrx_word' id='word_1_413' title='bbox 1302 1194 1397 1211; x_wconf 86' lang='lat' dir='ltr'>omnes</span> <span class='ocrx_word' id='word_1_414' title='bbox 1410 1203 1417 1214; x_wconf 95' lang='lat'>‚</span> <span class='ocrx_word' id='word_1_415' title='bbox 1443 1193 1499 1211; x_wconf 89' lang='lat' dir='ltr'>non</span> <span class='ocrx_word' id='word_1_416' title='bbox 1519 1183 1605 1211; x_wconf 87' lang='lat' dir='ltr'>modo</span> <span class='ocrx_word' id='word_1_417' title='bbox 1623 1182 1737 1210; x_wconf 65' lang='lat' dir='ltr'>centuria</span> <span class='ocrx_word' id='word_1_418' title='bbox 1751 1203 1757 1213; x_wconf 86' lang='lat'><em>‚</em></span> <span class='ocrx_word' id='word_1_419' title='bbox 1777 1183 1821 1210; x_wconf 86' lang='lat' dir='ltr'>sed</span> <span class='ocrx_word' id='word_1_420' title='bbox 1841 1184 1922 1212; x_wconf 90' lang='lat' dir='ltr'>etiam</span> <span class='ocrx_word' id='word_1_421' title='bbox 1944 1184 1994 1212; x_wconf 81' lang='lat' dir='ltr'>ho-</span> 
     </span>
     <span class='ocr_line' id='line_1_30' title="bbox 410 1219 1994 1259; baseline 0.003 -14"><span class='ocrx_word' id='word_1_422' title='bbox 410 1220 497 1248; x_wconf 84' lang='lat' dir='ltr'>mines</span> <span class='ocrx_word' id='word_1_423' title='bbox 511 1241 518 1251; x_wconf 96' lang='lat'>‚</span> <span class='ocrx_word' id='word_1_424' title='bbox 547 1225 576 1247; x_wconf 89' lang='lat' dir='ltr'>P.</span> <span class='ocrx_word' id='word_1_425' title='bbox 590 1219 696 1254; x_wconf 68' lang='lat' dir='ltr'>Stiptoni</span> <span class='ocrx_word' id='word_1_426' title='bbox 710 1222 855 1257; x_wconf 81' lang='lat' dir='ltr'>imperium</span> <span class='ocrx_word' id='word_1_427' title='bbox 871 1223 923 1249; x_wconf 83' lang='lat' dir='ltr'>effe</span> <span class='ocrx_word' id='word_1_428' title='bbox 938 1223 964 1249; x_wconf 91' lang='lat' dir='ltr'>in</span> <span class='ocrx_word' id='word_1_429' title='bbox 978 1222 1104 1259; x_wconf 80' lang='lat' dir='ltr'>Hispania</span> <span class='ocrx_word' id='word_1_430' title='bbox 1116 1243 1124 1254; x_wconf 92' lang='lat'>,</span> <span class='ocrx_word' id='word_1_431' title='bbox 1148 1223 1285 1259; x_wconf 82' lang='lat' dir='ltr'>jufferunt.</span> <span class='ocrx_word' id='word_1_432' title='bbox 1318 1222 1454 1249; x_wconf 70' lang='lat' dir='ltr'>Hactenus</span> <span class='ocrx_word' id='word_1_433' title='bbox 1469 1219 1567 1248; x_wconf 78' lang='lat' dir='ltr'>Livius.</span> <span class='ocrx_word' id='word_1_434' title='bbox 1600 1222 1639 1249; x_wconf 87' lang='lat' dir='ltr'>Ex</span> <span class='ocrx_word' id='word_1_435' title='bbox 1651 1220 1746 1258; x_wconf 88' lang='lat' dir='ltr'>quibus</span> <span class='ocrx_word' id='word_1_436' title='bbox 1759 1220 1916 1258; x_wconf 85' lang='lat' dir='ltr'>intelligitur</span> <span class='ocrx_word' id='word_1_437' title='bbox 1928 1231 1994 1250; x_wconf 90' lang='lat' dir='ltr'>cum</span> 
     </span>
     <span class='ocr_line' id='line_1_31' title="bbox 406 1257 1995 1294; baseline 0.003 -11"><span class='ocrx_word' id='word_1_438' title='bbox 406 1258 556 1285; x_wconf 73' lang='lat' dir='ltr'>centuriatis</span> <span class='ocrx_word' id='word_1_439' title='bbox 573 1257 680 1286; x_wconf 73' lang='lat' dir='ltr'>comitiis</span> <span class='ocrx_word' id='word_1_440' title='bbox 699 1268 819 1287; x_wconf 83' lang='lat' dir='ltr'>creatum</span> <span class='ocrx_word' id='word_1_441' title='bbox 840 1260 899 1287; x_wconf 80' lang='lat' dir='ltr'>effe.</span> <span class='ocrx_word' id='word_1_442' title='bbox 930 1263 954 1287; x_wconf 83' lang='lat' dir='ltr'>V</span> <span class='ocrx_word' id='word_1_443' title='bbox 958 1270 1034 1287; x_wconf 80' lang='lat' dir='ltr'>etum</span> <span class='ocrx_word' id='word_1_444' title='bbox 1056 1260 1111 1288; x_wconf 83' lang='lat' dir='ltr'>haec</span> <span class='ocrx_word' id='word_1_445' title='bbox 1132 1261 1200 1289; x_wconf 86' lang='lat' dir='ltr'>ratio</span> <span class='ocrx_word' id='word_1_446' title='bbox 1217 1259 1423 1288; x_wconf 86' lang='lat' dir='ltr'>extraordinaria</span> <span class='ocrx_word' id='word_1_447' title='bbox 1444 1258 1503 1287; x_wconf 83' lang='lat' dir='ltr'>fuit.</span> <span class='ocrx_word' id='word_1_448' title='bbox 1535 1258 1601 1286; x_wconf 88' lang='lat' dir='ltr'>Ideo</span> <span class='ocrx_word' id='word_1_449' title='bbox 1615 1268 1670 1286; x_wconf 93' lang='lat' dir='ltr'>non</span> <span class='ocrx_word' id='word_1_450' title='bbox 1684 1258 1790 1294; x_wconf 83' lang='lat' dir='ltr'>semper</span> <span class='ocrx_word' id='word_1_451' title='bbox 1801 1259 1900 1287; x_wconf 84' lang='lat' dir='ltr'>ufitata.</span> <span class='ocrx_word' id='word_1_452' title='bbox 1934 1261 1995 1288; x_wconf 90' lang='lat' dir='ltr'>Nec</span> 
     </span>
     <span class='ocr_line' id='line_1_32' title="bbox 409 1294 1994 1335; baseline 0.003 -13"><span class='ocrx_word' id='word_1_453' title='bbox 409 1294 463 1323; x_wconf 91' lang='lat' dir='ltr'>scio</span> <span class='ocrx_word' id='word_1_454' title='bbox 482 1306 515 1324; x_wconf 88' lang='lat' dir='ltr'>an</span> <span class='ocrx_word' id='word_1_455' title='bbox 536 1296 621 1324; x_wconf 90' lang='lat' dir='ltr'>ullum</span> <span class='ocrx_word' id='word_1_456' title='bbox 642 1297 713 1325; x_wconf 88' lang='lat' dir='ltr'>aliud</span> <span class='ocrx_word' id='word_1_457' title='bbox 733 1299 905 1335; x_wconf 75' lang='lat' dir='ltr'>exemplum,</span> <span class='ocrx_word' id='word_1_458' title='bbox 927 1306 1039 1335; x_wconf 79' lang='lat' dir='ltr'>excepto</span> <span class='ocrx_word' id='word_1_459' title='bbox 1057 1298 1123 1331; x_wconf 89' lang='lat' dir='ltr'>hoc,</span> <span class='ocrx_word' id='word_1_460' title='bbox 1146 1298 1260 1327; x_wconf 88' lang='lat' dir='ltr'>inveniri</span> <span class='ocrx_word' id='word_1_461' title='bbox 1276 1299 1346 1334; x_wconf 90' lang='lat' dir='ltr'>apud</span> <span class='ocrx_word' id='word_1_462' title='bbox 1359 1297 1482 1326; x_wconf 86' lang='lat' dir='ltr'>authores</span> <span class='ocrx_word' id='word_1_463' title='bbox 1496 1297 1583 1333; x_wconf 85' lang='lat' dir='ltr'>poffit.</span> <span class='ocrx_word' id='word_1_464' title='bbox 1623 1298 1666 1324; x_wconf 92' lang='lat' dir='ltr'>De</span> <span class='ocrx_word' id='word_1_465' title='bbox 1679 1296 1811 1324; x_wconf 89' lang='lat' dir='ltr'>ordinaria</span> <span class='ocrx_word' id='word_1_466' title='bbox 1824 1304 1915 1325; x_wconf 89' lang='lat' dir='ltr'>autem</span> <span class='ocrx_word' id='word_1_467' title='bbox 1929 1308 1994 1327; x_wconf 91' lang='lat' dir='ltr'>con-</span> 
     </span>
     <span class='ocr_line' id='line_1_33' title="bbox 411 1333 1993 1373; baseline 0.003 -13"><span class='ocrx_word' id='word_1_468' title='bbox 411 1333 602 1362; x_wconf 80' lang='lat' dir='ltr'>stituendarum</span> <span class='ocrx_word' id='word_1_469' title='bbox 623 1336 822 1371; x_wconf 87' lang='lat' dir='ltr'>provinciarum</span> <span class='ocrx_word' id='word_1_470' title='bbox 843 1337 946 1364; x_wconf 87' lang='lat' dir='ltr'>ratione</span> <span class='ocrx_word' id='word_1_471' title='bbox 965 1333 1086 1365; x_wconf 76' lang='lat' dir='ltr'>dicemus</span> <span class='ocrx_word' id='word_1_472' title='bbox 1105 1337 1158 1365; x_wconf 31' lang='lat' dir='ltr'>suo]</span> <span class='ocrx_word' id='word_1_473' title='bbox 1169 1337 1240 1365; x_wconf 93' lang='lat' dir='ltr'>loco.</span> <span class='ocrx_word' id='word_1_474' title='bbox 1281 1337 1323 1364; x_wconf 93' lang='lat' dir='ltr'>De</span> <span class='ocrx_word' id='word_1_475' title='bbox 1342 1340 1408 1373; x_wconf 75' lang='lat' dir='ltr'>Rege</span> <span class='ocrx_word' id='word_1_476' title='bbox 1419 1336 1548 1370; x_wconf 73' lang='lat' dir='ltr'>lecrorum</span> <span class='ocrx_word' id='word_1_477' title='bbox 1560 1335 1646 1363; x_wconf 84' lang='lat' dir='ltr'>fateor</span> <span class='ocrx_word' id='word_1_478' title='bbox 1660 1356 1667 1367; x_wconf 97' lang='lat'>‚</span> <span class='ocrx_word' id='word_1_479' title='bbox 1694 1334 1798 1363; x_wconf 88' lang='lat' dir='ltr'>nullum</span> <span class='ocrx_word' id='word_1_480' title='bbox 1812 1335 1887 1364; x_wconf 84' lang='lat' dir='ltr'>ullius</span> <span class='ocrx_word' id='word_1_481' title='bbox 1900 1335 1993 1365; x_wconf 87' lang='lat' dir='ltr'>autho-</span> 
     </span>
     <span class='ocr_line' id='line_1_34' title="bbox 410 1372 1992 1412; baseline 0.001 -12"><span class='ocrx_word' id='word_1_482' title='bbox 410 1373 445 1399; x_wconf 84' lang='lat' dir='ltr'>ris</span> <span class='ocrx_word' id='word_1_483' title='bbox 461 1374 555 1401; x_wconf 88' lang='lat' dir='ltr'>veteris</span> <span class='ocrx_word' id='word_1_484' title='bbox 569 1373 753 1401; x_wconf 84' lang='lat' dir='ltr'>testimonium</span> <span class='ocrx_word' id='word_1_485' title='bbox 768 1373 937 1411; x_wconf 86' lang='lat' dir='ltr'>perspicuum</span> <span class='ocrx_word' id='word_1_486' title='bbox 953 1375 1069 1411; x_wconf 85' lang='lat' dir='ltr'>proferri</span> <span class='ocrx_word' id='word_1_487' title='bbox 1085 1376 1168 1411; x_wconf 73' lang='lat' dir='ltr'>posse:</span> <span class='ocrx_word' id='word_1_488' title='bbox 1190 1374 1309 1403; x_wconf 78' lang='lat' dir='ltr'>Nicolaus</span> <span class='ocrx_word' id='word_1_489' title='bbox 1322 1372 1457 1401; x_wconf 80' lang='lat' dir='ltr'>Grucchius</span> <span class='ocrx_word' id='word_1_490' title='bbox 1469 1380 1562 1402; x_wconf 86' lang='lat' dir='ltr'>tamen</span> <span class='ocrx_word' id='word_1_491' title='bbox 1573 1374 1600 1402; x_wconf 90' lang='lat' dir='ltr'>id</span> <span class='ocrx_word' id='word_1_492' title='bbox 1613 1373 1727 1410; x_wconf 85' lang='lat' dir='ltr'>probare</span> <span class='ocrx_word' id='word_1_493' title='bbox 1741 1374 1849 1406; x_wconf 87' lang='lat' dir='ltr'>nititur,</span> <span class='ocrx_word' id='word_1_494' title='bbox 1871 1375 1946 1412; x_wconf 86' lang='lat' dir='ltr'>cujus</span> <span class='ocrx_word' id='word_1_495' title='bbox 1953 1384 1992 1402; x_wconf 88' lang='lat' dir='ltr'>ra-</span> 
     </span>
     <span class='ocr_line' id='line_1_35' title="bbox 409 1410 905 1448; baseline 0.006 -12"><span class='ocrx_word' id='word_1_496' title='bbox 409 1410 496 1438; x_wconf 83' lang='lat' dir='ltr'>tiones</span> <span class='ocrx_word' id='word_1_497' title='bbox 509 1411 594 1439; x_wconf 89' lang='lat' dir='ltr'>videri</span> <span class='ocrx_word' id='word_1_498' title='bbox 609 1414 635 1440; x_wconf 90' lang='lat'>&amp;</span> <span class='ocrx_word' id='word_1_499' title='bbox 649 1413 779 1447; x_wconf 79' lang='lat' dir='ltr'>perpendi</span> <span class='ocrx_word' id='word_1_500' title='bbox 790 1412 905 1448; x_wconf 79' lang='lat' dir='ltr'>possiint.</span> 
     </span>
    </p>

    <p class='ocr_par' dir='ltr' id='par_1_8' title="bbox 408 1448 1995 2427">
     <span class='ocr_line' id='line_1_36' title="bbox 450 1448 1995 1487; baseline 0.002 -11"><span class='ocrx_word' id='word_1_501' title='bbox 450 1450 516 1476; x_wconf 91' lang='lat' dir='ltr'>Non</span> <span class='ocrx_word' id='word_1_502' title='bbox 539 1448 600 1477; x_wconf 91' lang='lat' dir='ltr'>sunt</span> <span class='ocrx_word' id='word_1_503' title='bbox 625 1448 728 1476; x_wconf 81' lang='lat' dir='ltr'>silentio</span> <span class='ocrx_word' id='word_1_504' title='bbox 753 1450 928 1486; x_wconf 63' lang='lat' dir='ltr'>praetereundi</span> <span class='ocrx_word' id='word_1_505' title='bbox 952 1449 1051 1477; x_wconf 75' lang='lat' dir='ltr'>tribuni</span> <span class='ocrx_word' id='word_1_506' title='bbox 1074 1449 1199 1477; x_wconf 73' lang='lat' dir='ltr'>militares</span> <span class='ocrx_word' id='word_1_507' title='bbox 1224 1448 1361 1477; x_wconf 87' lang='lat' dir='ltr'>Consulari</span> <span class='ocrx_word' id='word_1_508' title='bbox 1385 1450 1532 1487; x_wconf 84' lang='lat' dir='ltr'>potestate,</span> <span class='ocrx_word' id='word_1_509' title='bbox 1561 1452 1588 1478; x_wconf 72' lang='grc' dir='ltr'>δε</span> <span class='ocrx_word' id='word_1_510' title='bbox 1608 1448 1743 1476; x_wconf 76' lang='lat' dir='ltr'>decemviri</span> <span class='ocrx_word' id='word_1_511' title='bbox 1760 1449 1862 1487; x_wconf 82' lang='lat' dir='ltr'>legibus</span> <span class='ocrx_word' id='word_1_512' title='bbox 1880 1450 1995 1479; x_wconf 83' lang='lat' dir='ltr'>scriben-</span> 
     </span>
     <span class='ocr_line' id='line_1_37' title="bbox 411 1485 1994 1524; baseline 0.001 -11"><span class='ocrx_word' id='word_1_513' title='bbox 411 1487 460 1513; x_wconf 78' lang='lat' dir='ltr'>dis.</span> <span class='ocrx_word' id='word_1_514' title='bbox 500 1488 573 1514; x_wconf 83' lang='lat' dir='ltr'>Nam</span> <span class='ocrx_word' id='word_1_515' title='bbox 595 1489 620 1514; x_wconf 82' lang='lat'>&amp;</span> <span class='ocrx_word' id='word_1_516' title='bbox 642 1487 669 1514; x_wconf 89' lang='lat' dir='ltr'>hi</span> <span class='ocrx_word' id='word_1_517' title='bbox 689 1488 808 1514; x_wconf 83' lang='lat' dir='ltr'>comitiis</span> <span class='ocrx_word' id='word_1_518' title='bbox 827 1488 979 1515; x_wconf 86' lang='lat' dir='ltr'>centuriatis</span> <span class='ocrx_word' id='word_1_519' title='bbox 997 1489 1079 1516; x_wconf 92' lang='lat' dir='ltr'>creati</span> <span class='ocrx_word' id='word_1_520' title='bbox 1099 1488 1214 1515; x_wconf 85' lang='lat' dir='ltr'>fuerunt-</span> <span class='ocrx_word' id='word_1_521' title='bbox 1256 1488 1326 1514; x_wconf 86' lang='lat' dir='ltr'>Cum</span> <span class='ocrx_word' id='word_1_522' title='bbox 1343 1489 1416 1515; x_wconf 87' lang='lat' dir='ltr'>enim</span> <span class='ocrx_word' id='word_1_523' title='bbox 1432 1488 1481 1515; x_wconf 74' lang='lat' dir='ltr'>sint</span> <span class='ocrx_word' id='word_1_524' title='bbox 1494 1489 1599 1521; x_wconf 81' lang='lat' dir='ltr'>majores</span> <span class='ocrx_word' id='word_1_525' title='bbox 1613 1485 1789 1524; x_wconf 78' lang='lat' dir='ltr'>magistratus,</span> <span class='ocrx_word' id='word_1_526' title='bbox 1810 1490 1836 1515; x_wconf 66' lang='grc' dir='ltr'>ὃς</span> <span class='ocrx_word' id='word_1_527' title='bbox 1851 1496 1994 1524; x_wconf 71' lang='lat' dir='ltr'>propierea</span> 
     </span>
     <span class='ocr_line' id='line_1_38' title="bbox 413 1523 1994 1561; baseline 0.003 -12"><span class='ocrx_word' id='word_1_528' title='bbox 413 1524 516 1559; x_wconf 72' lang='lat' dir='ltr'>majora</span> <span class='ocrx_word' id='word_1_529' title='bbox 535 1523 647 1560; x_wconf 86' lang='lat' dir='ltr'>auspicia</span> <span class='ocrx_word' id='word_1_530' title='bbox 667 1524 825 1552; x_wconf 83' lang='lat' dir='ltr'>habuerint:</span> <span class='ocrx_word' id='word_1_531' title='bbox 852 1526 910 1561; x_wconf 88' lang='lat' dir='ltr'>quis</span> <span class='ocrx_word' id='word_1_532' title='bbox 930 1525 1060 1553; x_wconf 81' lang='lat' dir='ltr'>dubitabit</span> <span class='ocrx_word' id='word_1_533' title='bbox 1074 1546 1081 1557; x_wconf 92' lang='lat'><strong><em>‚</em></strong></span> <span class='ocrx_word' id='word_1_534' title='bbox 1108 1535 1153 1553; x_wconf 90' lang='lat' dir='ltr'>eos</span> <span class='ocrx_word' id='word_1_535' title='bbox 1171 1526 1253 1552; x_wconf 85' lang='lat' dir='ltr'>ctiam</span> <span class='ocrx_word' id='word_1_536' title='bbox 1276 1525 1423 1561; x_wconf 78' lang='lat' dir='ltr'>majoribus</span> <span class='ocrx_word' id='word_1_537' title='bbox 1436 1545 1443 1556; x_wconf 91' lang='lat'>‚</span> <span class='ocrx_word' id='word_1_538' title='bbox 1471 1526 1497 1553; x_wconf 92' lang='lat' dir='ltr'>id</span> <span class='ocrx_word' id='word_1_539' title='bbox 1518 1525 1553 1552; x_wconf 88' lang='lat' dir='ltr'>est</span> <span class='ocrx_word' id='word_1_540' title='bbox 1567 1545 1574 1556; x_wconf 88' lang='lat'><strong>,</strong></span> <span class='ocrx_word' id='word_1_541' title='bbox 1600 1523 1747 1551; x_wconf 76' lang='lat' dir='ltr'>centuriam</span> <span class='ocrx_word' id='word_1_542' title='bbox 1764 1525 1871 1552; x_wconf 73' lang='lat' dir='ltr'>commis</span> <span class='ocrx_word' id='word_1_543' title='bbox 1891 1535 1994 1555; x_wconf 85' lang='lat' dir='ltr'>creatos</span> 
     </span>
     <span class='ocr_line' id='line_1_39' title="bbox 411 1561 1994 1600; baseline 0.004 -13"><span class='ocrx_word' id='word_1_544' title='bbox 411 1561 505 1588; x_wconf 76' lang='lat' dir='ltr'>fuiss&#39;e?</span> <span class='ocrx_word' id='word_1_545' title='bbox 534 1562 615 1599; x_wconf 85' lang='lat' dir='ltr'>Qod</span> <span class='ocrx_word' id='word_1_546' title='bbox 635 1571 724 1590; x_wconf 87' lang='lat' dir='ltr'>autem</span> <span class='ocrx_word' id='word_1_547' title='bbox 744 1562 813 1598; x_wconf 84' lang='lat' dir='ltr'>apud</span> <span class='ocrx_word' id='word_1_548' title='bbox 833 1562 959 1599; x_wconf 81' lang='lat' dir='ltr'>Agellium</span> <span class='ocrx_word' id='word_1_549' title='bbox 978 1564 1047 1590; x_wconf 91' lang='lat' dir='ltr'>nulla</span> <span class='ocrx_word' id='word_1_550' title='bbox 1067 1573 1161 1590; x_wconf 83' lang='lat' dir='ltr'>eorum</span> <span class='ocrx_word' id='word_1_551' title='bbox 1183 1564 1253 1590; x_wconf 87' lang='lat' dir='ltr'>inter</span> <span class='ocrx_word' id='word_1_552' title='bbox 1271 1572 1378 1591; x_wconf 82' lang='lat' dir='ltr'>caeteros</span> <span class='ocrx_word' id='word_1_553' title='bbox 1399 1563 1515 1599; x_wconf 87' lang='lat' dir='ltr'>majores</span> <span class='ocrx_word' id='word_1_554' title='bbox 1536 1563 1703 1600; x_wconf 86' lang='lat' dir='ltr'>magistratus</span> <span class='ocrx_word' id='word_1_555' title='bbox 1723 1564 1828 1589; x_wconf 89' lang='lat' dir='ltr'>mentio</span> <span class='ocrx_word' id='word_1_556' title='bbox 1848 1563 1913 1596; x_wconf 87' lang='lat' dir='ltr'>fiat,</span> <span class='ocrx_word' id='word_1_557' title='bbox 1934 1574 1994 1592; x_wconf 87' lang='lat' dir='ltr'>cau-</span> 
     </span>
     <span class='ocr_line' id='line_1_40' title="bbox 408 1599 1995 1637; baseline 0.002 -13"><span class='ocrx_word' id='word_1_558' title='bbox 408 1599 434 1625; x_wconf 78' lang='lat' dir='ltr'>sa</span> <span class='ocrx_word' id='word_1_559' title='bbox 454 1600 506 1628; x_wconf 76' lang='lat' dir='ltr'>est,</span> <span class='ocrx_word' id='word_1_560' title='bbox 526 1600 598 1636; x_wconf 90' lang='lat' dir='ltr'>quod</span> <span class='ocrx_word' id='word_1_561' title='bbox 617 1608 711 1627; x_wconf 88' lang='lat' dir='ltr'>eorum</span> <span class='ocrx_word' id='word_1_562' title='bbox 733 1600 899 1636; x_wconf 84' lang='lat' dir='ltr'>magistratus</span> <span class='ocrx_word' id='word_1_563' title='bbox 919 1610 973 1628; x_wconf 91' lang='lat' dir='ltr'>non</span> <span class='ocrx_word' id='word_1_564' title='bbox 995 1601 1074 1629; x_wconf 89' lang='lat' dir='ltr'>fuerit</span> <span class='ocrx_word' id='word_1_565' title='bbox 1091 1602 1229 1630; x_wconf 84' lang='lat' dir='ltr'>diuturnus</span> <span class='ocrx_word' id='word_1_566' title='bbox 1243 1623 1251 1634; x_wconf 87' lang='lat'><em>‚</em></span> <span class='ocrx_word' id='word_1_567' title='bbox 1271 1601 1314 1629; x_wconf 79' lang='lat' dir='ltr'>sed</span> <span class='ocrx_word' id='word_1_568' title='bbox 1334 1601 1408 1628; x_wconf 88' lang='lat' dir='ltr'>brevi</span> <span class='ocrx_word' id='word_1_569' title='bbox 1428 1608 1553 1637; x_wconf 89' lang='lat' dir='ltr'>tempore</span> <span class='ocrx_word' id='word_1_570' title='bbox 1572 1610 1586 1627; x_wconf 90' lang='lat' dir='ltr'>e</span> <span class='ocrx_word' id='word_1_571' title='bbox 1606 1599 1739 1637; x_wconf 83' lang='lat' dir='ltr'>republica</span> <span class='ocrx_word' id='word_1_572' title='bbox 1758 1599 1880 1628; x_wconf 86' lang='lat' dir='ltr'>sublatus.</span> <span class='ocrx_word' id='word_1_573' title='bbox 1921 1603 1995 1631; x_wconf 89' lang='lat' dir='ltr'>Con-</span> 
     </span>
     <span class='ocr_line' id='line_1_41' title="bbox 412 1635 1994 1677; baseline -0.001 -10"><span class='ocrx_word' id='word_1_574' title='bbox 412 1637 459 1664; x_wconf 80' lang='lat' dir='ltr'>stat</span> <span class='ocrx_word' id='word_1_575' title='bbox 478 1645 549 1665; x_wconf 90' lang='lat' dir='ltr'>certe</span> <span class='ocrx_word' id='word_1_576' title='bbox 568 1647 600 1665; x_wconf 82' lang='lat' dir='ltr'>ex</span> <span class='ocrx_word' id='word_1_577' title='bbox 620 1641 707 1667; x_wconf 74' lang='lat' dir='ltr'>me.</span> <span class='ocrx_word' id='word_1_578' title='bbox 730 1635 859 1675; x_wconf 68' lang='lat' dir='ltr'>Dungysto,</span> <span class='ocrx_word' id='word_1_579' title='bbox 880 1641 906 1667; x_wconf 61' lang='grc' dir='ltr'>ὃς</span> <span class='ocrx_word' id='word_1_580' title='bbox 926 1639 994 1671; x_wconf 85' lang='lat' dir='ltr'>aliis,</span> <span class='ocrx_word' id='word_1_581' title='bbox 1015 1638 1089 1667; x_wconf 75' lang='lat' dir='ltr'>cosa</span> <span class='ocrx_word' id='word_1_582' title='bbox 1108 1640 1207 1677; x_wconf 89' lang='lat' dir='ltr'>populo</span> <span class='ocrx_word' id='word_1_583' title='bbox 1227 1649 1275 1676; x_wconf 87' lang='lat' dir='ltr'>per</span> <span class='ocrx_word' id='word_1_584' title='bbox 1295 1640 1425 1667; x_wconf 86' lang='lat' dir='ltr'>centurias</span> <span class='ocrx_word' id='word_1_585' title='bbox 1444 1638 1529 1667; x_wconf 90' lang='lat' dir='ltr'>diviso</span> <span class='ocrx_word' id='word_1_586' title='bbox 1547 1638 1630 1666; x_wconf 69' lang='lat' dir='ltr'>lectos</span> <span class='ocrx_word' id='word_1_587' title='bbox 1643 1637 1727 1666; x_wconf 85' lang='lat' dir='ltr'>fuiffe.</span> <span class='ocrx_word' id='word_1_588' title='bbox 1767 1638 1800 1665; x_wconf 91' lang='lat' dir='ltr'>Et</span> <span class='ocrx_word' id='word_1_589' title='bbox 1815 1637 1870 1666; x_wconf 80' lang='lat' dir='ltr'>haec</span> <span class='ocrx_word' id='word_1_590' title='bbox 1882 1640 1994 1676; x_wconf 86' lang='lat' dir='ltr'>quidem</span> 
     </span>
     <span class='ocr_line' id='line_1_42' title="bbox 412 1674 1994 1715; baseline 0.003 -13"><span class='ocrx_word' id='word_1_591' title='bbox 412 1675 447 1702; x_wconf 87' lang='lat' dir='ltr'>de</span> <span class='ocrx_word' id='word_1_592' title='bbox 467 1676 555 1711; x_wconf 87' lang='lat' dir='ltr'>prima</span> <span class='ocrx_word' id='word_1_593' title='bbox 569 1674 642 1703; x_wconf 86' lang='lat' dir='ltr'>causa</span> <span class='ocrx_word' id='word_1_594' title='bbox 655 1676 726 1703; x_wconf 66' lang='lat' dir='ltr'>dieta</span> <span class='ocrx_word' id='word_1_595' title='bbox 739 1676 878 1704; x_wconf 74' lang='lat' dir='ltr'>sufficiant.</span> <span class='ocrx_word' id='word_1_596' title='bbox 918 1678 1083 1705; x_wconf 87' lang='lat' dir='ltr'>Accedamus</span> <span class='ocrx_word' id='word_1_597' title='bbox 1097 1679 1129 1706; x_wconf 90' lang='lat' dir='ltr'>ad</span> <span class='ocrx_word' id='word_1_598' title='bbox 1143 1678 1253 1705; x_wconf 87' lang='lat' dir='ltr'>alteram</span> <span class='ocrx_word' id='word_1_599' title='bbox 1265 1698 1272 1709; x_wconf 84' lang='lat'>‚</span> <span class='ocrx_word' id='word_1_600' title='bbox 1292 1687 1373 1715; x_wconf 89' lang='lat' dir='ltr'>quam</span> <span class='ocrx_word' id='word_1_601' title='bbox 1387 1677 1504 1705; x_wconf 82' lang='lat' dir='ltr'>diximus</span> <span class='ocrx_word' id='word_1_602' title='bbox 1517 1676 1590 1704; x_wconf 78' lang='lat' dir='ltr'>fuisse</span> <span class='ocrx_word' id='word_1_603' title='bbox 1603 1676 1694 1713; x_wconf 85' lang='lat' dir='ltr'>legum</span> <span class='ocrx_word' id='word_1_604' title='bbox 1710 1675 1888 1706; x_wconf 82' lang='lat' dir='ltr'>ferendarum.</span> <span class='ocrx_word' id='word_1_605' title='bbox 1927 1681 1994 1708; x_wconf 84' lang='lat' dir='ltr'>Haec</span> 
     </span>
     <span class='ocr_line' id='line_1_43' title="bbox 413 1713 1992 1753; baseline 0.002 -12"><span class='ocrx_word' id='word_1_606' title='bbox 413 1723 477 1741; x_wconf 75' lang='lat' dir='ltr'>vero</span> <span class='ocrx_word' id='word_1_607' title='bbox 496 1723 551 1741; x_wconf 91' lang='lat' dir='ltr'>non</span> <span class='ocrx_word' id='word_1_608' title='bbox 571 1715 607 1742; x_wconf 87' lang='lat' dir='ltr'>ita</span> <span class='ocrx_word' id='word_1_609' title='bbox 627 1713 685 1742; x_wconf 90' lang='lat' dir='ltr'>sunt</span> <span class='ocrx_word' id='word_1_610' title='bbox 705 1713 890 1751; x_wconf 86' lang='lat' dir='ltr'>intelligenda,</span> <span class='ocrx_word' id='word_1_611' title='bbox 910 1715 979 1752; x_wconf 77' lang='lat' dir='ltr'>quali</span> <span class='ocrx_word' id='word_1_612' title='bbox 999 1725 1094 1744; x_wconf 90' lang='lat' dir='ltr'>omnes</span> <span class='ocrx_word' id='word_1_613' title='bbox 1113 1716 1183 1753; x_wconf 83' lang='lat' dir='ltr'>leges</span> <span class='ocrx_word' id='word_1_614' title='bbox 1201 1717 1239 1743; x_wconf 88' lang='lat' dir='ltr'>h1s</span> <span class='ocrx_word' id='word_1_615' title='bbox 1256 1715 1362 1743; x_wconf 77' lang='lat' dir='ltr'>comitiis</span> <span class='ocrx_word' id='word_1_616' title='bbox 1380 1715 1443 1744; x_wconf 80' lang='lat' dir='ltr'>latas</span> <span class='ocrx_word' id='word_1_617' title='bbox 1463 1715 1514 1743; x_wconf 80' lang='lat' dir='ltr'>effe</span> <span class='ocrx_word' id='word_1_618' title='bbox 1533 1715 1660 1743; x_wconf 83' lang='lat' dir='ltr'>dicamus.</span> <span class='ocrx_word' id='word_1_619' title='bbox 1699 1716 1765 1742; x_wconf 90' lang='lat' dir='ltr'>Sunt</span> <span class='ocrx_word' id='word_1_620' title='bbox 1786 1715 1859 1742; x_wconf 92' lang='lat' dir='ltr'>enim</span> <span class='ocrx_word' id='word_1_621' title='bbox 1878 1714 1934 1743; x_wconf 83' lang='lat' dir='ltr'>aliae</span> <span class='ocrx_word' id='word_1_622' title='bbox 1948 1727 1992 1744; x_wconf 81' lang='lat' dir='ltr'>cu-</span> 
     </span>
     <span class='ocr_line' id='line_1_44' title="bbox 411 1751 1993 1792; baseline 0.003 -14"><span class='ocrx_word' id='word_1_623' title='bbox 411 1752 487 1779; x_wconf 79' lang='lat' dir='ltr'>rum&#39;s</span> <span class='ocrx_word' id='word_1_624' title='bbox 499 1772 506 1784; x_wconf 86' lang='lat'>,</span> <span class='ocrx_word' id='word_1_625' title='bbox 533 1752 587 1780; x_wconf 83' lang='lat' dir='ltr'>aliae</span> <span class='ocrx_word' id='word_1_626' title='bbox 611 1752 758 1780; x_wconf 73' lang='lat' dir='ltr'>cemus-meis</span> <span class='ocrx_word' id='word_1_627' title='bbox 772 1773 780 1786; x_wconf 89' lang='lat'><em>,</em></span> <span class='ocrx_word' id='word_1_628' title='bbox 806 1753 860 1780; x_wconf 84' lang='lat' dir='ltr'>aliae</span> <span class='ocrx_word' id='word_1_629' title='bbox 884 1752 985 1781; x_wconf 58' lang='lat' dir='ltr'>nubatis</span> <span class='ocrx_word' id='word_1_630' title='bbox 1008 1754 1114 1790; x_wconf 82' lang='lat' dir='ltr'>perlatae</span> <span class='ocrx_word' id='word_1_631' title='bbox 1126 1775 1134 1785; x_wconf 92' lang='lat'>‚</span> <span class='ocrx_word' id='word_1_632' title='bbox 1160 1755 1194 1782; x_wconf 90' lang='lat' dir='ltr'>de</span> <span class='ocrx_word' id='word_1_633' title='bbox 1218 1754 1313 1791; x_wconf 73' lang='lat' dir='ltr'>quibus</span> <span class='ocrx_word' id='word_1_634' title='bbox 1332 1754 1437 1792; x_wconf 82' lang='lat' dir='ltr'>fingulis</span> <span class='ocrx_word' id='word_1_635' title='bbox 1454 1753 1504 1781; x_wconf 85' lang='lat' dir='ltr'>suis</span> <span class='ocrx_word' id='word_1_636' title='bbox 1522 1753 1596 1781; x_wconf 87' lang='lat' dir='ltr'>locis.</span> <span class='ocrx_word' id='word_1_637' title='bbox 1635 1755 1697 1781; x_wconf 92' lang='lat' dir='ltr'>Hoc</span> <span class='ocrx_word' id='word_1_638' title='bbox 1715 1753 1749 1780; x_wconf 87' lang='lat' dir='ltr'>de</span> <span class='ocrx_word' id='word_1_639' title='bbox 1767 1751 1917 1781; x_wconf 73' lang='lat' dir='ltr'>centuriatis</span> <span class='ocrx_word' id='word_1_640' title='bbox 1935 1761 1993 1783; x_wconf 87' lang='lat' dir='ltr'>tan-</span> 
     </span>
     <span class='ocr_line' id='line_1_45' title="bbox 412 1789 1992 1829; baseline 0.001 -11"><span class='ocrx_word' id='word_1_641' title='bbox 412 1797 474 1818; x_wconf 80' lang='lat' dir='ltr'>tum</span> <span class='ocrx_word' id='word_1_642' title='bbox 498 1791 652 1818; x_wconf 83' lang='lat' dir='ltr'>dicendum.</span> <span class='ocrx_word' id='word_1_643' title='bbox 691 1792 758 1828; x_wconf 82' lang='lat' dir='ltr'>Qae</span> <span class='ocrx_word' id='word_1_644' title='bbox 782 1791 853 1818; x_wconf 87' lang='lat' dir='ltr'>enim</span> <span class='ocrx_word' id='word_1_645' title='bbox 881 1791 944 1829; x_wconf 78' lang='lat' dir='ltr'>leges</span> <span class='ocrx_word' id='word_1_646' title='bbox 968 1792 1116 1820; x_wconf 75' lang='lat' dir='ltr'>centuriatis</span> <span class='ocrx_word' id='word_1_647' title='bbox 1140 1792 1247 1820; x_wconf 73' lang='lat' dir='ltr'>comitiis</span> <span class='ocrx_word' id='word_1_648' title='bbox 1272 1792 1425 1820; x_wconf 88' lang='lat' dir='ltr'>ferebantur</span> <span class='ocrx_word' id='word_1_649' title='bbox 1438 1812 1446 1824; x_wconf 93' lang='lat'>,</span> <span class='ocrx_word' id='word_1_650' title='bbox 1471 1790 1613 1818; x_wconf 68' lang='lat' dir='ltr'>centuriata</span> <span class='ocrx_word' id='word_1_651' title='bbox 1627 1802 1635 1816; x_wconf 90' lang='grc'>.·</span> <span class='ocrx_word' id='word_1_652' title='bbox 1660 1791 1725 1818; x_wconf 85' lang='lat' dir='ltr'>ficut</span> <span class='ocrx_word' id='word_1_653' title='bbox 1742 1789 1810 1823; x_wconf 88' lang='lat' dir='ltr'>illae,</span> <span class='ocrx_word' id='word_1_654' title='bbox 1835 1800 1893 1828; x_wconf 82' lang='lat' dir='ltr'>quae</span> <span class='ocrx_word' id='word_1_655' title='bbox 1911 1793 1992 1820; x_wconf 77' lang='lat' dir='ltr'>curia-</span> 
     </span>
     <span class='ocr_line' id='line_1_46' title="bbox 409 1828 1992 1868; baseline 0.003 -13"><span class='ocrx_word' id='word_1_656' title='bbox 409 1836 459 1861; x_wconf 77' lang='lat' dir='ltr'>m,</span> <span class='ocrx_word' id='word_1_657' title='bbox 484 1837 583 1857; x_wconf 72' lang='lat' dir='ltr'>curtatae</span> <span class='ocrx_word' id='word_1_658' title='bbox 608 1828 772 1857; x_wconf 82' lang='lat' dir='ltr'>dicebantur.</span> <span class='ocrx_word' id='word_1_659' title='bbox 812 1831 928 1859; x_wconf 89' lang='lat' dir='ltr'>Fuerunt</span> <span class='ocrx_word' id='word_1_660' title='bbox 947 1838 1037 1858; x_wconf 85' lang='lat' dir='ltr'>autem</span> <span class='ocrx_word' id='word_1_661' title='bbox 1057 1830 1106 1858; x_wconf 84' lang='lat' dir='ltr'>illae</span> <span class='ocrx_word' id='word_1_662' title='bbox 1124 1830 1180 1858; x_wconf 92' lang='lat' dir='ltr'>fere</span> <span class='ocrx_word' id='word_1_663' title='bbox 1199 1830 1270 1868; x_wconf 83' lang='lat' dir='ltr'>leges</span> <span class='ocrx_word' id='word_1_664' title='bbox 1290 1840 1346 1867; x_wconf 81' lang='lat' dir='ltr'>quae</span> <span class='ocrx_word' id='word_1_665' title='bbox 1365 1830 1379 1858; x_wconf 69' lang='lat' dir='ltr'>a</span> <span class='ocrx_word' id='word_1_666' title='bbox 1399 1829 1593 1867; x_wconf 86' lang='lat' dir='ltr'>magistratibus</span> <span class='ocrx_word' id='word_1_667' title='bbox 1610 1828 1757 1865; x_wconf 84' lang='lat' dir='ltr'>majoribus</span> <span class='ocrx_word' id='word_1_668' title='bbox 1773 1828 1936 1858; x_wconf 84' lang='lat' dir='ltr'>authoritate</span> <span class='ocrx_word' id='word_1_669' title='bbox 1953 1831 1992 1858; x_wconf 86' lang='lat' dir='ltr'>se-</span> 
     </span>
     <span class='ocr_line' id='line_1_47' title="bbox 412 1866 1990 1906; baseline -0.001 -12"><span class='ocrx_word' id='word_1_670' title='bbox 412 1875 487 1895; x_wconf 85' lang='lat' dir='ltr'>natus</span> <span class='ocrx_word' id='word_1_671' title='bbox 502 1889 511 1899; x_wconf 88' lang='lat'><em>,</em></span> <span class='ocrx_word' id='word_1_672' title='bbox 535 1877 566 1895; x_wconf 89' lang='lat' dir='ltr'>ac</span> <span class='ocrx_word' id='word_1_673' title='bbox 584 1868 617 1895; x_wconf 90' lang='lat' dir='ltr'>de</span> <span class='ocrx_word' id='word_1_674' title='bbox 636 1877 665 1895; x_wconf 93' lang='lat' dir='ltr'>re</span> <span class='ocrx_word' id='word_1_675' title='bbox 683 1868 805 1905; x_wconf 86' lang='lat' dir='ltr'>quapiam</span> <span class='ocrx_word' id='word_1_676' title='bbox 828 1869 938 1904; x_wconf 82' lang='lat' dir='ltr'>majoris</span> <span class='ocrx_word' id='word_1_677' title='bbox 958 1870 1092 1896; x_wconf 86' lang='lat' dir='ltr'>momenti</span> <span class='ocrx_word' id='word_1_678' title='bbox 1111 1869 1274 1906; x_wconf 85' lang='lat' dir='ltr'>rogabantur</span> <span class='ocrx_word' id='word_1_679' title='bbox 1286 1889 1293 1900; x_wconf 86' lang='lat'>‚</span> <span class='ocrx_word' id='word_1_680' title='bbox 1312 1867 1457 1896; x_wconf 68' lang='lat' dir='ltr'>centuriatis</span> <span class='ocrx_word' id='word_1_681' title='bbox 1476 1866 1582 1895; x_wconf 81' lang='lat' dir='ltr'>comitiis</span> <span class='ocrx_word' id='word_1_682' title='bbox 1599 1866 1665 1895; x_wconf 86' lang='lat' dir='ltr'>latae.</span> <span class='ocrx_word' id='word_1_683' title='bbox 1707 1868 1779 1904; x_wconf 85' lang='lat' dir='ltr'>Qas</span> <span class='ocrx_word' id='word_1_684' title='bbox 1798 1868 1909 1904; x_wconf 91' lang='lat' dir='ltr'>quidem</span> <span class='ocrx_word' id='word_1_685' title='bbox 1928 1877 1990 1906; x_wconf 89' lang='lat' dir='ltr'>pro.</span> 
     </span>
     <span class='ocr_line' id='line_1_48' title="bbox 413 1905 1989 1944; baseline 0.001 -12"><span class='ocrx_word' id='word_1_686' title='bbox 413 1914 469 1940; x_wconf 75' lang='lat' dir='ltr'>prie</span> <span class='ocrx_word' id='word_1_687' title='bbox 489 1905 560 1943; x_wconf 81' lang='lat' dir='ltr'>leges</span> <span class='ocrx_word' id='word_1_688' title='bbox 581 1906 632 1934; x_wconf 85' lang='lat' dir='ltr'>dici</span> <span class='ocrx_word' id='word_1_689' title='bbox 644 1927 652 1938; x_wconf 98' lang='lat'>,</span> <span class='ocrx_word' id='word_1_690' title='bbox 673 1906 744 1933; x_wconf 85' lang='lat' dir='ltr'>testis</span> <span class='ocrx_word' id='word_1_691' title='bbox 763 1906 799 1933; x_wconf 87' lang='lat' dir='ltr'>est</span> <span class='ocrx_word' id='word_1_692' title='bbox 819 1905 983 1943; x_wconf 74' lang='lat' dir='ltr'>Justminnus</span> <span class='ocrx_word' id='word_1_693' title='bbox 1002 1908 1029 1934; x_wconf 91' lang='lat' dir='ltr'>in</span> <span class='ocrx_word' id='word_1_694' title='bbox 1047 1907 1256 1935; x_wconf 88' lang='lat' dir='ltr'>Institutionibus</span> <span class='ocrx_word' id='word_1_695' title='bbox 1271 1929 1278 1939; x_wconf 92' lang='lat'>,</span> <span class='ocrx_word' id='word_1_696' title='bbox 1298 1907 1343 1934; x_wconf 92' lang='lat' dir='ltr'>ubi</span> <span class='ocrx_word' id='word_1_697' title='bbox 1360 1907 1403 1943; x_wconf 85' lang='lat' dir='ltr'>jus</span> <span class='ocrx_word' id='word_1_698' title='bbox 1422 1906 1498 1934; x_wconf 90' lang='lat' dir='ltr'>civile</span> <span class='ocrx_word' id='word_1_699' title='bbox 1514 1907 1542 1933; x_wconf 89' lang='lat' dir='ltr'>in</span> <span class='ocrx_word' id='word_1_700' title='bbox 1561 1905 1604 1933; x_wconf 84' lang='lat' dir='ltr'>sex</span> <span class='ocrx_word' id='word_1_701' title='bbox 1622 1905 1719 1941; x_wconf 84' lang='lat' dir='ltr'>species</span> <span class='ocrx_word' id='word_1_702' title='bbox 1738 1905 1878 1938; x_wconf 90' lang='lat' dir='ltr'>dividens,</span> <span class='ocrx_word' id='word_1_703' title='bbox 1899 1906 1989 1944; x_wconf 88' lang='lat' dir='ltr'>legem</span> 
     </span>
     <span class='ocr_line' id='line_1_49' title="bbox 411 1942 1992 1983; baseline 0.001 -13"><span class='ocrx_word' id='word_1_704' title='bbox 411 1944 504 1973; x_wconf 84' lang='lat' dir='ltr'>definit</span> <span class='ocrx_word' id='word_1_705' title='bbox 525 1944 575 1972; x_wconf 85' lang='lat' dir='ltr'>ess&#39;e</span> <span class='ocrx_word' id='word_1_706' title='bbox 596 1945 622 1971; x_wconf 91' lang='lat' dir='ltr'>id</span> <span class='ocrx_word' id='word_1_707' title='bbox 638 1965 644 1976; x_wconf 95' lang='lat'>,</span> <span class='ocrx_word' id='word_1_708' title='bbox 670 1944 741 1981; x_wconf 89' lang='lat' dir='ltr'>quod</span> <span class='ocrx_word' id='word_1_709' title='bbox 761 1944 873 1980; x_wconf 88' lang='lat' dir='ltr'>populus</span> <span class='ocrx_word' id='word_1_710' title='bbox 894 1945 1033 1972; x_wconf 85' lang='lat' dir='ltr'>Romanus</span> <span class='ocrx_word' id='word_1_711' title='bbox 1052 1944 1185 1974; x_wconf 88' lang='lat' dir='ltr'>senatorio</span> <span class='ocrx_word' id='word_1_712' title='bbox 1204 1946 1358 1983; x_wconf 87' lang='lat' dir='ltr'>magistratu</span> <span class='ocrx_word' id='word_1_713' title='bbox 1377 1946 1559 1982; x_wconf 83' lang='lat' dir='ltr'>interrogante</span> <span class='ocrx_word' id='word_1_714' title='bbox 1578 1943 1678 1978; x_wconf 89' lang='lat' dir='ltr'>(veluti</span> <span class='ocrx_word' id='word_1_715' title='bbox 1697 1942 1829 1978; x_wconf 90' lang='lat' dir='ltr'>Consule)</span> <span class='ocrx_word' id='word_1_716' title='bbox 1849 1946 1992 1973; x_wconf 64' lang='lat' dir='ltr'>constitue,</span> 
     </span>
     <span class='ocr_line' id='line_1_50' title="bbox 412 1981 1991 2021; baseline 0.001 -12"><span class='ocrx_word' id='word_1_717' title='bbox 412 1991 460 2010; x_wconf 88' lang='lat' dir='ltr'>ret.</span> <span class='ocrx_word' id='word_1_718' title='bbox 501 1984 550 2011; x_wconf 87' lang='lat' dir='ltr'>Eas</span> <span class='ocrx_word' id='word_1_719' title='bbox 575 1984 664 2019; x_wconf 91' lang='lat' dir='ltr'>itaque</span> <span class='ocrx_word' id='word_1_720' title='bbox 687 1981 835 2009; x_wconf 77' lang='lat' dir='ltr'>centuriatis</span> <span class='ocrx_word' id='word_1_721' title='bbox 858 1982 964 2010; x_wconf 78' lang='lat' dir='ltr'>caminis</span> <span class='ocrx_word' id='word_1_722' title='bbox 989 1984 1052 2012; x_wconf 86' lang='lat' dir='ltr'>latas</span> <span class='ocrx_word' id='word_1_723' title='bbox 1078 1983 1172 2015; x_wconf 71' lang='lat' dir='ltr'>tuine,</span> <span class='ocrx_word' id='word_1_724' title='bbox 1199 1993 1233 2011; x_wconf 89' lang='lat' dir='ltr'>ne</span> <span class='ocrx_word' id='word_1_725' title='bbox 1259 1984 1348 2012; x_wconf 87' lang='lat' dir='ltr'>multis</span> <span class='ocrx_word' id='word_1_726' title='bbox 1374 1982 1534 2021; x_wconf 87' lang='lat' dir='ltr'>scriptorum</span> <span class='ocrx_word' id='word_1_727' title='bbox 1560 1982 1719 2010; x_wconf 86' lang='lat' dir='ltr'>testimoniis</span> <span class='ocrx_word' id='word_1_728' title='bbox 1747 1981 1826 2019; x_wconf 76' lang='lat' dir='ltr'>(quae</span> <span class='ocrx_word' id='word_1_729' title='bbox 1850 1984 1991 2011; x_wconf 88' lang='lat' dir='ltr'>tamenin</span> 
     </span>
     <span class='ocr_line' id='line_1_51' title="bbox 413 2019 1987 2059; baseline 0.003 -13"><span class='ocrx_word' id='word_1_730' title='bbox 413 2027 542 2057; x_wconf 84' lang='lat' dir='ltr'>promptu</span> <span class='ocrx_word' id='word_1_731' title='bbox 566 2020 643 2056; x_wconf 88' lang='lat' dir='ltr'>sunt)</span> <span class='ocrx_word' id='word_1_732' title='bbox 669 2021 810 2049; x_wconf 86' lang='lat' dir='ltr'>recitandis</span> <span class='ocrx_word' id='word_1_733' title='bbox 834 2021 883 2049; x_wconf 86' lang='lat' dir='ltr'>fim</span> <span class='ocrx_word' id='word_1_734' title='bbox 910 2020 1039 2059; x_wconf 83' lang='lat' dir='ltr'>longior,</span> <span class='ocrx_word' id='word_1_735' title='bbox 1066 2023 1146 2049; x_wconf 88' lang='lat' dir='ltr'>unico</span> <span class='ocrx_word' id='word_1_736' title='bbox 1171 2021 1241 2049; x_wconf 75' lang='lat' dir='ltr'>Ltvii</span> <span class='ocrx_word' id='word_1_737' title='bbox 1264 2022 1308 2050; x_wconf 88' lang='lat' dir='ltr'>lib.</span> <span class='ocrx_word' id='word_1_738' title='bbox 1326 2024 1351 2051; x_wconf 89' lang='lat'>8.</span> <span class='ocrx_word' id='word_1_739' title='bbox 1377 2028 1516 2049; x_wconf 88' lang='lat' dir='ltr'>contentus</span> <span class='ocrx_word' id='word_1_740' title='bbox 1541 2030 1607 2052; x_wconf 82' lang='lat' dir='ltr'>ere,</span> <span class='ocrx_word' id='word_1_741' title='bbox 1635 2021 1681 2058; x_wconf 89' lang='lat' dir='ltr'>qui</span> <span class='ocrx_word' id='word_1_742' title='bbox 1699 2019 1789 2048; x_wconf 86' lang='lat' dir='ltr'>scribit</span> <span class='ocrx_word' id='word_1_743' title='bbox 1814 2019 1828 2048; x_wconf 74' lang='grc' dir='ltr'>ὲ</span> <span class='ocrx_word' id='word_1_744' title='bbox 1847 2022 1987 2050; x_wconf 69' lang='grc' dir='ltr'>Βίὲὶτιιοτε</span> 
     </span>
     <span class='ocr_line' id='line_1_52' title="bbox 416 2058 1990 2098; baseline 0.001 -13"><span class='ocrx_word' id='word_1_745' title='bbox 416 2060 442 2084; x_wconf 74' lang='lat' dir='ltr'>P.</span> <span class='ocrx_word' id='word_1_746' title='bbox 463 2059 573 2086; x_wconf 87' lang='lat' dir='ltr'>Philone</span> <span class='ocrx_word' id='word_1_747' title='bbox 599 2059 688 2096; x_wconf 89' lang='lat' dir='ltr'>legem</span> <span class='ocrx_word' id='word_1_748' title='bbox 714 2058 796 2086; x_wconf 88' lang='lat' dir='ltr'>latam</span> <span class='ocrx_word' id='word_1_749' title='bbox 810 2078 818 2089; x_wconf 89' lang='lat'><strong><em>‚</em></strong></span> <span class='ocrx_word' id='word_1_750' title='bbox 844 2067 874 2087; x_wconf 87' lang='lat' dir='ltr'>ut</span> <span class='ocrx_word' id='word_1_751' title='bbox 900 2069 991 2087; x_wconf 87' lang='lat' dir='ltr'>earum</span> <span class='ocrx_word' id='word_1_752' title='bbox 1011 2060 1122 2098; x_wconf 86' lang='lat' dir='ltr'>legum,</span> <span class='ocrx_word' id='word_1_753' title='bbox 1148 2069 1206 2097; x_wconf 82' lang='lat' dir='ltr'>quae</span> <span class='ocrx_word' id='word_1_754' title='bbox 1229 2060 1336 2088; x_wconf 75' lang='lat' dir='ltr'>commis</span> <span class='ocrx_word' id='word_1_755' title='bbox 1359 2058 1504 2087; x_wconf 73' lang='lat' dir='ltr'>centuriatis</span> <span class='ocrx_word' id='word_1_756' title='bbox 1527 2058 1659 2087; x_wconf 88' lang='lat' dir='ltr'>ferrentur</span> <span class='ocrx_word' id='word_1_757' title='bbox 1673 2079 1680 2090; x_wconf 96' lang='lat'>,</span> <span class='ocrx_word' id='word_1_758' title='bbox 1706 2065 1768 2087; x_wconf 87' lang='lat' dir='ltr'>ante</span> <span class='ocrx_word' id='word_1_759' title='bbox 1784 2058 1881 2087; x_wconf 90' lang='lat' dir='ltr'>initum</span> <span class='ocrx_word' id='word_1_760' title='bbox 1900 2059 1990 2094; x_wconf 79' lang='lat' dir='ltr'>suffra-</span> 
     </span>
     <span class='ocr_line' id='line_1_53' title="bbox 415 2096 1990 2137; baseline 0.001 -15"><span class='ocrx_word' id='word_1_761' title='bbox 415 2096 506 2131; x_wconf 72' lang='lat' dir='ltr'>gium,</span> <span class='ocrx_word' id='word_1_762' title='bbox 528 2105 613 2133; x_wconf 88' lang='lat' dir='ltr'>patres</span> <span class='ocrx_word' id='word_1_763' title='bbox 635 2096 760 2125; x_wconf 81' lang='lat' dir='ltr'>authores</span> <span class='ocrx_word' id='word_1_764' title='bbox 782 2097 890 2126; x_wconf 84' lang='lat' dir='ltr'>fierent:</span> <span class='ocrx_word' id='word_1_765' title='bbox 911 2099 984 2136; x_wconf 87' lang='lat' dir='ltr'>quod</span> <span class='ocrx_word' id='word_1_766' title='bbox 1005 2104 1168 2137; x_wconf 87' lang='lat' dir='ltr'>argumento</span> <span class='ocrx_word' id='word_1_767' title='bbox 1187 2097 1238 2126; x_wconf 81' lang='lat' dir='ltr'>effe</span> <span class='ocrx_word' id='word_1_768' title='bbox 1256 2099 1356 2137; x_wconf 91' lang='lat' dir='ltr'>potest,</span> <span class='ocrx_word' id='word_1_769' title='bbox 1376 2107 1418 2125; x_wconf 87' lang='lat' dir='ltr'>eas</span> <span class='ocrx_word' id='word_1_770' title='bbox 1437 2097 1523 2135; x_wconf 89' lang='lat' dir='ltr'>leges,</span> <span class='ocrx_word' id='word_1_771' title='bbox 1543 2106 1600 2134; x_wconf 86' lang='lat' dir='ltr'>quae</span> <span class='ocrx_word' id='word_1_772' title='bbox 1613 2097 1646 2124; x_wconf 90' lang='lat' dir='ltr'>ad</span> <span class='ocrx_word' id='word_1_773' title='bbox 1660 2097 1858 2125; x_wconf 61' lang='lat' dir='ltr'>distinetionem</span> <span class='ocrx_word' id='word_1_774' title='bbox 1871 2097 1990 2134; x_wconf 83' lang='lat' dir='ltr'>plebisci-</span> 
     </span>
     <span class='ocr_line' id='line_1_54' title="bbox 415 2134 1986 2175; baseline 0.001 -16"><span class='ocrx_word' id='word_1_775' title='bbox 415 2139 505 2161; x_wconf 86' lang='lat' dir='ltr'>torum</span> <span class='ocrx_word' id='word_1_776' title='bbox 532 2135 565 2162; x_wconf 84' lang='lat' dir='ltr'>fic</span> <span class='ocrx_word' id='word_1_777' title='bbox 590 2134 783 2172; x_wconf 77' lang='lat' dir='ltr'>appellarentur</span> <span class='ocrx_word' id='word_1_778' title='bbox 797 2155 804 2166; x_wconf 93' lang='lat'>‚</span> <span class='ocrx_word' id='word_1_779' title='bbox 832 2135 920 2172; x_wconf 85' lang='lat' dir='ltr'>quales</span> <span class='ocrx_word' id='word_1_780' title='bbox 944 2145 1018 2164; x_wconf 88' lang='lat' dir='ltr'>erant</span> <span class='ocrx_word' id='word_1_781' title='bbox 1032 2157 1040 2168; x_wconf 90' lang='lat'>‚</span> <span class='ocrx_word' id='word_1_782' title='bbox 1065 2146 1123 2173; x_wconf 86' lang='lat' dir='ltr'>quae</span> <span class='ocrx_word' id='word_1_783' title='bbox 1141 2136 1154 2165; x_wconf 72' lang='lat' dir='ltr'>a</span> <span class='ocrx_word' id='word_1_784' title='bbox 1175 2137 1368 2175; x_wconf 80' lang='lat' dir='ltr'>magistratibus</span> <span class='ocrx_word' id='word_1_785' title='bbox 1386 2136 1530 2173; x_wconf 85' lang='lat' dir='ltr'>majoribus</span> <span class='ocrx_word' id='word_1_786' title='bbox 1549 2135 1700 2163; x_wconf 88' lang='lat' dir='ltr'>ferebantur</span> <span class='ocrx_word' id='word_1_787' title='bbox 1713 2155 1721 2167; x_wconf 91' lang='lat'>,</span> <span class='ocrx_word' id='word_1_788' title='bbox 1744 2134 1847 2162; x_wconf 74' lang='lat' dir='ltr'>commis</span> <span class='ocrx_word' id='word_1_789' title='bbox 1866 2134 1986 2163; x_wconf 80' lang='lat' dir='ltr'>centuria-</span> 
     </span>
     <span class='ocr_line' id='line_1_55' title="bbox 413 2170 1988 2212; baseline 0.003 -16"><span class='ocrx_word' id='word_1_790' title='bbox 413 2170 449 2197; x_wconf 82' lang='lat' dir='ltr'>tis</span> <span class='ocrx_word' id='word_1_791' title='bbox 469 2172 530 2199; x_wconf 84' lang='lat' dir='ltr'>ferri</span> <span class='ocrx_word' id='word_1_792' title='bbox 550 2173 645 2201; x_wconf 78' lang='lat' dir='ltr'>lblitas.</span> <span class='ocrx_word' id='word_1_793' title='bbox 685 2175 728 2201; x_wconf 87' lang='lat' dir='ltr'>Sic</span> <span class='ocrx_word' id='word_1_794' title='bbox 746 2173 811 2210; x_wconf 80' lang='lat' dir='ltr'>leges</span> <span class='ocrx_word' id='word_1_795' title='bbox 827 2174 922 2202; x_wconf 79' lang='lat' dir='ltr'>Valerii</span> <span class='ocrx_word' id='word_1_796' title='bbox 945 2174 1070 2202; x_wconf 65' lang='lat' dir='ltr'>Publicola:</span> <span class='ocrx_word' id='word_1_797' title='bbox 1092 2175 1149 2203; x_wconf 84' lang='lat' dir='ltr'>latae</span> <span class='ocrx_word' id='word_1_798' title='bbox 1169 2176 1203 2202; x_wconf 87' lang='lat' dir='ltr'>de</span> <span class='ocrx_word' id='word_1_799' title='bbox 1221 2176 1413 2212; x_wconf 85' lang='lat' dir='ltr'>provocatione</span> <span class='ocrx_word' id='word_1_800' title='bbox 1426 2195 1433 2206; x_wconf 98' lang='lat'>‚</span> <span class='ocrx_word' id='word_1_801' title='bbox 1457 2172 1598 2200; x_wconf 62' lang='lat' dir='ltr'>centuriata</span> <span class='ocrx_word' id='word_1_802' title='bbox 1616 2173 1723 2201; x_wconf 81' lang='lat' dir='ltr'>suerunt</span> <span class='ocrx_word' id='word_1_803' title='bbox 1736 2194 1743 2205; x_wconf 89' lang='lat'><em>‚</em></span> <span class='ocrx_word' id='word_1_804' title='bbox 1768 2181 1799 2200; x_wconf 86' lang='lat' dir='ltr'>ut</span> <span class='ocrx_word' id='word_1_805' title='bbox 1812 2174 1847 2200; x_wconf 88' lang='lat' dir='ltr'>est</span> <span class='ocrx_word' id='word_1_806' title='bbox 1858 2173 1925 2210; x_wconf 86' lang='lat' dir='ltr'>apud</span> <span class='ocrx_word' id='word_1_807' title='bbox 1939 2174 1988 2198; x_wconf 79' lang='lat' dir='ltr'>Va-</span> 
     </span>
     <span class='ocr_line' id='line_1_56' title="bbox 415 2207 1988 2249; baseline 0.003 -15"><span class='ocrx_word' id='word_1_808' title='bbox 415 2207 505 2235; x_wconf 73' lang='lat' dir='ltr'>lerium</span> <span class='ocrx_word' id='word_1_809' title='bbox 524 2214 672 2237; x_wconf 69' lang='lat' dir='ltr'>Mammam</span> <span class='ocrx_word' id='word_1_810' title='bbox 688 2211 742 2246; x_wconf 82' lang='lat' dir='ltr'>l.4.</span> <span class='ocrx_word' id='word_1_811' title='bbox 758 2220 815 2248; x_wconf 87' lang='lat' dir='ltr'>cap.</span> <span class='ocrx_word' id='word_1_812' title='bbox 833 2222 855 2238; x_wconf 73' lang='grc' dir='ltr'>ι.</span> <span class='ocrx_word' id='word_1_813' title='bbox 882 2214 916 2240; x_wconf 89' lang='lat' dir='ltr'>Et</span> <span class='ocrx_word' id='word_1_814' title='bbox 934 2213 975 2240; x_wconf 83' lang='lat' dir='ltr'>lex</span> <span class='ocrx_word' id='word_1_815' title='bbox 994 2214 1042 2241; x_wconf 87' lang='lat' dir='ltr'>alia</span> <span class='ocrx_word' id='word_1_816' title='bbox 1063 2212 1157 2241; x_wconf 70' lang='lat' dir='ltr'>Valerii</span> <span class='ocrx_word' id='word_1_817' title='bbox 1177 2216 1204 2242; x_wconf 68' lang='grc' dir='ltr'>δε</span> <span class='ocrx_word' id='word_1_818' title='bbox 1225 2212 1328 2240; x_wconf 73' lang='lat' dir='ltr'>Horatii</span> <span class='ocrx_word' id='word_1_819' title='bbox 1347 2213 1418 2240; x_wconf 71' lang='lat' dir='ltr'>Coss]</span> <span class='ocrx_word' id='word_1_820' title='bbox 1444 2212 1526 2249; x_wconf 82' lang='lat' dir='ltr'>Cujus</span> <span class='ocrx_word' id='word_1_821' title='bbox 1545 2212 1671 2239; x_wconf 88' lang='lat' dir='ltr'>meminit</span> <span class='ocrx_word' id='word_1_822' title='bbox 1685 2210 1773 2239; x_wconf 78' lang='lat' dir='ltr'>Livius</span> <span class='ocrx_word' id='word_1_823' title='bbox 1785 2211 1802 2239; x_wconf 88' lang='lat' dir='ltr'>l.</span> <span class='ocrx_word' id='word_1_824' title='bbox 1811 2220 1838 2246; x_wconf 91' lang='lat'>4.</span> <span class='ocrx_word' id='word_1_825' title='bbox 1861 2213 1931 2238; x_wconf 89' lang='lat' dir='ltr'>Item</span> <span class='ocrx_word' id='word_1_826' title='bbox 1946 2209 1988 2239; x_wconf 78' lang='lat' dir='ltr'>lex</span> 
     </span>
     <span class='ocr_line' id='line_1_57' title="bbox 416 2248 1988 2287; baseline 0.001 -13"><span class='ocrx_word' id='word_1_827' title='bbox 416 2248 449 2275; x_wconf 91' lang='lat' dir='ltr'>de</span> <span class='ocrx_word' id='word_1_828' title='bbox 470 2249 640 2275; x_wconf 81' lang='lat' dir='ltr'>revocatione</span> <span class='ocrx_word' id='word_1_829' title='bbox 660 2250 798 2277; x_wconf 85' lang='lat' dir='ltr'>Ciceronis</span> <span class='ocrx_word' id='word_1_830' title='bbox 817 2249 849 2277; x_wconf 87' lang='lat' dir='ltr'>ab</span> <span class='ocrx_word' id='word_1_831' title='bbox 869 2251 964 2283; x_wconf 82' lang='lat' dir='ltr'>exilio,</span> <span class='ocrx_word' id='word_1_832' title='bbox 986 2252 1050 2280; x_wconf 84' lang='lat' dir='ltr'>teste</span> <span class='ocrx_word' id='word_1_833' title='bbox 1068 2251 1126 2287; x_wconf 85' lang='lat' dir='ltr'>ipso</span> <span class='ocrx_word' id='word_1_834' title='bbox 1144 2250 1259 2278; x_wconf 80' lang='lat' dir='ltr'>Cicerone</span> <span class='ocrx_word' id='word_1_835' title='bbox 1277 2253 1304 2279; x_wconf 91' lang='lat' dir='ltr'>in</span> <span class='ocrx_word' id='word_1_836' title='bbox 1325 2251 1455 2279; x_wconf 84' lang='lat' dir='ltr'>Oratione</span> <span class='ocrx_word' id='word_1_837' title='bbox 1475 2250 1533 2287; x_wconf 89' lang='lat' dir='ltr'>post</span> <span class='ocrx_word' id='word_1_838' title='bbox 1552 2250 1670 2278; x_wconf 81' lang='lat' dir='ltr'>reditum</span> <span class='ocrx_word' id='word_1_839' title='bbox 1690 2250 1717 2277; x_wconf 91' lang='lat' dir='ltr'>in</span> <span class='ocrx_word' id='word_1_840' title='bbox 1737 2249 1838 2279; x_wconf 87' lang='lat' dir='ltr'>senatu,</span> <span class='ocrx_word' id='word_1_841' title='bbox 1858 2250 1884 2276; x_wconf 72' lang='grc' dir='ltr'>ὅ(</span> <span class='ocrx_word' id='word_1_842' title='bbox 1900 2248 1944 2276; x_wconf 93' lang='lat' dir='ltr'>lib.</span> <span class='ocrx_word' id='word_1_843' title='bbox 1962 2249 1988 2276; x_wconf 84' lang='lat'>8.</span> 
     </span>
     <span class='ocr_line' id='line_1_58' title="bbox 416 2284 1989 2325; baseline 0.001 -13"><span class='ocrx_word' id='word_1_844' title='bbox 416 2284 585 2322; x_wconf 79' lang='lat' dir='ltr'>epistolarum</span> <span class='ocrx_word' id='word_1_845' title='bbox 611 2287 642 2313; x_wconf 90' lang='lat' dir='ltr'>ad</span> <span class='ocrx_word' id='word_1_846' title='bbox 664 2287 802 2315; x_wconf 73' lang='lat' dir='ltr'>familiares</span> <span class='ocrx_word' id='word_1_847' title='bbox 815 2308 823 2319; x_wconf 88' lang='lat'>,</span> <span class='ocrx_word' id='word_1_848' title='bbox 850 2289 957 2325; x_wconf 86' lang='lat' dir='ltr'>epistola</span> <span class='ocrx_word' id='word_1_849' title='bbox 974 2300 999 2320; x_wconf 82' lang='lat'>2.</span> <span class='ocrx_word' id='word_1_850' title='bbox 1020 2291 1053 2318; x_wconf 89' lang='lat' dir='ltr'>ad</span> <span class='ocrx_word' id='word_1_851' title='bbox 1075 2290 1219 2318; x_wconf 88' lang='lat' dir='ltr'>Lentulum</span> <span class='ocrx_word' id='word_1_852' title='bbox 1232 2310 1241 2322; x_wconf 92' lang='lat'>,</span> <span class='ocrx_word' id='word_1_853' title='bbox 1268 2290 1421 2317; x_wconf 82' lang='lat' dir='ltr'>centuriatae</span> <span class='ocrx_word' id='word_1_854' title='bbox 1440 2288 1556 2317; x_wconf 89' lang='lat' dir='ltr'>fuerunt.</span> <span class='ocrx_word' id='word_1_855' title='bbox 1595 2290 1656 2316; x_wconf 91' lang='lat' dir='ltr'>Huc</span> <span class='ocrx_word' id='word_1_856' title='bbox 1674 2287 1823 2315; x_wconf 87' lang='lat' dir='ltr'>referuntur</span> <span class='ocrx_word' id='word_1_857' title='bbox 1840 2285 1922 2313; x_wconf 82' lang='lat' dir='ltr'>etiam</span> <span class='ocrx_word' id='word_1_858' title='bbox 1942 2287 1989 2314; x_wconf 90' lang='lat' dir='ltr'>de-</span> 
     </span>
     <span class='ocr_line' id='line_1_59' title="bbox 414 2322 1989 2365; baseline 0.001 -14"><span class='ocrx_word' id='word_1_859' title='bbox 414 2322 571 2351; x_wconf 81' lang='lat' dir='ltr'>cemvirales</span> <span class='ocrx_word' id='word_1_860' title='bbox 583 2343 590 2355; x_wconf 89' lang='lat'>,</span> <span class='ocrx_word' id='word_1_861' title='bbox 616 2323 669 2351; x_wconf 84' lang='lat' dir='ltr'>five</span> <span class='ocrx_word' id='word_1_862' title='bbox 694 2325 836 2353; x_wconf 89' lang='lat' dir='ltr'>duodecim</span> <span class='ocrx_word' id='word_1_863' title='bbox 862 2327 1012 2356; x_wconf 87' lang='lat' dir='ltr'>tabularum</span> <span class='ocrx_word' id='word_1_864' title='bbox 1026 2348 1033 2359; x_wconf 93' lang='lat'>‚</span> <span class='ocrx_word' id='word_1_865' title='bbox 1059 2328 1093 2356; x_wconf 89' lang='lat' dir='ltr'>de</span> <span class='ocrx_word' id='word_1_866' title='bbox 1117 2327 1212 2365; x_wconf 85' lang='lat' dir='ltr'>quibus</span> <span class='ocrx_word' id='word_1_867' title='bbox 1231 2328 1302 2365; x_wconf 90' lang='lat' dir='ltr'>quod</span> <span class='ocrx_word' id='word_1_868' title='bbox 1321 2326 1408 2362; x_wconf 53' lang='lat' dir='ltr'>iisdem</span> <span class='ocrx_word' id='word_1_869' title='bbox 1425 2326 1531 2355; x_wconf 73' lang='lat' dir='ltr'>comitiis</span> <span class='ocrx_word' id='word_1_870' title='bbox 1548 2326 1606 2354; x_wconf 86' lang='lat' dir='ltr'>latae</span> <span class='ocrx_word' id='word_1_871' title='bbox 1624 2326 1693 2357; x_wconf 86' lang='lat' dir='ltr'>fint,</span> <span class='ocrx_word' id='word_1_872' title='bbox 1720 2323 1902 2353; x_wconf 82' lang='lat' dir='ltr'>testimonium</span> <span class='ocrx_word' id='word_1_873' title='bbox 1923 2324 1989 2352; x_wconf 86' lang='lat' dir='ltr'>dicit</span> 
     </span>
     <span class='ocr_line' id='line_1_60' title="bbox 413 2359 1989 2427; baseline 0.001 -39"><span class='ocrx_word' id='word_1_874' title='bbox 413 2362 502 2390; x_wconf 74' lang='lat' dir='ltr'>Limus</span> <span class='ocrx_word' id='word_1_875' title='bbox 521 2361 539 2389; x_wconf 87' lang='lat'>1.</span> <span class='ocrx_word' id='word_1_876' title='bbox 554 2371 577 2398; x_wconf 86' lang='lat'>3.</span> <span class='ocrx_word' id='word_1_877' title='bbox 619 2362 715 2399; x_wconf 82' lang='lat' dir='ltr'>Neque</span> <span class='ocrx_word' id='word_1_878' title='bbox 734 2363 909 2393; x_wconf 80' lang='lat' dir='ltr'>excluduntur</span> <span class='ocrx_word' id='word_1_879' title='bbox 926 2366 970 2395; x_wconf 88' lang='lat' dir='ltr'>hic</span> <span class='ocrx_word' id='word_1_880' title='bbox 987 2367 1059 2405; x_wconf 85' lang='lat' dir='ltr'>leges</span> <span class='ocrx_word' id='word_1_881' title='bbox 1077 2367 1110 2395; x_wconf 86' lang='lat' dir='ltr'>ad</span> <span class='ocrx_word' id='word_1_882' title='bbox 1128 2366 1258 2404; x_wconf 85' lang='lat' dir='ltr'>populum</span> <span class='ocrx_word' id='word_1_883' title='bbox 1278 2367 1291 2394; x_wconf 72' lang='lat' dir='ltr'>a</span> <span class='ocrx_word' id='word_1_884' title='bbox 1311 2364 1460 2403; x_wconf 75' lang='lat' dir='ltr'>majoribus</span> <span class='ocrx_word' id='word_1_885' title='bbox 1478 2362 1673 2402; x_wconf 82' lang='lat' dir='ltr'>magistratibus</span> <span class='ocrx_word' id='word_1_886' title='bbox 1689 2362 1747 2390; x_wconf 83' lang='lat' dir='ltr'>latae</span> <span class='ocrx_word' id='word_1_887' title='bbox 1764 2361 1798 2389; x_wconf 89' lang='lat' dir='ltr'>de</span> <span class='ocrx_word' id='word_1_888' title='bbox 1816 2359 1891 2390; x_wconf 86' lang='lat' dir='ltr'>bellis</span> <span class='ocrx_word' id='word_1_889' title='bbox 1908 2361 1989 2427; x_wconf 54' lang='lat' dir='ltr'>hogii-</span> 
     </span>
    </p>

    <p class='ocr_par' dir='ltr' id='par_1_9' title="bbox 1960 2408 1989 2428">
     <span class='ocr_line' id='line_1_61' title="bbox 1960 2408 1989 2428; baseline -0.034 0"><span class='ocrx_word' id='word_1_890' title='bbox 1960 2408 1989 2428; x_wconf 82' lang='lat' dir='ltr'>us</span> 
     </span>
    </p>
   </div>
  </div>
 </body>
</html>
