<?xml version="1.0" encoding="UTF-8"?>
<!DOCTYPE html PUBLIC "-//W3C//DTD XHTML 1.0 Transitional//EN"
    "http://www.w3.org/TR/xhtml1/DTD/xhtml1-transitional.dtd">
<html xmlns="http://www.w3.org/1999/xhtml" xml:lang="en" lang="en">
 <head>
  <title>
</title>
<meta http-equiv="Content-Type" content="text/html;charset=utf-8" />
  <meta name='ocr-system' content='tesseract 3.04.00' />
  <meta name='ocr-capabilities' content='ocr_page ocr_carea ocr_par ocr_line ocrx_word'/>
</head>
<body>
  <div class='ocr_page' id='page_1' title='image "./johannisrosinian00rosi/johannisrosinian00rosi_0443.png"; bbox 0 0 2075 2734; ppageno 0'>
   <div class='ocr_carea' id='block_1_1' title="bbox 417 124 1678 172">
    <p class='ocr_par' dir='ltr' id='par_1_1' title="bbox 417 124 1678 172">
     <span class='ocr_line' id='line_1_1' title="bbox 417 124 1678 172; baseline 0.002 -18"><span class='ocrx_word' id='word_1_1' title='bbox 417 126 483 157; x_wconf 60' lang='lat' dir='ltr'>De</span> <span class='ocrx_word' id='word_1_2' title='bbox 522 124 1354 166; x_wconf 60' lang='lat' dir='ltr'>For-:MiuanuuvzsrinusLCAP.35&#39;.</span> <span class='ocrx_word' id='word_1_3' title='bbox 1620 140 1678 172; x_wconf 78' lang='lat'>409</span> 
     </span>
    </p>
   </div>
   <div class='ocr_carea' id='block_1_2' title="bbox 74 175 1706 2197">
    <p class='ocr_par' dir='ltr' id='par_1_2' title="bbox 94 175 1681 405">
     <span class='ocr_line' id='line_1_2' title="bbox 97 175 1680 216; baseline 0.003 -11"><span class='ocrx_word' id='word_1_4' title='bbox 97 178 259 205; x_wconf 32' lang='lat' dir='ltr'>ideerarro</span> <span class='ocrx_word' id='word_1_5' title='bbox 271 175 340 204; x_wconf 86' lang='lat' dir='ltr'>libro</span> <span class='ocrx_word' id='word_1_6' title='bbox 348 185 376 212; x_wconf 86' lang='lat'>4.</span> <span class='ocrx_word' id='word_1_7' title='bbox 389 177 423 206; x_wconf 90' lang='lat' dir='ltr'>de</span> <span class='ocrx_word' id='word_1_8' title='bbox 435 178 499 216; x_wconf 89' lang='lat' dir='ltr'>ling.</span> <span class='ocrx_word' id='word_1_9' title='bbox 514 180 574 206; x_wconf 88' lang='lat' dir='ltr'>Lat.</span> <span class='ocrx_word' id='word_1_10' title='bbox 583 177 712 215; x_wconf 74' lang='lat' dir='ltr'>fignificat</span> <span class='ocrx_word' id='word_1_11' title='bbox 722 197 731 208; x_wconf 94' lang='lat'>,</span> <span class='ocrx_word' id='word_1_12' title='bbox 752 186 815 204; x_wconf 90' lang='lat' dir='ltr'>curn</span> <span class='ocrx_word' id='word_1_13' title='bbox 831 177 865 204; x_wconf 84' lang='lat' dir='ltr'>fic</span> <span class='ocrx_word' id='word_1_14' title='bbox 878 175 969 204; x_wconf 86' lang='lat' dir='ltr'>scribit</span> <span class='ocrx_word' id='word_1_15' title='bbox 984 188 988 203; x_wconf 84' lang='lat' dir='ltr'>z</span> <span class='ocrx_word' id='word_1_16' title='bbox 1010 175 1138 210; x_wconf 74' lang='lat' dir='ltr'><em>Capitium</em></span> <span class='ocrx_word' id='word_1_17' title='bbox 1153 175 1184 203; x_wconf 89' lang='lat' dir='ltr'>ab</span> <span class='ocrx_word' id='word_1_18' title='bbox 1195 185 1228 204; x_wconf 88' lang='lat' dir='ltr'>eo</span> <span class='ocrx_word' id='word_1_19' title='bbox 1239 177 1311 214; x_wconf 90' lang='lat' dir='ltr'>quod</span> <span class='ocrx_word' id='word_1_20' title='bbox 1326 177 1396 213; x_wconf 86' lang='lat' dir='ltr'>capit</span> <span class='ocrx_word' id='word_1_21' title='bbox 1408 177 1516 214; x_wconf 62' lang='lat' dir='ltr'>pectus,</span> <span class='ocrx_word' id='word_1_22' title='bbox 1536 179 1563 208; x_wconf 93' lang='lat' dir='ltr'>id</span> <span class='ocrx_word' id='word_1_23' title='bbox 1576 180 1628 212; x_wconf 86' lang='lat' dir='ltr'>est,</span> <span class='ocrx_word' id='word_1_24' title='bbox 1649 188 1680 210; x_wconf 90' lang='lat' dir='ltr'>ut</span> 
     </span>
     <span class='ocr_line' id='line_1_3' title="bbox 96 213 1681 253; baseline 0.001 -10"><span class='ocrx_word' id='word_1_25' title='bbox 96 214 197 251; x_wconf 77' lang='lat' dir='ltr'>antiqui</span> <span class='ocrx_word' id='word_1_26' title='bbox 213 214 336 242; x_wconf 86' lang='lat' dir='ltr'>dicebant</span> <span class='ocrx_word' id='word_1_27' title='bbox 348 236 355 246; x_wconf 93' lang='lat'>‚</span> <span class='ocrx_word' id='word_1_28' title='bbox 377 216 472 244; x_wconf 84' lang='lat' dir='ltr'>indutu</span> <span class='ocrx_word' id='word_1_29' title='bbox 482 215 693 253; x_wconf 82' lang='lat' dir='ltr'>comprehendit.</span> <span class='ocrx_word' id='word_1_30' title='bbox 736 216 825 251; x_wconf 87' lang='lat' dir='ltr'>Atque</span> <span class='ocrx_word' id='word_1_31' title='bbox 838 214 873 242; x_wconf 81' lang='lat' dir='ltr'>sic</span> <span class='ocrx_word' id='word_1_32' title='bbox 885 213 1004 248; x_wconf 81' lang='lat' dir='ltr'><em>capitium</em></span> <span class='ocrx_word' id='word_1_33' title='bbox 1018 214 1237 251; x_wconf 84' lang='lat' dir='ltr'>intelligendum,</span> <span class='ocrx_word' id='word_1_34' title='bbox 1259 213 1378 243; x_wconf 80' lang='lat' dir='ltr'><em>Adriano</em></span> <span class='ocrx_word' id='word_1_35' title='bbox 1393 215 1520 247; x_wconf 76' lang='lat' dir='ltr'>Turnebo,</span> <span class='ocrx_word' id='word_1_36' title='bbox 1541 219 1568 246; x_wconf 86' lang='lat'>&amp;</span> <span class='ocrx_word' id='word_1_37' title='bbox 1582 218 1681 246; x_wconf 66' lang='lat' dir='ltr'>doctis.</span> 
     </span>
     <span class='ocr_line' id='line_1_4' title="bbox 95 250 1678 292; baseline 0.003 -14"><span class='ocrx_word' id='word_1_38' title='bbox 95 253 163 279; x_wconf 89' lang='lat' dir='ltr'>fimo</span> <span class='ocrx_word' id='word_1_39' title='bbox 178 251 300 289; x_wconf 59' lang='lat' dir='ltr'>suitgero</span> <span class='ocrx_word' id='word_1_40' title='bbox 314 252 409 290; x_wconf 84' lang='lat' dir='ltr'>placet.</span> <span class='ocrx_word' id='word_1_41' title='bbox 427 254 510 281; x_wconf 86' lang='lat' dir='ltr'>Erant</span> <span class='ocrx_word' id='word_1_42' title='bbox 523 255 550 282; x_wconf 84' lang='lat'>&amp;</span> <span class='ocrx_word' id='word_1_43' title='bbox 563 253 597 281; x_wconf 86' lang='lat' dir='ltr'>ad</span> <span class='ocrx_word' id='word_1_44' title='bbox 610 253 783 281; x_wconf 85' lang='lat' dir='ltr'>vinciendum</span> <span class='ocrx_word' id='word_1_45' title='bbox 797 253 889 289; x_wconf 76' lang='lat' dir='ltr'>pectus</span> <span class='ocrx_word' id='word_1_46' title='bbox 895 250 1006 289; x_wconf 81' lang='lat' dir='ltr'>strophia</span> <span class='ocrx_word' id='word_1_47' title='bbox 1022 254 1048 279; x_wconf 61' lang='grc' dir='ltr'>ὃς</span> <span class='ocrx_word' id='word_1_48' title='bbox 1056 252 1150 287; x_wconf 74' lang='lat' dir='ltr'>fizsctae,</span> <span class='ocrx_word' id='word_1_49' title='bbox 1170 252 1203 280; x_wconf 91' lang='lat' dir='ltr'>de</span> <span class='ocrx_word' id='word_1_50' title='bbox 1217 253 1311 290; x_wconf 82' lang='lat' dir='ltr'>quibus</span> <span class='ocrx_word' id='word_1_51' title='bbox 1324 253 1469 285; x_wconf 79' lang='lat' dir='ltr'><em>Terentius,</em></span> <span class='ocrx_word' id='word_1_52' title='bbox 1489 255 1523 284; x_wconf 92' lang='lat' dir='ltr'>de</span> <span class='ocrx_word' id='word_1_53' title='bbox 1536 257 1630 292; x_wconf 87' lang='lat' dir='ltr'>puellis</span> <span class='ocrx_word' id='word_1_54' title='bbox 1637 256 1678 286; x_wconf 80' lang='lat'>10-</span> 
     </span>
     <span class='ocr_line' id='line_1_5' title="bbox 94 290 1678 328; baseline 0.003 -12"><span class='ocrx_word' id='word_1_55' title='bbox 94 299 192 327; x_wconf 75' lang='lat' dir='ltr'>quens»,</span> <span class='ocrx_word' id='word_1_56' title='bbox 212 299 276 328; x_wconf 81' lang='lat' dir='ltr'>quas</span> <span class='ocrx_word' id='word_1_57' title='bbox 289 298 387 319; x_wconf 84' lang='lat' dir='ltr'>matres</span> <span class='ocrx_word' id='word_1_58' title='bbox 401 291 506 319; x_wconf 87' lang='lat' dir='ltr'>student</span> <span class='ocrx_word' id='word_1_59' title='bbox 518 290 583 318; x_wconf 80' lang='lat' dir='ltr'>effe:</span> <span class='ocrx_word' id='word_1_60' title='bbox 1674 291 1678 292; x_wconf 46' lang='lat'><em>⁷</em></span> 
     </span>
     <span class='ocr_line' id='line_1_6' title="bbox 403 324 1134 364; baseline -0.005 -8"><span class='ocrx_word' id='word_1_61' title='bbox 403 328 520 364; x_wconf 72' lang='lat' dir='ltr'>Demtffis</span> <span class='ocrx_word' id='word_1_62' title='bbox 531 327 640 356; x_wconf 79' lang='lat' dir='ltr'>humeris</span> <span class='ocrx_word' id='word_1_63' title='bbox 648 349 656 360; x_wconf 91' lang='lat'>,</span> <span class='ocrx_word' id='word_1_64' title='bbox 676 326 759 355; x_wconf 68' lang='lat' dir='ltr'>vincslo</span> <span class='ocrx_word' id='word_1_65' title='bbox 767 329 878 362; x_wconf 60' lang='lat' dir='ltr'>pefflore,</span> <span class='ocrx_word' id='word_1_66' title='bbox 900 335 930 353; x_wconf 81' lang='lat' dir='ltr'>ut</span> <span class='ocrx_word' id='word_1_67' title='bbox 938 325 1044 363; x_wconf 70' lang='lat' dir='ltr'>graciles</span> <span class='ocrx_word' id='word_1_68' title='bbox 1050 324 1119 363; x_wconf 82' lang='lat' dir='ltr'>fient</span> <span class='ocrx_word' id='word_1_69' title='bbox 1127 347 1134 358; x_wconf 93' lang='lat'>,</span> 
     </span>
     <span class='ocr_line' id='line_1_7' title="bbox 400 363 1375 405; baseline 0 -12"><span class='ocrx_word' id='word_1_70' title='bbox 400 366 489 405; x_wconf 75' lang='lat' dir='ltr'>Siqua</span> <span class='ocrx_word' id='word_1_71' title='bbox 504 365 538 402; x_wconf 75' lang='lat' dir='ltr'>est</span> <span class='ocrx_word' id='word_1_72' title='bbox 548 365 656 394; x_wconf 76' lang='lat' dir='ltr'>habitior</span> <span class='ocrx_word' id='word_1_73' title='bbox 664 366 754 401; x_wconf 83' lang='lat' dir='ltr'>paulo,</span> <span class='ocrx_word' id='word_1_74' title='bbox 768 364 880 404; x_wconf 80' lang='lat' dir='ltr'><em>pugilem</em></span> <span class='ocrx_word' id='word_1_75' title='bbox 893 364 938 402; x_wconf 71' lang='lat' dir='ltr'>‘’ffi’</span> <span class='ocrx_word' id='word_1_76' title='bbox 952 366 1040 398; x_wconf 71' lang='lat' dir='ltr'>aiunt,</span> <span class='ocrx_word' id='word_1_77' title='bbox 1059 364 1185 391; x_wconf 78' lang='lat' dir='ltr'>deducunt</span> <span class='ocrx_word' id='word_1_78' title='bbox 1198 363 1292 400; x_wconf 74' lang='lat' dir='ltr'>cibum,</span> <span class='ocrx_word' id='word_1_79' title='bbox 1313 367 1375 400; x_wconf 60' lang='lat' dir='ltr'>&amp;a</span> 
     </span>
    </p>

    <p class='ocr_par' dir='ltr' id='par_1_3' title="bbox 82 401 1677 593">
     <span class='ocr_line' id='line_1_8' title="bbox 135 401 1676 444; baseline 0.004 -13"><span class='ocrx_word' id='word_1_80' title='bbox 135 405 209 432; x_wconf 85' lang='lat' dir='ltr'>Nam</span> <span class='ocrx_word' id='word_1_81' title='bbox 225 405 309 433; x_wconf 74' lang='lat' dir='ltr'>fasciis</span> <span class='ocrx_word' id='word_1_82' title='bbox 323 404 371 432; x_wconf 85' lang='lat' dir='ltr'>illis</span> <span class='ocrx_word' id='word_1_83' title='bbox 385 401 562 432; x_wconf 83' lang='lat' dir='ltr'>humerorum</span> <span class='ocrx_word' id='word_1_84' title='bbox 576 404 737 441; x_wconf 82' lang='lat' dir='ltr'>castigabant</span> <span class='ocrx_word' id='word_1_85' title='bbox 751 404 913 440; x_wconf 82' lang='lat' dir='ltr'>superfluum</span> <span class='ocrx_word' id='word_1_86' title='bbox 930 424 937 434; x_wconf 93' lang='lat'>‚</span> <span class='ocrx_word' id='word_1_87' title='bbox 959 405 984 430; x_wconf 59' lang='grc' dir='ltr'>ὃς</span> <span class='ocrx_word' id='word_1_88' title='bbox 999 402 1067 442; x_wconf 84' lang='lat' dir='ltr'>quafi</span> <span class='ocrx_word' id='word_1_89' title='bbox 1081 402 1259 430; x_wconf 81' lang='lat' dir='ltr'>luxuriantem</span> <span class='ocrx_word' id='word_1_90' title='bbox 1273 404 1393 433; x_wconf 85' lang='lat' dir='ltr'>habitum</span> <span class='ocrx_word' id='word_1_91' title='bbox 1402 427 1409 438; x_wconf 86' lang='lat'>‚</span> <span class='ocrx_word' id='word_1_92' title='bbox 1430 406 1526 444; x_wconf 88' lang='lat' dir='ltr'>eosque</span> <span class='ocrx_word' id='word_1_93' title='bbox 1544 412 1634 442; x_wconf 70' lang='grc' dir='ltr'>ὁμαλὲς</span> <span class='ocrx_word' id='word_1_94' title='bbox 1648 411 1676 438; x_wconf 87' lang='lat'>&amp;</span> 
     </span>
     <span class='ocr_line' id='line_1_9' title="bbox 92 440 1673 480; baseline 0.003 -11"><span class='ocrx_word' id='word_1_95' title='bbox 92 451 182 479; x_wconf 70' lang='lat' dir='ltr'>:equos</span> <span class='ocrx_word' id='word_1_96' title='bbox 198 443 367 474; x_wconf 63' lang='lat' dir='ltr'>reddebant„</span> <span class='ocrx_word' id='word_1_97' title='bbox 378 451 441 469; x_wconf 89' lang='lat' dir='ltr'>cum</span> <span class='ocrx_word' id='word_1_98' title='bbox 453 449 547 470; x_wconf 82' lang='lat' dir='ltr'>contra</span> <span class='ocrx_word' id='word_1_99' title='bbox 561 443 589 470; x_wconf 91' lang='lat' dir='ltr'>in</span> <span class='ocrx_word' id='word_1_100' title='bbox 599 442 732 480; x_wconf 82' lang='lat' dir='ltr'>pugilibus</span> <span class='ocrx_word' id='word_1_101' title='bbox 743 442 793 470; x_wconf 80' lang='lat' dir='ltr'>sint</span> <span class='ocrx_word' id='word_1_102' title='bbox 808 441 897 470; x_wconf 78' lang='lat' dir='ltr'>torosi.</span> <span class='ocrx_word' id='word_1_103' title='bbox 917 440 1030 474; x_wconf 65' lang='lat' dir='ltr'>Strophio</span> <span class='ocrx_word' id='word_1_104' title='bbox 1043 447 1179 467; x_wconf 87' lang='lat' dir='ltr'>tumorem</span> <span class='ocrx_word' id='word_1_105' title='bbox 1194 441 1350 476; x_wconf 78' lang='lat' dir='ltr'>papillarum</span> <span class='ocrx_word' id='word_1_106' title='bbox 1366 444 1532 473; x_wconf 80' lang='lat' dir='ltr'>cohibebant.</span> <span class='ocrx_word' id='word_1_107' title='bbox 1554 447 1673 474; x_wconf 87' lang='lat' dir='ltr'>Nonius:</span> 
     </span>
     <span class='ocr_line' id='line_1_10' title="bbox 91 477 1677 518; baseline 0.001 -12"><span class='ocrx_word' id='word_1_108' title='bbox 91 479 233 514; x_wconf 72' lang='lat' dir='ltr'>Strophium</span> <span class='ocrx_word' id='word_1_109' title='bbox 245 481 282 508; x_wconf 88' lang='lat' dir='ltr'>est</span> <span class='ocrx_word' id='word_1_110' title='bbox 295 479 371 507; x_wconf 83' lang='lat' dir='ltr'>fascia</span> <span class='ocrx_word' id='word_1_111' title='bbox 381 479 482 511; x_wconf 87' lang='lat' dir='ltr'>brevis,</span> <span class='ocrx_word' id='word_1_112' title='bbox 502 490 560 517; x_wconf 79' lang='lat' dir='ltr'>quae</span> <span class='ocrx_word' id='word_1_113' title='bbox 570 481 728 517; x_wconf 86' lang='lat' dir='ltr'>virginalem</span> <span class='ocrx_word' id='word_1_114' title='bbox 744 487 884 508; x_wconf 86' lang='lat' dir='ltr'>tumorem</span> <span class='ocrx_word' id='word_1_115' title='bbox 897 477 1005 507; x_wconf 88' lang='lat' dir='ltr'>cohibet</span> <span class='ocrx_word' id='word_1_116' title='bbox 1017 477 1183 514; x_wconf 71' lang='lat' dir='ltr'>papillarum.</span> <span class='ocrx_word' id='word_1_117' title='bbox 1210 480 1344 515; x_wconf 82' lang='lat' dir='ltr'>Turpilius</span> <span class='ocrx_word' id='word_1_118' title='bbox 1360 483 1526 518; x_wconf 84' lang='lat' dir='ltr'>Philopatro:</span> <span class='ocrx_word' id='word_1_119' title='bbox 1548 488 1593 510; x_wconf 83' lang='lat' dir='ltr'>Me</span> <span class='ocrx_word' id='word_1_120' title='bbox 1607 484 1677 518; x_wconf 82' lang='lat' dir='ltr'>mise.</span> 
     </span>
     <span class='ocr_line' id='line_1_11' title="bbox 91 513 1677 559; baseline 0.001 -15"><span class='ocrx_word' id='word_1_121' title='bbox 91 528 150 545; x_wconf 86' lang='lat' dir='ltr'>ram</span> <span class='ocrx_word' id='word_1_122' title='bbox 162 519 229 557; x_wconf 82' lang='lat' dir='ltr'>quid</span> <span class='ocrx_word' id='word_1_123' title='bbox 238 527 314 555; x_wconf 83' lang='lat' dir='ltr'>agam</span> <span class='ocrx_word' id='word_1_124' title='bbox 325 538 334 550; x_wconf 92' lang='lat'>‚</span> <span class='ocrx_word' id='word_1_125' title='bbox 353 517 421 545; x_wconf 82' lang='lat' dir='ltr'>inter</span> <span class='ocrx_word' id='word_1_126' title='bbox 434 517 488 545; x_wconf 74' lang='lat' dir='ltr'>vias</span> <span class='ocrx_word' id='word_1_127' title='bbox 501 517 599 556; x_wconf 78' lang='lat' dir='ltr'>epistola</span> <span class='ocrx_word' id='word_1_128' title='bbox 612 518 708 546; x_wconf 80' lang='lat' dir='ltr'>excidit</span> <span class='ocrx_word' id='word_1_129' title='bbox 721 517 799 550; x_wconf 76' lang='lat' dir='ltr'>mihi,</span> <span class='ocrx_word' id='word_1_130' title='bbox 819 517 909 553; x_wconf 60' lang='lat' dir='ltr'>infelix</span> <span class='ocrx_word' id='word_1_131' title='bbox 920 516 987 544; x_wconf 79' lang='lat' dir='ltr'>inter</span> <span class='ocrx_word' id='word_1_132' title='bbox 999 516 1139 543; x_wconf 70' lang='lat' dir='ltr'>tunnulam</span> <span class='ocrx_word' id='word_1_133' title='bbox 1147 535 1154 547; x_wconf 89' lang='lat'>,</span> <span class='ocrx_word' id='word_1_134' title='bbox 1173 513 1345 552; x_wconf 68' lang='lat' dir='ltr'>acstrophs‘um</span> <span class='ocrx_word' id='word_1_135' title='bbox 1358 521 1507 549; x_wconf 60' lang='lat' dir='ltr'>collocaram,</span> <span class='ocrx_word' id='word_1_136' title='bbox 1540 522 1610 550; x_wconf 80' lang='lat' dir='ltr'>Vide</span> <span class='ocrx_word' id='word_1_137' title='bbox 1623 521 1677 559; x_wconf 76' lang='lat' dir='ltr'>Ja-</span> 
     </span>
     <span class='ocr_line' id='line_1_12' title="bbox 82 555 1000 593; baseline -0.001 -11"><span class='ocrx_word' id='word_1_138' title='bbox 82 556 152 590; x_wconf 74' lang='lat' dir='ltr'>ftph.</span> <span class='ocrx_word' id='word_1_139' title='bbox 170 556 321 593; x_wconf 58' lang='lat' dir='ltr'>scaligerum</span> <span class='ocrx_word' id='word_1_140' title='bbox 337 556 526 592; x_wconf 69' lang='lat' dir='ltr'>Conjectaneis</span> <span class='ocrx_word' id='word_1_141' title='bbox 539 558 568 584; x_wconf 92' lang='lat' dir='ltr'>in</span> <span class='ocrx_word' id='word_1_142' title='bbox 581 560 733 585; x_wconf 86' lang='lat' dir='ltr'>Varronem</span> <span class='ocrx_word' id='word_1_143' title='bbox 749 557 781 584; x_wconf 87' lang='lat' dir='ltr'>de</span> <span class='ocrx_word' id='word_1_144' title='bbox 794 556 883 593; x_wconf 87' lang='lat' dir='ltr'>lingua</span> <span class='ocrx_word' id='word_1_145' title='bbox 899 555 1000 583; x_wconf 86' lang='lat' dir='ltr'>Latina.</span> 
     </span>
    </p>

    <p class='ocr_par' dir='ltr' id='par_1_4' title="bbox 88 593 1675 749">
     <span class='ocr_line' id='line_1_13' title="bbox 131 593 1673 632; baseline 0.005 -13"><span class='ocrx_word' id='word_1_146' title='bbox 131 597 216 625; x_wconf 76' lang='lat' dir='ltr'>Zonae,</span> <span class='ocrx_word' id='word_1_147' title='bbox 237 602 294 631; x_wconf 84' lang='lat' dir='ltr'>quae</span> <span class='ocrx_word' id='word_1_148' title='bbox 308 593 321 621; x_wconf 73' lang='grc' dir='ltr'>ὲ</span> <span class='ocrx_word' id='word_1_149' title='bbox 335 594 527 632; x_wconf 78' lang='lat' dir='ltr'>jurisconsulto</span> <span class='ocrx_word' id='word_1_150' title='bbox 541 595 623 624; x_wconf 88' lang='lat' dir='ltr'>etiam</span> <span class='ocrx_word' id='word_1_151' title='bbox 638 597 709 623; x_wconf 87' lang='lat' dir='ltr'>inter</span> <span class='ocrx_word' id='word_1_152' title='bbox 724 594 863 623; x_wconf 85' lang='lat' dir='ltr'>muliebria</span> <span class='ocrx_word' id='word_1_153' title='bbox 878 594 1035 621; x_wconf 81' lang='lat' dir='ltr'>vestimenta</span> <span class='ocrx_word' id='word_1_154' title='bbox 1048 598 1238 624; x_wconf 78' lang='lat' dir='ltr'>numerantur,</span> <span class='ocrx_word' id='word_1_155' title='bbox 1259 600 1349 625; x_wconf 83' lang='lat' dir='ltr'>erant,</span> <span class='ocrx_word' id='word_1_156' title='bbox 1371 595 1464 631; x_wconf 87' lang='lat' dir='ltr'>quibus</span> <span class='ocrx_word' id='word_1_157' title='bbox 1480 596 1531 625; x_wconf 73' lang='lat' dir='ltr'>,sese</span> <span class='ocrx_word' id='word_1_158' title='bbox 1546 597 1673 626; x_wconf 75' lang='lat' dir='ltr'>mulieres</span> 
     </span>
     <span class='ocr_line' id='line_1_14' title="bbox 93 630 1675 676; baseline 0.004 -18"><span class='ocrx_word' id='word_1_159' title='bbox 93 631 247 669; x_wconf 85' lang='lat' dir='ltr'>cingebant,</span> <span class='ocrx_word' id='word_1_160' title='bbox 267 631 304 659; x_wconf 83' lang='lat' dir='ltr'>fic</span> <span class='ocrx_word' id='word_1_161' title='bbox 317 632 394 660; x_wconf 61' lang='lat' dir='ltr'>dietae</span> <span class='ocrx_word' id='word_1_162' title='bbox 408 632 421 660; x_wconf 72' lang='lat' dir='ltr'>a</span> <span class='ocrx_word' id='word_1_163' title='bbox 435 634 531 660; x_wconf 80' lang='lat' dir='ltr'>Graeco</span> <span class='ocrx_word' id='word_1_164' title='bbox 546 634 629 661; x_wconf 89' lang='lat' dir='ltr'>verbo</span> <span class='ocrx_word' id='word_1_165' title='bbox 643 640 740 670; x_wconf 58' lang='lat' dir='ltr'>&lt;ni-ram,</span> <span class='ocrx_word' id='word_1_166' title='bbox 759 633 832 670; x_wconf 90' lang='lat' dir='ltr'>quod</span> <span class='ocrx_word' id='word_1_167' title='bbox 840 632 890 663; x_wconf 90' lang='lat' dir='ltr'>est,</span> <span class='ocrx_word' id='word_1_168' title='bbox 911 630 987 668; x_wconf 76' lang='lat' dir='ltr'>cingo.</span> <span class='ocrx_word' id='word_1_169' title='bbox 1007 633 1054 658; x_wconf 80' lang='lat' dir='ltr'>Hae</span> <span class='ocrx_word' id='word_1_170' title='bbox 1062 630 1114 658; x_wconf 83' lang='lat' dir='ltr'>alio</span> <span class='ocrx_word' id='word_1_171' title='bbox 1122 631 1235 658; x_wconf 89' lang='lat' dir='ltr'>nomine</span> <span class='ocrx_word' id='word_1_172' title='bbox 1243 631 1509 671; x_wconf 60' lang='lat' dir='ltr'>appellantur-cingula</span> <span class='ocrx_word' id='word_1_173' title='bbox 1518 656 1524 666; x_wconf 95' lang='lat'>‚</span> <span class='ocrx_word' id='word_1_174' title='bbox 1540 637 1675 676; x_wconf 89' lang='lat' dir='ltr'>dequibus</span> 
     </span>
     <span class='ocr_line' id='line_1_15' title="bbox 88 668 1674 712; baseline 0.003 -16"><span class='ocrx_word' id='word_1_175' title='bbox 88 672 165 696; x_wconf 80' lang='lat' dir='ltr'>Varro</span> <span class='ocrx_word' id='word_1_176' title='bbox 179 669 230 705; x_wconf 77' lang='lat' dir='ltr'>l.4.</span> <span class='ocrx_word' id='word_1_177' title='bbox 245 670 279 697; x_wconf 90' lang='lat' dir='ltr'>de</span> <span class='ocrx_word' id='word_1_178' title='bbox 290 669 356 707; x_wconf 85' lang='lat' dir='ltr'>ling.</span> <span class='ocrx_word' id='word_1_179' title='bbox 372 673 430 698; x_wconf 85' lang='lat' dir='ltr'>Lat.</span> <span class='ocrx_word' id='word_1_180' title='bbox 449 670 568 703; x_wconf 58' lang='lat' dir='ltr'>cincius,</span> <span class='ocrx_word' id='word_1_181' title='bbox 591 674 616 700; x_wconf 66' lang='grc' dir='ltr'>ὃς</span> <span class='ocrx_word' id='word_1_182' title='bbox 630 673 756 710; x_wconf 74' lang='lat' dir='ltr'>angulum</span> <span class='ocrx_word' id='word_1_183' title='bbox 769 671 783 698; x_wconf 74' lang='lat' dir='ltr'>a</span> <span class='ocrx_word' id='word_1_184' title='bbox 797 670 946 707; x_wconf 81' lang='lat' dir='ltr'>cingendo,</span> <span class='ocrx_word' id='word_1_185' title='bbox 967 669 1081 696; x_wconf 80' lang='lat' dir='ltr'>alterum</span> <span class='ocrx_word' id='word_1_186' title='bbox 1097 668 1252 697; x_wconf 81' lang='lat' dir='ltr'>mulieribus</span> <span class='ocrx_word' id='word_1_187' title='bbox 1265 669 1434 697; x_wconf 83' lang='lat' dir='ltr'>attributum.</span> <span class='ocrx_word' id='word_1_188' title='bbox 1454 673 1471 698; x_wconf 90' lang='lat' dir='ltr'>F</span> <span class='ocrx_word' id='word_1_189' title='bbox 1475 673 1553 701; x_wconf 76' lang='lat' dir='ltr'>estus:</span> <span class='ocrx_word' id='word_1_190' title='bbox 1568 674 1674 712; x_wconf 72' lang='lat' dir='ltr'>Cingula</span> 
     </span>
     <span class='ocr_line' id='line_1_16' title="bbox 90 707 842 749; baseline 0.003 -16"><span class='ocrx_word' id='word_1_191' title='bbox 90 717 155 734; x_wconf 73' lang='lat' dir='ltr'>mna</span> <span class='ocrx_word' id='word_1_192' title='bbox 169 716 247 742; x_wconf 79' lang='lat' dir='ltr'>nupta</span> <span class='ocrx_word' id='word_1_193' title='bbox 254 707 462 746; x_wconf 66' lang='lat' dir='ltr'>praecingebatur,</span> <span class='ocrx_word' id='word_1_194' title='bbox 481 710 550 749; x_wconf 81' lang='lat' dir='ltr'>quod</span> <span class='ocrx_word' id='word_1_195' title='bbox 560 709 600 736; x_wconf 75' lang='lat' dir='ltr'>vir</span> <span class='ocrx_word' id='word_1_196' title='bbox 614 709 643 738; x_wconf 77' lang='lat' dir='ltr'>in</span> <span class='ocrx_word' id='word_1_197' title='bbox 655 708 842 744; x_wconf 68' lang='lat' dir='ltr'>led‘r&#39;osblzrebat.</span> 
     </span>
    </p>

    <p class='ocr_par' dir='ltr' id='par_1_5' title="bbox 89 744 1672 821">
     <span class='ocr_line' id='line_1_17' title="bbox 128 744 1672 784; baseline 0.004 -12"><span class='ocrx_word' id='word_1_198' title='bbox 128 744 227 779; x_wconf 73' lang='lat' dir='ltr'>Mitrae,</span> <span class='ocrx_word' id='word_1_199' title='bbox 247 747 339 782; x_wconf 79' lang='lat' dir='ltr'>capitis</span> <span class='ocrx_word' id='word_1_200' title='bbox 352 755 511 776; x_wconf 83' lang='lat' dir='ltr'>ornamenta</span> <span class='ocrx_word' id='word_1_201' title='bbox 523 755 613 780; x_wconf 82' lang='lat' dir='ltr'>erant,</span> <span class='ocrx_word' id='word_1_202' title='bbox 633 747 788 778; x_wconf 81' lang='lat' dir='ltr'>mulieribus</span> <span class='ocrx_word' id='word_1_203' title='bbox 800 747 908 784; x_wconf 82' lang='lat' dir='ltr'>propria</span> <span class='ocrx_word' id='word_1_204' title='bbox 918 767 925 778; x_wconf 93' lang='lat'>,</span> <span class='ocrx_word' id='word_1_205' title='bbox 946 744 1179 783; x_wconf 74' lang='lat' dir='ltr'>quemadmodum</span> <span class='ocrx_word' id='word_1_206' title='bbox 1194 744 1330 774; x_wconf 66' lang='lat' dir='ltr'>Sei-viusin</span> <span class='ocrx_word' id='word_1_207' title='bbox 1340 757 1364 783; x_wconf 82' lang='lat'>9.</span> <span class='ocrx_word' id='word_1_208' title='bbox 1372 745 1417 774; x_wconf 88' lang='lat' dir='ltr'>lib.</span> <span class='ocrx_word' id='word_1_209' title='bbox 1427 747 1552 776; x_wconf 78' lang='lat' dir='ltr'>AEneidos</span> <span class='ocrx_word' id='word_1_210' title='bbox 1561 748 1672 779; x_wconf 77' lang='lat' dir='ltr'>inillum</span> 
     </span>
     <span class='ocr_line' id='line_1_18' title="bbox 89 782 328 821; baseline 0 -9"><span class='ocrx_word' id='word_1_211' title='bbox 89 782 195 812; x_wconf 87' lang='lat' dir='ltr'>versum</span> <span class='ocrx_word' id='word_1_212' title='bbox 210 785 328 821; x_wconf 78' lang='lat' dir='ltr'>Virgilii:</span> 
     </span>
    </p>

    <p class='ocr_par' dir='ltr' id='par_1_6' title="bbox 399 821 1190 861">
     <span class='ocr_line' id='line_1_19' title="bbox 399 821 1190 861; baseline -0.004 -10"><span class='ocrx_word' id='word_1_213' title='bbox 399 828 434 851; x_wconf 84' lang='lat' dir='ltr'>Et</span> <span class='ocrx_word' id='word_1_214' title='bbox 447 823 533 851; x_wconf 67' lang='lat' dir='ltr'>tunica</span> <span class='ocrx_word' id='word_1_215' title='bbox 545 822 672 854; x_wconf 82' lang='lat' dir='ltr'>manicas,</span> <span class='ocrx_word' id='word_1_216' title='bbox 692 823 733 857; x_wconf 56' lang='grc' dir='ltr'>ἐς</span> <span class='ocrx_word' id='word_1_217' title='bbox 745 823 837 851; x_wconf 80' lang='lat' dir='ltr'>habent</span> <span class='ocrx_word' id='word_1_218' title='bbox 850 821 996 850; x_wconf 79' lang='lat' dir='ltr'>redimicula</span> <span class='ocrx_word' id='word_1_219' title='bbox 1012 821 1104 852; x_wconf 62' lang='lat' dir='ltr'>mitra.</span> <span class='ocrx_word' id='word_1_220' title='bbox 1187 857 1190 861; x_wconf 39' lang='grc'><strong>,</strong></span> 
     </span>
    </p>

    <p class='ocr_par' dir='ltr' id='par_1_7' title="bbox 126 858 1382 898">
     <span class='ocr_line' id='line_1_20' title="bbox 126 858 1382 898; baseline 0.002 -12"><span class='ocrx_word' id='word_1_221' title='bbox 126 861 238 889; x_wconf 79' lang='lat' dir='ltr'>Scribit:</span> <span class='ocrx_word' id='word_1_222' title='bbox 260 860 345 893; x_wconf 72' lang='lat' dir='ltr'>pilea,</span> <span class='ocrx_word' id='word_1_223' title='bbox 365 863 464 898; x_wconf 84' lang='lat' dir='ltr'>inquit,</span> <span class='ocrx_word' id='word_1_224' title='bbox 484 861 544 889; x_wconf 85' lang='lat' dir='ltr'>sunt</span> <span class='ocrx_word' id='word_1_225' title='bbox 559 863 694 894; x_wconf 86' lang='lat' dir='ltr'>virorum,</span> <span class='ocrx_word' id='word_1_226' title='bbox 715 861 794 890; x_wconf 69' lang='lat' dir='ltr'>mitre.</span> <span class='ocrx_word' id='word_1_227' title='bbox 808 862 998 892; x_wconf 70' lang='lat' dir='ltr'>foeminarum,</span> <span class='ocrx_word' id='word_1_228' title='bbox 1020 870 1083 898; x_wconf 79' lang='lat' dir='ltr'>quas</span> <span class='ocrx_word' id='word_1_229' title='bbox 1096 858 1229 886; x_wconf 72' lang='lat' dir='ltr'>calamitas</span> <span class='ocrx_word' id='word_1_230' title='bbox 1241 859 1382 897; x_wconf 82' lang='lat' dir='ltr'>appellant.</span> 
     </span>
    </p>

    <p class='ocr_par' dir='ltr' id='par_1_8' title="bbox 85 898 1675 1089">
     <span class='ocr_line' id='line_1_21' title="bbox 126 898 1674 937; baseline 0.002 -11"><span class='ocrx_word' id='word_1_231' title='bbox 126 899 215 926; x_wconf 68' lang='lat' dir='ltr'>Calices</span> <span class='ocrx_word' id='word_1_232' title='bbox 228 898 381 936; x_wconf 67' lang='lat' dir='ltr'>Rhodiginus</span> <span class='ocrx_word' id='word_1_233' title='bbox 393 899 436 927; x_wconf 86' lang='lat' dir='ltr'>lib.</span> <span class='ocrx_word' id='word_1_234' title='bbox 451 902 490 927; x_wconf 84' lang='lat'>16.</span> <span class='ocrx_word' id='word_1_235' title='bbox 506 901 597 937; x_wconf 87' lang='lat' dir='ltr'>Antiq.</span> <span class='ocrx_word' id='word_1_236' title='bbox 609 900 672 928; x_wconf 65' lang='lat' dir='ltr'>lect.</span> <span class='ocrx_word' id='word_1_237' title='bbox 685 910 708 928; x_wconf 88' lang='lat' dir='ltr'>c.</span> <span class='ocrx_word' id='word_1_238' title='bbox 723 910 764 928; x_wconf 83' lang='lat'>10.</span> <span class='ocrx_word' id='word_1_239' title='bbox 778 910 810 928; x_wconf 88' lang='lat' dir='ltr'>ex</span> <span class='ocrx_word' id='word_1_240' title='bbox 824 899 949 935; x_wconf 82' lang='lat' dir='ltr'>Euripide</span> <span class='ocrx_word' id='word_1_241' title='bbox 962 901 988 927; x_wconf 58' lang='grc' dir='ltr'>ἔκ·</span> <span class='ocrx_word' id='word_1_242' title='bbox 1002 899 1145 926; x_wconf 86' lang='lat' dir='ltr'>Herodoto</span> <span class='ocrx_word' id='word_1_243' title='bbox 1159 898 1240 926; x_wconf 92' lang='lat' dir='ltr'>docet</span> <span class='ocrx_word' id='word_1_244' title='bbox 1251 919 1259 930; x_wconf 94' lang='lat'>,</span> <span class='ocrx_word' id='word_1_245' title='bbox 1285 899 1395 926; x_wconf 79' lang='lat' dir='ltr'>mitram</span> <span class='ocrx_word' id='word_1_246' title='bbox 1407 899 1460 927; x_wconf 81' lang='lat' dir='ltr'>effe</span> <span class='ocrx_word' id='word_1_247' title='bbox 1474 908 1557 937; x_wconf 87' lang='lat' dir='ltr'>genus</span> <span class='ocrx_word' id='word_1_248' title='bbox 1573 901 1674 934; x_wconf 65' lang='lat' dir='ltr'>fastiaeg</span> 
     </span>
     <span class='ocr_line' id='line_1_22' title="bbox 87 935 1673 976; baseline 0.002 -11"><span class='ocrx_word' id='word_1_249' title='bbox 87 937 142 965; x_wconf 81' lang='lat' dir='ltr'>five</span> <span class='ocrx_word' id='word_1_250' title='bbox 154 935 242 967; x_wconf 71' lang='lat' dir='ltr'>unia,</span> <span class='ocrx_word' id='word_1_251' title='bbox 261 946 315 974; x_wconf 90' lang='lat' dir='ltr'>quo</span> <span class='ocrx_word' id='word_1_252' title='bbox 328 946 406 974; x_wconf 85' lang='lat' dir='ltr'>caput</span> <span class='ocrx_word' id='word_1_253' title='bbox 420 937 598 975; x_wconf 74' lang='lat' dir='ltr'>obligaretur,</span> <span class='ocrx_word' id='word_1_254' title='bbox 621 940 647 967; x_wconf 72' lang='grc' dir='ltr'>δε</span> <span class='ocrx_word' id='word_1_255' title='bbox 662 938 767 975; x_wconf 89' lang='lat' dir='ltr'>subjicit</span> <span class='ocrx_word' id='word_1_256' title='bbox 780 938 831 966; x_wconf 80' lang='lat' dir='ltr'>effe</span> <span class='ocrx_word' id='word_1_257' title='bbox 844 937 988 976; x_wconf 86' lang='lat' dir='ltr'>quosdam,</span> <span class='ocrx_word' id='word_1_258' title='bbox 1008 939 1054 974; x_wconf 88' lang='lat' dir='ltr'>qui</span> <span class='ocrx_word' id='word_1_259' title='bbox 1069 936 1102 964; x_wconf 85' lang='lat' dir='ltr'>fic</span> <span class='ocrx_word' id='word_1_260' title='bbox 1118 936 1226 967; x_wconf 83' lang='lat' dir='ltr'>finiant,</span> <span class='ocrx_word' id='word_1_261' title='bbox 1247 945 1279 964; x_wconf 81' lang='lat' dir='ltr'>ex</span> <span class='ocrx_word' id='word_1_262' title='bbox 1295 936 1406 965; x_wconf 85' lang='lat' dir='ltr'>fascibus</span> <span class='ocrx_word' id='word_1_263' title='bbox 1413 939 1555 975; x_wconf 78' lang='lat' dir='ltr'>orariisque</span> <span class='ocrx_word' id='word_1_264' title='bbox 1563 941 1673 968; x_wconf 87' lang='lat' dir='ltr'>concin-</span> 
     </span>
     <span class='ocr_line' id='line_1_23' title="bbox 87 973 1674 1014; baseline 0.001 -11"><span class='ocrx_word' id='word_1_265' title='bbox 87 984 161 1003; x_wconf 79' lang='lat' dir='ltr'>natas</span> <span class='ocrx_word' id='word_1_266' title='bbox 174 975 283 1003; x_wconf 83' lang='lat' dir='ltr'>corollas</span> <span class='ocrx_word' id='word_1_267' title='bbox 297 975 350 1003; x_wconf 91' lang='lat' dir='ltr'>dici</span> <span class='ocrx_word' id='word_1_268' title='bbox 363 975 468 1007; x_wconf 74' lang='lat' dir='ltr'>mitras,</span> <span class='ocrx_word' id='word_1_269' title='bbox 490 985 604 1013; x_wconf 84' lang='lat' dir='ltr'>eamque</span> <span class='ocrx_word' id='word_1_270' title='bbox 617 977 823 1014; x_wconf 83' lang='lat' dir='ltr'>appellationem</span> <span class='ocrx_word' id='word_1_271' title='bbox 838 975 958 1004; x_wconf 81' lang='lat' dir='ltr'>inclinari</span> <span class='ocrx_word' id='word_1_272' title='bbox 973 974 987 1002; x_wconf 74' lang='grc' dir='ltr'>ὲ</span> <span class='ocrx_word' id='word_1_273' title='bbox 999 982 1097 1010; x_wconf 47' lang='lat' dir='ltr'>(Aron</span> <span class='ocrx_word' id='word_1_274' title='bbox 1116 974 1189 1011; x_wconf 90' lang='lat' dir='ltr'>quod</span> <span class='ocrx_word' id='word_1_275' title='bbox 1197 973 1277 1010; x_wconf 87' lang='lat' dir='ltr'>filum</span> <span class='ocrx_word' id='word_1_276' title='bbox 1290 974 1339 1001; x_wconf 89' lang='lat' dir='ltr'>est:</span> <span class='ocrx_word' id='word_1_277' title='bbox 1360 984 1438 1013; x_wconf 82' lang='lat' dir='ltr'>arque</span> <span class='ocrx_word' id='word_1_278' title='bbox 1453 978 1534 1004; x_wconf 88' lang='lat' dir='ltr'>etiam</span> <span class='ocrx_word' id='word_1_279' title='bbox 1543 986 1576 1004; x_wconf 88' lang='lat' dir='ltr'>eo</span> <span class='ocrx_word' id='word_1_280' title='bbox 1583 979 1674 1006; x_wconf 81' lang='lat' dir='ltr'>nomi-</span> 
     </span>
     <span class='ocr_line' id='line_1_24' title="bbox 87 1012 1673 1052; baseline 0.001 -10"><span class='ocrx_word' id='word_1_281' title='bbox 87 1023 121 1042; x_wconf 90' lang='lat' dir='ltr'>ne</span> <span class='ocrx_word' id='word_1_282' title='bbox 133 1013 186 1041; x_wconf 82' lang='lat' dir='ltr'>dici</span> <span class='ocrx_word' id='word_1_283' title='bbox 199 1023 308 1045; x_wconf 70' lang='lat' dir='ltr'>zonam,</span> <span class='ocrx_word' id='word_1_284' title='bbox 328 1014 362 1041; x_wconf 91' lang='lat' dir='ltr'>de</span> <span class='ocrx_word' id='word_1_285' title='bbox 376 1023 426 1051; x_wconf 89' lang='lat' dir='ltr'>qua</span> <span class='ocrx_word' id='word_1_286' title='bbox 439 1014 518 1050; x_wconf 85' lang='lat' dir='ltr'>paulo</span> <span class='ocrx_word' id='word_1_287' title='bbox 532 1013 603 1045; x_wconf 79' lang='lat' dir='ltr'>ante.</span> <span class='ocrx_word' id='word_1_288' title='bbox 623 1015 770 1047; x_wconf 75' lang='lat' dir='ltr'>Calantica,</span> <span class='ocrx_word' id='word_1_289' title='bbox 789 1016 876 1052; x_wconf 84' lang='lat' dir='ltr'>inquit</span> <span class='ocrx_word' id='word_1_290' title='bbox 890 1012 1002 1045; x_wconf 68' lang='lat' dir='ltr'>Nonius.</span> <span class='ocrx_word' id='word_1_291' title='bbox 1023 1014 1059 1040; x_wconf 83' lang='lat' dir='ltr'>est</span> <span class='ocrx_word' id='word_1_292' title='bbox 1067 1019 1180 1050; x_wconf 84' lang='lat' dir='ltr'>tegmen</span> <span class='ocrx_word' id='word_1_293' title='bbox 1189 1012 1333 1044; x_wconf 73' lang='lat' dir='ltr'>muliebre,</span> <span class='ocrx_word' id='word_1_294' title='bbox 1354 1014 1426 1050; x_wconf 89' lang='lat' dir='ltr'>quod</span> <span class='ocrx_word' id='word_1_295' title='bbox 1433 1016 1511 1052; x_wconf 86' lang='lat' dir='ltr'>capiti</span> <span class='ocrx_word' id='word_1_296' title='bbox 1519 1016 1673 1044; x_wconf 62' lang='lat' dir='ltr'>innectitur.</span> 
     </span>
     <span class='ocr_line' id='line_1_25' title="bbox 85 1044 1675 1089; baseline 0.003 -11"><span class='ocrx_word' id='word_1_297' title='bbox 85 1056 186 1079; x_wconf 75' lang='lat' dir='ltr'>Marcus</span> <span class='ocrx_word' id='word_1_298' title='bbox 199 1044 298 1078; x_wconf 56' lang='lat' dir='ltr'>Tullizis</span> <span class='ocrx_word' id='word_1_299' title='bbox 311 1053 338 1079; x_wconf 87' lang='lat' dir='ltr'>in</span> <span class='ocrx_word' id='word_1_300' title='bbox 353 1053 497 1080; x_wconf 88' lang='lat' dir='ltr'>Clodium:</span> <span class='ocrx_word' id='word_1_301' title='bbox 518 1055 614 1085; x_wconf 90' lang='lat' dir='ltr'>Tune,</span> <span class='ocrx_word' id='word_1_302' title='bbox 634 1063 695 1082; x_wconf 90' lang='lat' dir='ltr'>cum</span> <span class='ocrx_word' id='word_1_303' title='bbox 711 1055 876 1082; x_wconf 84' lang='lat' dir='ltr'>vincirentur</span> <span class='ocrx_word' id='word_1_304' title='bbox 888 1052 969 1089; x_wconf 86' lang='lat' dir='ltr'>pedes</span> <span class='ocrx_word' id='word_1_305' title='bbox 983 1051 1080 1081; x_wconf 75' lang='lat' dir='ltr'>fasciis,</span> <span class='ocrx_word' id='word_1_306' title='bbox 1103 1059 1164 1078; x_wconf 84' lang='lat' dir='ltr'>curn</span> <span class='ocrx_word' id='word_1_307' title='bbox 1178 1049 1329 1077; x_wconf 80' lang='lat' dir='ltr'>calanticam</span> <span class='ocrx_word' id='word_1_308' title='bbox 1343 1053 1424 1088; x_wconf 86' lang='lat' dir='ltr'>capiti</span> <span class='ocrx_word' id='word_1_309' title='bbox 1434 1054 1675 1082; x_wconf 84' lang='lat' dir='ltr'>accommodares?</span> 
     </span>
    </p>

    <p class='ocr_par' dir='ltr' id='par_1_9' title="bbox 86 1087 1671 1167">
     <span class='ocr_line' id='line_1_26' title="bbox 126 1087 1671 1130; baseline 0.003 -14"><span class='ocrx_word' id='word_1_310' title='bbox 126 1089 236 1126; x_wconf 66' lang='lat' dir='ltr'>plagula</span> <span class='ocrx_word' id='word_1_311' title='bbox 250 1090 446 1119; x_wconf 72' lang='lat' dir='ltr'>diminutivum</span> <span class='ocrx_word' id='word_1_312' title='bbox 461 1092 474 1118; x_wconf 73' lang='lat' dir='ltr'>a</span> <span class='ocrx_word' id='word_1_313' title='bbox 486 1090 563 1128; x_wconf 83' lang='lat' dir='ltr'>plaga</span> <span class='ocrx_word' id='word_1_314' title='bbox 574 1112 581 1124; x_wconf 82' lang='lat'>,</span> <span class='ocrx_word' id='word_1_315' title='bbox 607 1092 640 1120; x_wconf 92' lang='lat' dir='ltr'>de</span> <span class='ocrx_word' id='word_1_316' title='bbox 653 1102 704 1130; x_wconf 87' lang='lat' dir='ltr'>qua</span> <span class='ocrx_word' id='word_1_317' title='bbox 717 1093 753 1120; x_wconf 87' lang='lat' dir='ltr'>ita</span> <span class='ocrx_word' id='word_1_318' title='bbox 767 1091 862 1119; x_wconf 79' lang='lat' dir='ltr'>Nonius</span> <span class='ocrx_word' id='word_1_319' title='bbox 876 1103 883 1117; x_wconf 89' lang='lat'><em>:</em></span> <span class='ocrx_word' id='word_1_320' title='bbox 913 1090 997 1127; x_wconf 77' lang='lat' dir='ltr'>Plagae</span> <span class='ocrx_word' id='word_1_321' title='bbox 1011 1089 1110 1126; x_wconf 81' lang='lat' dir='ltr'>grande</span> <span class='ocrx_word' id='word_1_322' title='bbox 1126 1087 1239 1116; x_wconf 75' lang='lat' dir='ltr'>linteum</span> <span class='ocrx_word' id='word_1_323' title='bbox 1253 1096 1366 1126; x_wconf 88' lang='lat' dir='ltr'>tegmen</span> <span class='ocrx_word' id='word_1_324' title='bbox 1377 1109 1385 1120; x_wconf 91' lang='grc'><strong><em>,</em></strong></span> <span class='ocrx_word' id='word_1_325' title='bbox 1405 1092 1478 1127; x_wconf 87' lang='lat' dir='ltr'>quod</span> <span class='ocrx_word' id='word_1_326' title='bbox 1493 1101 1563 1120; x_wconf 91' lang='lat' dir='ltr'>nunc</span> <span class='ocrx_word' id='word_1_327' title='bbox 1575 1093 1671 1126; x_wconf 81' lang='lat' dir='ltr'>torale,</span> 
     </span>
     <span class='ocr_line' id='line_1_27' title="bbox 86 1126 1083 1167; baseline -0.001 -11"><span class='ocrx_word' id='word_1_328' title='bbox 86 1128 129 1156; x_wconf 89' lang='lat' dir='ltr'>vel</span> <span class='ocrx_word' id='word_1_329' title='bbox 141 1126 427 1167; x_wconf 68' lang='lat' dir='ltr'>leHuariumfhadonem</span> <span class='ocrx_word' id='word_1_330' title='bbox 440 1129 570 1162; x_wconf 73' lang='lat' dir='ltr'>dicimus,</span> <span class='ocrx_word' id='word_1_331' title='bbox 590 1139 704 1167; x_wconf 85' lang='lat' dir='ltr'>quarum</span> <span class='ocrx_word' id='word_1_332' title='bbox 718 1130 913 1159; x_wconf 84' lang='lat' dir='ltr'>diminutivum</span> <span class='ocrx_word' id='word_1_333' title='bbox 929 1130 964 1156; x_wconf 87' lang='lat' dir='ltr'>cst</span> <span class='ocrx_word' id='word_1_334' title='bbox 971 1127 1083 1166; x_wconf 64' lang='lat' dir='ltr'>plrgulae.</span> 
     </span>
    </p>

    <p class='ocr_par' dir='ltr' id='par_1_10' title="bbox 83 1164 1672 1395">
     <span class='ocr_line' id='line_1_28' title="bbox 125 1164 1672 1205; baseline 0.001 -11"><span class='ocrx_word' id='word_1_335' title='bbox 125 1167 167 1194; x_wconf 88' lang='lat' dir='ltr'>De</span> <span class='ocrx_word' id='word_1_336' title='bbox 180 1166 274 1200; x_wconf 70' lang='lat' dir='ltr'>penula</span> <span class='ocrx_word' id='word_1_337' title='bbox 293 1166 374 1203; x_wconf 74' lang='lat' dir='ltr'>paulo</span> <span class='ocrx_word' id='word_1_338' title='bbox 388 1170 450 1195; x_wconf 78' lang='lat' dir='ltr'>ante</span> <span class='ocrx_word' id='word_1_339' title='bbox 464 1168 596 1200; x_wconf 80' lang='lat' dir='ltr'>diximus,</span> <span class='ocrx_word' id='word_1_340' title='bbox 617 1178 673 1205; x_wconf 82' lang='lat' dir='ltr'>quae</span> <span class='ocrx_word' id='word_1_341' title='bbox 688 1169 809 1197; x_wconf 86' lang='lat' dir='ltr'>virorum</span> <span class='ocrx_word' id='word_1_342' title='bbox 824 1170 850 1196; x_wconf 70' lang='grc' dir='ltr'>δε</span> <span class='ocrx_word' id='word_1_343' title='bbox 863 1166 1009 1194; x_wconf 89' lang='lat' dir='ltr'>mulierum</span> <span class='ocrx_word' id='word_1_344' title='bbox 1023 1165 1179 1196; x_wconf 78' lang='lat' dir='ltr'>communis</span> <span class='ocrx_word' id='word_1_345' title='bbox 1189 1164 1255 1205; x_wconf 70' lang='lat' dir='ltr'>⁴fuit:</span> <span class='ocrx_word' id='word_1_346' title='bbox 1274 1165 1319 1193; x_wconf 87' lang='lat' dir='ltr'>hic</span> <span class='ocrx_word' id='word_1_347' title='bbox 1331 1174 1423 1194; x_wconf 81' lang='lat' dir='ltr'>tamen</span> <span class='ocrx_word' id='word_1_348' title='bbox 1437 1167 1484 1194; x_wconf 91' lang='lat' dir='ltr'>1C.</span> <span class='ocrx_word' id='word_1_349' title='bbox 1499 1168 1569 1196; x_wconf 83' lang='lat' dir='ltr'>inter</span> <span class='ocrx_word' id='word_1_350' title='bbox 1582 1168 1672 1196; x_wconf 86' lang='lat' dir='ltr'>mulie-</span> 
     </span>
     <span class='ocr_line' id='line_1_29' title="bbox 84 1202 1672 1242; baseline 0.001 -12"><span class='ocrx_word' id='word_1_351' title='bbox 84 1203 141 1230; x_wconf 79' lang='lat' dir='ltr'>bria</span> <span class='ocrx_word' id='word_1_352' title='bbox 154 1203 309 1240; x_wconf 83' lang='lat' dir='ltr'>simpliciter</span> <span class='ocrx_word' id='word_1_353' title='bbox 321 1207 406 1242; x_wconf 86' lang='lat' dir='ltr'>ponit.</span> <span class='ocrx_word' id='word_1_354' title='bbox 438 1205 516 1232; x_wconf 72' lang='lat' dir='ltr'>AElms</span> <span class='ocrx_word' id='word_1_355' title='bbox 527 1206 687 1240; x_wconf 76' lang='lat' dir='ltr'>Lampmdius</span> <span class='ocrx_word' id='word_1_356' title='bbox 702 1207 729 1234; x_wconf 88' lang='lat' dir='ltr'>in</span> <span class='ocrx_word' id='word_1_357' title='bbox 744 1208 799 1234; x_wconf 84' lang='lat' dir='ltr'>vita</span> <span class='ocrx_word' id='word_1_358' title='bbox 812 1205 955 1233; x_wconf 81' lang='lat' dir='ltr'>Alexandri</span> <span class='ocrx_word' id='word_1_359' title='bbox 969 1204 1058 1231; x_wconf 87' lang='lat' dir='ltr'>Severi</span> <span class='ocrx_word' id='word_1_360' title='bbox 1074 1214 1079 1230; x_wconf 92' lang='lat'>:</span> <span class='ocrx_word' id='word_1_361' title='bbox 1097 1202 1204 1242; x_wconf 52' lang='grc' dir='ltr'>ΔΙῖεηαίιῑ</span> <span class='ocrx_word' id='word_1_362' title='bbox 1219 1203 1333 1240; x_wconf 83' lang='lat' dir='ltr'>(inquit)</span> <span class='ocrx_word' id='word_1_363' title='bbox 1347 1213 1377 1232; x_wconf 90' lang='lat' dir='ltr'>ut</span> <span class='ocrx_word' id='word_1_364' title='bbox 1390 1204 1498 1241; x_wconf 71' lang='lat' dir='ltr'>frigoris</span> <span class='ocrx_word' id='word_1_365' title='bbox 1511 1206 1586 1234; x_wconf 69' lang='lat' dir='ltr'>caula</span> <span class='ocrx_word' id='word_1_366' title='bbox 1599 1206 1672 1235; x_wconf 82' lang='lat' dir='ltr'>senes</span> 
     </span>
     <span class='ocr_line' id='line_1_30' title="bbox 83 1241 1668 1281; baseline 0.003 -13"><span class='ocrx_word' id='word_1_367' title='bbox 83 1242 152 1269; x_wconf 87' lang='lat' dir='ltr'>intra</span> <span class='ocrx_word' id='word_1_368' title='bbox 164 1241 260 1269; x_wconf 88' lang='lat' dir='ltr'>urbem</span> <span class='ocrx_word' id='word_1_369' title='bbox 272 1251 424 1277; x_wconf 83' lang='lat' dir='ltr'>uterentur,</span> <span class='ocrx_word' id='word_1_370' title='bbox 444 1243 576 1279; x_wconf 75' lang='lat' dir='ltr'>permisit:</span> <span class='ocrx_word' id='word_1_371' title='bbox 598 1243 659 1271; x_wconf 76' lang='lat' dir='ltr'>curn</span> <span class='ocrx_word' id='word_1_372' title='bbox 673 1245 700 1272; x_wconf 88' lang='lat' dir='ltr'>id</span> <span class='ocrx_word' id='word_1_373' title='bbox 714 1244 864 1271; x_wconf 82' lang='lat' dir='ltr'>vestimenti</span> <span class='ocrx_word' id='word_1_374' title='bbox 878 1252 962 1281; x_wconf 87' lang='lat' dir='ltr'>genus</span> <span class='ocrx_word' id='word_1_375' title='bbox 975 1241 1079 1278; x_wconf 84' lang='lat' dir='ltr'>semper</span> <span class='ocrx_word' id='word_1_376' title='bbox 1090 1248 1267 1272; x_wconf 66' lang='lat' dir='ltr'>itinerarium,</span> <span class='ocrx_word' id='word_1_377' title='bbox 1288 1249 1333 1269; x_wconf 86' lang='lat' dir='ltr'>aut</span> <span class='ocrx_word' id='word_1_378' title='bbox 1345 1242 1440 1278; x_wconf 80' lang='lat' dir='ltr'>pluviae</span> <span class='ocrx_word' id='word_1_379' title='bbox 1448 1241 1542 1271; x_wconf 76' lang='lat' dir='ltr'>fuitset.</span> <span class='ocrx_word' id='word_1_380' title='bbox 1565 1246 1668 1272; x_wconf 82' lang='lat' dir='ltr'>Matro-</span> 
     </span>
     <span class='ocr_line' id='line_1_31' title="bbox 85 1279 1672 1317; baseline 0.003 -11"><span class='ocrx_word' id='word_1_381' title='bbox 85 1289 131 1307; x_wconf 82' lang='lat' dir='ltr'>nas</span> <span class='ocrx_word' id='word_1_382' title='bbox 146 1287 238 1307; x_wconf 84' lang='lat' dir='ltr'>tamen</span> <span class='ocrx_word' id='word_1_383' title='bbox 251 1282 320 1309; x_wconf 79' lang='lat' dir='ltr'>intra</span> <span class='ocrx_word' id='word_1_384' title='bbox 334 1281 430 1308; x_wconf 86' lang='lat' dir='ltr'>urbem</span> <span class='ocrx_word' id='word_1_385' title='bbox 442 1280 540 1314; x_wconf 77' lang='lat' dir='ltr'>penulis</span> <span class='ocrx_word' id='word_1_386' title='bbox 550 1282 589 1309; x_wconf 91' lang='lat' dir='ltr'>uti</span> <span class='ocrx_word' id='word_1_387' title='bbox 604 1283 702 1315; x_wconf 89' lang='lat' dir='ltr'>vetuit,</span> <span class='ocrx_word' id='word_1_388' title='bbox 721 1283 748 1310; x_wconf 89' lang='lat' dir='ltr'>in</span> <span class='ocrx_word' id='word_1_389' title='bbox 763 1282 858 1310; x_wconf 82' lang='lat' dir='ltr'>itinere</span> <span class='ocrx_word' id='word_1_390' title='bbox 870 1280 997 1317; x_wconf 89' lang='lat' dir='ltr'>permifit.</span> <span class='ocrx_word' id='word_1_391' title='bbox 1017 1280 1151 1307; x_wconf 63' lang='lat' dir='ltr'>Hafssenus</span> <span class='ocrx_word' id='word_1_392' title='bbox 1167 1279 1201 1306; x_wconf 85' lang='lat' dir='ltr'>de</span> <span class='ocrx_word' id='word_1_393' title='bbox 1214 1279 1244 1306; x_wconf 81' lang='lat' dir='ltr'>iis</span> <span class='ocrx_word' id='word_1_394' title='bbox 1253 1280 1424 1307; x_wconf 84' lang='lat' dir='ltr'>muliebrium</span> <span class='ocrx_word' id='word_1_395' title='bbox 1433 1281 1543 1307; x_wconf 82' lang='lat' dir='ltr'>vestium</span> <span class='ocrx_word' id='word_1_396' title='bbox 1552 1283 1672 1311; x_wconf 82' lang='lat' dir='ltr'>nomini-</span> 
     </span>
     <span class='ocr_line' id='line_1_32' title="bbox 84 1317 1669 1357; baseline 0.001 -12"><span class='ocrx_word' id='word_1_397' title='bbox 84 1318 132 1345; x_wconf 85' lang='lat' dir='ltr'>bus</span> <span class='ocrx_word' id='word_1_398' title='bbox 152 1317 283 1351; x_wconf 86' lang='lat' dir='ltr'>diximus,</span> <span class='ocrx_word' id='word_1_399' title='bbox 304 1329 417 1356; x_wconf 86' lang='lat' dir='ltr'>quarum</span> <span class='ocrx_word' id='word_1_400' title='bbox 438 1318 558 1353; x_wconf 77' lang='lat' dir='ltr'>Ulpianus</span> <span class='ocrx_word' id='word_1_401' title='bbox 578 1320 714 1348; x_wconf 87' lang='lat' dir='ltr'>meminit:</span> <span class='ocrx_word' id='word_1_402' title='bbox 736 1320 830 1357; x_wconf 87' lang='lat' dir='ltr'>quibus</span> <span class='ocrx_word' id='word_1_403' title='bbox 846 1320 927 1347; x_wconf 87' lang='lat' dir='ltr'>etiam</span> <span class='ocrx_word' id='word_1_404' title='bbox 942 1328 972 1346; x_wconf 81' lang='lat' dir='ltr'>ea</span> <span class='ocrx_word' id='word_1_405' title='bbox 983 1319 1154 1354; x_wconf 79' lang='lat' dir='ltr'>adjiciemus,</span> <span class='ocrx_word' id='word_1_406' title='bbox 1175 1325 1234 1353; x_wconf 79' lang='lat' dir='ltr'>quae</span> <span class='ocrx_word' id='word_1_407' title='bbox 1248 1319 1317 1354; x_wconf 83' lang='lat' dir='ltr'>apud</span> <span class='ocrx_word' id='word_1_408' title='bbox 1331 1317 1440 1345; x_wconf 80' lang='lat' dir='ltr'>Nonium</span> <span class='ocrx_word' id='word_1_409' title='bbox 1453 1319 1618 1352; x_wconf 77' lang='lat' dir='ltr'>Marcellum,</span> <span class='ocrx_word' id='word_1_410' title='bbox 1641 1323 1669 1350; x_wconf 83' lang='lat'>&amp;</span> 
     </span>
     <span class='ocr_line' id='line_1_33' title="bbox 85 1356 1349 1395; baseline -0.001 -12"><span class='ocrx_word' id='word_1_411' title='bbox 85 1356 150 1384; x_wconf 80' lang='lat' dir='ltr'>alios</span> <span class='ocrx_word' id='word_1_412' title='bbox 165 1364 270 1389; x_wconf 81' lang='lat' dir='ltr'>extant,</span> <span class='ocrx_word' id='word_1_413' title='bbox 291 1367 443 1395; x_wconf 73' lang='lat' dir='ltr'>quanquam</span> <span class='ocrx_word' id='word_1_414' title='bbox 459 1358 652 1385; x_wconf 87' lang='lat' dir='ltr'>nonnullorum</span> <span class='ocrx_word' id='word_1_415' title='bbox 667 1359 723 1393; x_wconf 85' lang='lat' dir='ltr'>jam</span> <span class='ocrx_word' id='word_1_416' title='bbox 739 1367 800 1386; x_wconf 84' lang='lat' dir='ltr'>ante</span> <span class='ocrx_word' id='word_1_417' title='bbox 814 1358 981 1385; x_wconf 86' lang='lat' dir='ltr'>mentionem</span> <span class='ocrx_word' id='word_1_418' title='bbox 996 1356 1147 1395; x_wconf 80' lang='lat' dir='ltr'>fecerimus.</span> <span class='ocrx_word' id='word_1_419' title='bbox 1226 1391 1229 1394; x_wconf 91' lang='lat'>.</span> <span class='ocrx_word' id='word_1_420' title='bbox 1345 1391 1349 1395; x_wconf 32' lang='grc' dir='ltr'>ι</span> 
     </span>
    </p>

    <p class='ocr_par' dir='ltr' id='par_1_11' title="bbox 79 1392 1671 1654">
     <span class='ocr_line' id='line_1_34' title="bbox 121 1392 1671 1432; baseline 0.002 -13"><span class='ocrx_word' id='word_1_421' title='bbox 121 1393 266 1422; x_wconf 83' lang='lat' dir='ltr'>Reticulum</span> <span class='ocrx_word' id='word_1_422' title='bbox 278 1416 286 1427; x_wconf 87' lang='lat'>‚</span> <span class='ocrx_word' id='word_1_423' title='bbox 314 1403 425 1432; x_wconf 83' lang='lat' dir='ltr'>tegmen</span> <span class='ocrx_word' id='word_1_424' title='bbox 438 1396 532 1431; x_wconf 83' lang='lat' dir='ltr'>capitis</span> <span class='ocrx_word' id='word_1_425' title='bbox 546 1396 686 1423; x_wconf 84' lang='lat' dir='ltr'>muliebre.</span> <span class='ocrx_word' id='word_1_426' title='bbox 720 1399 806 1423; x_wconf 78' lang='lat' dir='ltr'>Varro</span> <span class='ocrx_word' id='word_1_427' title='bbox 820 1394 997 1432; x_wconf 75' lang='lat' dir='ltr'>Sequiulyss‘e:</span> <span class='ocrx_word' id='word_1_428' title='bbox 1025 1394 1154 1428; x_wconf 59' lang='lat' dir='ltr'>Szgljiena&#39;tt</span> <span class='ocrx_word' id='word_1_429' title='bbox 1168 1392 1272 1420; x_wconf 64' lang='lat' dir='ltr'>Laribus</span> <span class='ocrx_word' id='word_1_430' title='bbox 1283 1403 1394 1420; x_wconf 70' lang='lat' dir='ltr'>marinas</span> <span class='ocrx_word' id='word_1_431' title='bbox 1408 1393 1502 1421; x_wconf 82' lang='lat' dir='ltr'>molleis</span> <span class='ocrx_word' id='word_1_432' title='bbox 1509 1395 1590 1429; x_wconf 74' lang='lat' dir='ltr'>pilas,</span> <span class='ocrx_word' id='word_1_433' title='bbox 1609 1396 1671 1425; x_wconf 83' lang='lat' dir='ltr'>reti.</span> 
     </span>
     <span class='ocr_line' id='line_1_35' title="bbox 82 1430 1671 1472; baseline 0.003 -14"><span class='ocrx_word' id='word_1_434' title='bbox 82 1431 154 1464; x_wconf 84' lang='lat' dir='ltr'>cula,</span> <span class='ocrx_word' id='word_1_435' title='bbox 174 1441 204 1459; x_wconf 84' lang='lat' dir='ltr'>ac</span> <span class='ocrx_word' id='word_1_436' title='bbox 209 1430 328 1469; x_wconf 83' lang='lat' dir='ltr'>strophia.</span> <span class='ocrx_word' id='word_1_437' title='bbox 350 1434 408 1461; x_wconf 73' lang='lat' dir='ltr'>Cic,</span> <span class='ocrx_word' id='word_1_438' title='bbox 426 1434 453 1461; x_wconf 89' lang='lat' dir='ltr'>in</span> <span class='ocrx_word' id='word_1_439' title='bbox 469 1443 493 1468; x_wconf 92' lang='lat'>7.</span> <span class='ocrx_word' id='word_1_440' title='bbox 508 1434 635 1462; x_wconf 82' lang='lat' dir='ltr'>Verrina:</span> <span class='ocrx_word' id='word_1_441' title='bbox 655 1433 713 1470; x_wconf 79' lang='lat' dir='ltr'>Ipse</span> <span class='ocrx_word' id='word_1_442' title='bbox 727 1442 816 1461; x_wconf 83' lang='lat' dir='ltr'>autem</span> <span class='ocrx_word' id='word_1_443' title='bbox 831 1442 960 1461; x_wconf 85' lang='lat' dir='ltr'>coronam</span> <span class='ocrx_word' id='word_1_444' title='bbox 975 1432 1087 1460; x_wconf 82' lang='lat' dir='ltr'>habebat</span> <span class='ocrx_word' id='word_1_445' title='bbox 1102 1440 1183 1458; x_wconf 85' lang='lat' dir='ltr'>unam</span> <span class='ocrx_word' id='word_1_446' title='bbox 1198 1432 1225 1458; x_wconf 91' lang='lat' dir='ltr'>in</span> <span class='ocrx_word' id='word_1_447' title='bbox 1237 1431 1338 1472; x_wconf 74' lang='lat' dir='ltr'>capite,</span> <span class='ocrx_word' id='word_1_448' title='bbox 1359 1432 1468 1459; x_wconf 85' lang='lat' dir='ltr'>alteram</span> <span class='ocrx_word' id='word_1_449' title='bbox 1483 1434 1509 1460; x_wconf 93' lang='lat' dir='ltr'>in</span> <span class='ocrx_word' id='word_1_450' title='bbox 1525 1434 1608 1462; x_wconf 84' lang='lat' dir='ltr'>collo:</span> <span class='ocrx_word' id='word_1_451' title='bbox 1630 1445 1671 1462; x_wconf 85' lang='lat' dir='ltr'>re-</span> 
     </span>
     <span class='ocr_line' id='line_1_36' title="bbox 81 1468 1670 1508; baseline 0 -11"><span class='ocrx_word' id='word_1_452' title='bbox 81 1469 236 1508; x_wconf 72' lang='lat' dir='ltr'>ticulumque</span> <span class='ocrx_word' id='word_1_453' title='bbox 250 1472 282 1498; x_wconf 90' lang='lat' dir='ltr'>ad</span> <span class='ocrx_word' id='word_1_454' title='bbox 295 1480 371 1498; x_wconf 83' lang='lat' dir='ltr'>nares</span> <span class='ocrx_word' id='word_1_455' title='bbox 384 1471 429 1499; x_wconf 90' lang='lat' dir='ltr'>fibi</span> <span class='ocrx_word' id='word_1_456' title='bbox 445 1472 612 1507; x_wconf 83' lang='lat' dir='ltr'>opponebat,</span> <span class='ocrx_word' id='word_1_457' title='bbox 634 1472 786 1500; x_wconf 82' lang='lat' dir='ltr'>tenuiffimo</span> <span class='ocrx_word' id='word_1_458' title='bbox 799 1472 854 1500; x_wconf 89' lang='lat' dir='ltr'>lino</span> <span class='ocrx_word' id='word_1_459' title='bbox 864 1492 871 1503; x_wconf 83' lang='lat'>,</span> <span class='ocrx_word' id='word_1_460' title='bbox 892 1471 1001 1498; x_wconf 86' lang='lat' dir='ltr'>minutis</span> <span class='ocrx_word' id='word_1_461' title='bbox 1017 1468 1141 1501; x_wconf 83' lang='lat' dir='ltr'>maculis,</span> <span class='ocrx_word' id='word_1_462' title='bbox 1158 1469 1268 1504; x_wconf 87' lang='lat' dir='ltr'>plenum</span> <span class='ocrx_word' id='word_1_463' title='bbox 1277 1471 1355 1498; x_wconf 74' lang='lat' dir='ltr'>rolae,</span> <span class='ocrx_word' id='word_1_464' title='bbox 1376 1472 1427 1498; x_wconf 85' lang='lat' dir='ltr'>&amp;c.</span> <span class='ocrx_word' id='word_1_465' title='bbox 1450 1471 1489 1498; x_wconf 89' lang='lat' dir='ltr'>Ex</span> <span class='ocrx_word' id='word_1_466' title='bbox 1498 1480 1551 1507; x_wconf 90' lang='lat' dir='ltr'>quo</span> <span class='ocrx_word' id='word_1_467' title='bbox 1559 1472 1621 1501; x_wconf 93' lang='lat' dir='ltr'>loco</span> <span class='ocrx_word' id='word_1_468' title='bbox 1628 1474 1670 1501; x_wconf 83' lang='lat' dir='ltr'>in.</span> 
     </span>
     <span class='ocr_line' id='line_1_37' title="bbox 82 1507 1667 1545; baseline 0.001 -9"><span class='ocrx_word' id='word_1_469' title='bbox 82 1507 192 1545; x_wconf 88' lang='lat' dir='ltr'>telligis,</span> <span class='ocrx_word' id='word_1_470' title='bbox 211 1507 344 1536; x_wconf 79' lang='lat' dir='ltr'>reticulum</span> <span class='ocrx_word' id='word_1_471' title='bbox 355 1509 407 1537; x_wconf 90' lang='lat' dir='ltr'>dici</span> <span class='ocrx_word' id='word_1_472' title='bbox 420 1509 528 1538; x_wconf 84' lang='lat' dir='ltr'>fasciam</span> <span class='ocrx_word' id='word_1_473' title='bbox 541 1512 662 1542; x_wconf 86' lang='lat' dir='ltr'>laneam,</span> <span class='ocrx_word' id='word_1_474' title='bbox 683 1509 725 1537; x_wconf 87' lang='lat' dir='ltr'>vel</span> <span class='ocrx_word' id='word_1_475' title='bbox 738 1509 836 1538; x_wconf 85' lang='lat' dir='ltr'>lineam</span> <span class='ocrx_word' id='word_1_476' title='bbox 850 1509 883 1537; x_wconf 88' lang='lat' dir='ltr'>ad</span> <span class='ocrx_word' id='word_1_477' title='bbox 895 1509 1014 1536; x_wconf 84' lang='lat' dir='ltr'>formam</span> <span class='ocrx_word' id='word_1_478' title='bbox 1028 1509 1091 1536; x_wconf 84' lang='lat' dir='ltr'>retis</span> <span class='ocrx_word' id='word_1_479' title='bbox 1105 1507 1218 1537; x_wconf 71' lang='lat' dir='ltr'>faciam,</span> <span class='ocrx_word' id='word_1_480' title='bbox 1240 1516 1321 1544; x_wconf 83' lang='lat' dir='ltr'>quam</span> <span class='ocrx_word' id='word_1_481' title='bbox 1336 1507 1610 1542; x_wconf 72' lang='lat' dir='ltr'>fiicieiadrnoverent,</span> <span class='ocrx_word' id='word_1_482' title='bbox 1632 1521 1667 1539; x_wconf 87' lang='lat' dir='ltr'>ne</span> 
     </span>
     <span class='ocr_line' id='line_1_38' title="bbox 79 1545 1668 1584; baseline 0.001 -11"><span class='ocrx_word' id='word_1_483' title='bbox 79 1546 298 1583; x_wconf 82' lang='lat' dir='ltr'>agnoscerentur:</span> <span class='ocrx_word' id='word_1_484' title='bbox 319 1547 361 1574; x_wconf 90' lang='lat' dir='ltr'>vel</span> <span class='ocrx_word' id='word_1_485' title='bbox 374 1555 404 1575; x_wconf 88' lang='lat' dir='ltr'>ut</span> <span class='ocrx_word' id='word_1_486' title='bbox 415 1547 521 1576; x_wconf 78' lang='lat' dir='ltr'>naribus</span> <span class='ocrx_word' id='word_1_487' title='bbox 535 1549 625 1577; x_wconf 85' lang='lat' dir='ltr'>suaves</span> <span class='ocrx_word' id='word_1_488' title='bbox 640 1549 736 1575; x_wconf 87' lang='lat' dir='ltr'>odores</span> <span class='ocrx_word' id='word_1_489' title='bbox 749 1549 967 1576; x_wconf 84' lang='lat' dir='ltr'>admoverentur.</span> <span class='ocrx_word' id='word_1_490' title='bbox 987 1547 1038 1574; x_wconf 85' lang='lat' dir='ltr'>Sed</span> <span class='ocrx_word' id='word_1_491' title='bbox 1052 1546 1115 1574; x_wconf 74' lang='lat' dir='ltr'>cum</span> <span class='ocrx_word' id='word_1_492' title='bbox 1129 1545 1161 1573; x_wconf 85' lang='lat' dir='ltr'>ad</span> <span class='ocrx_word' id='word_1_493' title='bbox 1176 1553 1303 1584; x_wconf 67' lang='lat' dir='ltr'>ornatum</span> <span class='ocrx_word' id='word_1_494' title='bbox 1318 1545 1463 1573; x_wconf 88' lang='lat' dir='ltr'>mulierum</span> <span class='ocrx_word' id='word_1_495' title='bbox 1472 1545 1585 1583; x_wconf 61' lang='lat' dir='ltr'>speftat5</span> <span class='ocrx_word' id='word_1_496' title='bbox 1606 1555 1668 1577; x_wconf 90' lang='lat' dir='ltr'>tum</span> 
     </span>
     <span class='ocr_line' id='line_1_39' title="bbox 83 1583 1665 1623; baseline 0.002 -13"><span class='ocrx_word' id='word_1_497' title='bbox 83 1584 119 1610; x_wconf 90' lang='lat' dir='ltr'>est</span> <span class='ocrx_word' id='word_1_498' title='bbox 130 1584 172 1615; x_wconf 90' lang='lat' dir='ltr'>id,</span> <span class='ocrx_word' id='word_1_499' title='bbox 193 1586 266 1620; x_wconf 88' lang='lat' dir='ltr'>quod</span> <span class='ocrx_word' id='word_1_500' title='bbox 279 1585 387 1621; x_wconf 87' lang='lat' dir='ltr'>capillos</span> <span class='ocrx_word' id='word_1_501' title='bbox 399 1587 529 1615; x_wconf 87' lang='lat' dir='ltr'>continet.</span> <span class='ocrx_word' id='word_1_502' title='bbox 548 1588 619 1615; x_wconf 91' lang='lat' dir='ltr'>Hinc</span> <span class='ocrx_word' id='word_1_503' title='bbox 633 1589 707 1613; x_wconf 61' lang='lat' dir='ltr'>Varro</span> <span class='ocrx_word' id='word_1_504' title='bbox 721 1586 765 1614; x_wconf 91' lang='lat' dir='ltr'>lib.</span> <span class='ocrx_word' id='word_1_505' title='bbox 774 1597 801 1622; x_wconf 84' lang='lat'>4.</span> <span class='ocrx_word' id='word_1_506' title='bbox 814 1587 847 1614; x_wconf 88' lang='lat' dir='ltr'>de</span> <span class='ocrx_word' id='word_1_507' title='bbox 861 1586 924 1622; x_wconf 82' lang='lat' dir='ltr'>ling.</span> <span class='ocrx_word' id='word_1_508' title='bbox 940 1585 1033 1613; x_wconf 85' lang='lat' dir='ltr'>Latina</span> <span class='ocrx_word' id='word_1_509' title='bbox 1042 1605 1049 1616; x_wconf 95' lang='lat'><em>‚</em></span> <span class='ocrx_word' id='word_1_510' title='bbox 1068 1583 1159 1611; x_wconf 86' lang='lat' dir='ltr'>scribit</span> <span class='ocrx_word' id='word_1_511' title='bbox 1173 1583 1186 1610; x_wconf 71' lang='lat' dir='ltr'>a</span> <span class='ocrx_word' id='word_1_512' title='bbox 1200 1590 1250 1610; x_wconf 73' lang='lat' dir='ltr'>reta</span> <span class='ocrx_word' id='word_1_513' title='bbox 1264 1583 1366 1611; x_wconf 66' lang='lat' dir='ltr'>dietum</span> <span class='ocrx_word' id='word_1_514' title='bbox 1382 1583 1445 1615; x_wconf 76' lang='lat' dir='ltr'>ess&#39;e,</span> <span class='ocrx_word' id='word_1_515' title='bbox 1468 1584 1541 1622; x_wconf 76' lang='lat' dir='ltr'>quod</span> <span class='ocrx_word' id='word_1_516' title='bbox 1557 1586 1665 1623; x_wconf 75' lang='lat' dir='ltr'>capillos</span> 
     </span>
     <span class='ocr_line' id='line_1_40' title="bbox 83 1622 635 1654; baseline 0.007 -7"><span class='ocrx_word' id='word_1_517' title='bbox 83 1622 249 1654; x_wconf 85' lang='lat' dir='ltr'>contineret,</span> <span class='ocrx_word' id='word_1_518' title='bbox 271 1625 297 1651; x_wconf 62' lang='grc' dir='ltr'>ὃς</span> <span class='ocrx_word' id='word_1_519' title='bbox 311 1623 441 1650; x_wconf 72' lang='lat' dir='ltr'>reticulum</span> <span class='ocrx_word' id='word_1_520' title='bbox 456 1624 469 1652; x_wconf 73' lang='lat' dir='ltr'>a</span> <span class='ocrx_word' id='word_1_521' title='bbox 482 1625 635 1653; x_wconf 86' lang='lat' dir='ltr'>raritudine.</span> 
     </span>
    </p>

    <p class='ocr_par' dir='ltr' id='par_1_12' title="bbox 80 1658 1665 1738">
     <span class='ocr_line' id='line_1_41' title="bbox 123 1658 1665 1700; baseline 0.003 -15"><span class='ocrx_word' id='word_1_522' title='bbox 123 1658 194 1685; x_wconf 74' lang='lat' dir='ltr'>Vitta</span> <span class='ocrx_word' id='word_1_523' title='bbox 207 1659 362 1688; x_wconf 80' lang='lat' dir='ltr'>dicebantur</span> <span class='ocrx_word' id='word_1_524' title='bbox 377 1663 468 1697; x_wconf 80' lang='lat' dir='ltr'>capitis</span> <span class='ocrx_word' id='word_1_525' title='bbox 482 1670 641 1691; x_wconf 86' lang='lat' dir='ltr'>ornamenta</span> <span class='ocrx_word' id='word_1_526' title='bbox 653 1661 806 1695; x_wconf 85' lang='lat' dir='ltr'>muliebria,</span> <span class='ocrx_word' id='word_1_527' title='bbox 827 1662 921 1700; x_wconf 89' lang='lat' dir='ltr'>quibus</span> <span class='ocrx_word' id='word_1_528' title='bbox 936 1660 1059 1690; x_wconf 86' lang='lat' dir='ltr'>mulieres</span> <span class='ocrx_word' id='word_1_529' title='bbox 1073 1660 1180 1697; x_wconf 82' lang='lat' dir='ltr'>capillos</span> <span class='ocrx_word' id='word_1_530' title='bbox 1195 1659 1369 1698; x_wconf 81' lang='lat' dir='ltr'>colligabant,</span> <span class='ocrx_word' id='word_1_531' title='bbox 1388 1668 1418 1689; x_wconf 90' lang='lat' dir='ltr'>ut</span> <span class='ocrx_word' id='word_1_532' title='bbox 1433 1660 1492 1690; x_wconf 78' lang='lat' dir='ltr'>satis</span> <span class='ocrx_word' id='word_1_533' title='bbox 1506 1661 1621 1691; x_wconf 81' lang='lat' dir='ltr'>ostendit</span> <span class='ocrx_word' id='word_1_534' title='bbox 1634 1662 1665 1690; x_wconf 86' lang='lat' dir='ltr'>il-</span> 
     </span>
     <span class='ocr_line' id='line_1_42' title="bbox 80 1696 501 1738; baseline 0.007 -14"><span class='ocrx_word' id='word_1_535' title='bbox 80 1696 125 1725; x_wconf 86' lang='lat' dir='ltr'>lud</span> <span class='ocrx_word' id='word_1_536' title='bbox 139 1696 227 1728; x_wconf 74' lang='lat' dir='ltr'>oridn&#39;</span> <span class='ocrx_word' id='word_1_537' title='bbox 234 1698 264 1726; x_wconf 90' lang='lat' dir='ltr'>in</span> <span class='ocrx_word' id='word_1_538' title='bbox 280 1709 302 1727; x_wconf 89' lang='lat'>1.</span> <span class='ocrx_word' id='word_1_539' title='bbox 317 1700 501 1738; x_wconf 86' lang='lat' dir='ltr'>Metamorph.</span> 
     </span>
    </p>

    <p class='ocr_par' dir='ltr' id='par_1_13' title="bbox 311 1736 933 1854">
     <span class='ocr_line' id='line_1_43' title="bbox 391 1736 933 1777; baseline 0.002 -13"><span class='ocrx_word' id='word_1_540' title='bbox 391 1739 461 1765; x_wconf 59' lang='grc' dir='ltr'>ἥκω</span> <span class='ocrx_word' id='word_1_541' title='bbox 473 1737 595 1766; x_wconf 65' lang='lat' dir='ltr'>coercebat</span> <span class='ocrx_word' id='word_1_542' title='bbox 601 1736 751 1777; x_wconf 79' lang='lat' dir='ltr'>pofitosfine</span> <span class='ocrx_word' id='word_1_543' title='bbox 765 1738 817 1776; x_wconf 78' lang='lat' dir='ltr'>lege</span> <span class='ocrx_word' id='word_1_544' title='bbox 828 1737 933 1773; x_wconf 83' lang='lat' dir='ltr'>capillos.</span> 
     </span>
     <span class='ocr_line' id='line_1_44' title="bbox 311 1774 444 1804; baseline 0.015 -2"><span class='ocrx_word' id='word_1_545' title='bbox 311 1775 349 1803; x_wconf 86' lang='lat' dir='ltr'>Et</span> <span class='ocrx_word' id='word_1_546' title='bbox 360 1774 406 1802; x_wconf 89' lang='lat' dir='ltr'>lib.</span> <span class='ocrx_word' id='word_1_547' title='bbox 419 1786 444 1804; x_wconf 88' lang='lat'>2.</span> 
     </span>
     <span class='ocr_line' id='line_1_45' title="bbox 391 1813 917 1854; baseline 0.006 -14"><span class='ocrx_word' id='word_1_548' title='bbox 391 1813 465 1842; x_wconf 81' lang='lat' dir='ltr'>Vitta</span> <span class='ocrx_word' id='word_1_549' title='bbox 478 1814 599 1843; x_wconf 61' lang='lat' dir='ltr'>coercebat</span> <span class='ocrx_word' id='word_1_550' title='bbox 611 1815 731 1854; x_wconf 65' lang='lat' dir='ltr'>neglec‘t&#39;os</span> <span class='ocrx_word' id='word_1_551' title='bbox 743 1815 801 1843; x_wconf 81' lang='lat' dir='ltr'>alba</span> <span class='ocrx_word' id='word_1_552' title='bbox 812 1815 917 1850; x_wconf 84' lang='lat' dir='ltr'>capillos.</span> 
     </span>
    </p>

    <p class='ocr_par' dir='ltr' id='par_1_14' title="bbox 120 1851 1663 1891">
     <span class='ocr_line' id='line_1_46' title="bbox 120 1851 1663 1891; baseline 0.002 -12"><span class='ocrx_word' id='word_1_553' title='bbox 120 1852 254 1890; x_wconf 85' lang='lat' dir='ltr'>Erantque</span> <span class='ocrx_word' id='word_1_554' title='bbox 267 1852 333 1881; x_wconf 89' lang='lat' dir='ltr'>olim</span> <span class='ocrx_word' id='word_1_555' title='bbox 346 1853 461 1889; x_wconf 66' lang='lat' dir='ltr'>propriae</span> <span class='ocrx_word' id='word_1_556' title='bbox 468 1853 637 1881; x_wconf 80' lang='lat' dir='ltr'>honestarum</span> <span class='ocrx_word' id='word_1_557' title='bbox 648 1863 849 1885; x_wconf 85' lang='lat' dir='ltr'>matronarum,</span> <span class='ocrx_word' id='word_1_558' title='bbox 870 1854 1023 1891; x_wconf 85' lang='lat' dir='ltr'>virginum,</span> <span class='ocrx_word' id='word_1_559' title='bbox 1044 1854 1239 1883; x_wconf 66' lang='lat' dir='ltr'>&amp;Vestali-im.</span> <span class='ocrx_word' id='word_1_560' title='bbox 1259 1862 1316 1891; x_wconf 83' lang='lat' dir='ltr'>quae</span> <span class='ocrx_word' id='word_1_561' title='bbox 1326 1854 1407 1881; x_wconf 86' lang='lat' dir='ltr'>etiam</span> <span class='ocrx_word' id='word_1_562' title='bbox 1416 1852 1572 1880; x_wconf 81' lang='lat' dir='ltr'>dicebantur</span> <span class='ocrx_word' id='word_1_563' title='bbox 1578 1851 1663 1880; x_wconf 69' lang='lat' dir='ltr'>taniael</span> 
     </span>
    </p>

    <p class='ocr_par' dir='ltr' id='par_1_15' title="bbox 74 1888 1706 2043">
     <span class='ocr_line' id='line_1_47' title="bbox 119 1888 1663 1929; baseline 0 -10"><span class='ocrx_word' id='word_1_564' title='bbox 119 1888 182 1917; x_wconf 72' lang='lat' dir='ltr'>Ricae</span> <span class='ocrx_word' id='word_1_565' title='bbox 197 1892 224 1919; x_wconf 72' lang='grc' dir='ltr'>δε</span> <span class='ocrx_word' id='word_1_566' title='bbox 235 1891 315 1918; x_wconf 75' lang='lat' dir='ltr'>ricula</span> <span class='ocrx_word' id='word_1_567' title='bbox 326 1912 335 1923; x_wconf 91' lang='lat'>,</span> <span class='ocrx_word' id='word_1_568' title='bbox 355 1898 385 1919; x_wconf 91' lang='lat' dir='ltr'>ut</span> <span class='ocrx_word' id='word_1_569' title='bbox 399 1890 483 1927; x_wconf 58' lang='lat' dir='ltr'>Festus</span> <span class='ocrx_word' id='word_1_570' title='bbox 498 1891 602 1924; x_wconf 87' lang='lat' dir='ltr'>scribit,</span> <span class='ocrx_word' id='word_1_571' title='bbox 622 1901 752 1921; x_wconf 83' lang='lat' dir='ltr'>vocantur</span> <span class='ocrx_word' id='word_1_572' title='bbox 765 1902 846 1929; x_wconf 84' lang='lat' dir='ltr'>parva</span> <span class='ocrx_word' id='word_1_573' title='bbox 858 1890 959 1924; x_wconf 86' lang='lat' dir='ltr'>ricinia,</span> <span class='ocrx_word' id='word_1_574' title='bbox 982 1894 1008 1920; x_wconf 64' lang='grc' dir='ltr'>ὅτ</span> <span class='ocrx_word' id='word_1_575' title='bbox 1018 1891 1122 1925; x_wconf 76' lang='lat' dir='ltr'>palliola</span> <span class='ocrx_word' id='word_1_576' title='bbox 1136 1894 1168 1920; x_wconf 88' lang='lat' dir='ltr'>ad</span> <span class='ocrx_word' id='word_1_577' title='bbox 1183 1892 1261 1919; x_wconf 89' lang='lat' dir='ltr'>usum</span> <span class='ocrx_word' id='word_1_578' title='bbox 1275 1893 1367 1927; x_wconf 84' lang='lat' dir='ltr'>capitis</span> <span class='ocrx_word' id='word_1_579' title='bbox 1381 1891 1458 1918; x_wconf 64' lang='lat' dir='ltr'>facia.</span> <span class='ocrx_word' id='word_1_580' title='bbox 1489 1891 1603 1918; x_wconf 82' lang='lat' dir='ltr'>Granius</span> <span class='ocrx_word' id='word_1_581' title='bbox 1617 1901 1663 1919; x_wconf 80' lang='lat' dir='ltr'>au-</span> 
     </span>
     <span class='ocr_line' id='line_1_48' title="bbox 81 1928 1706 1968; baseline 0.001 -13"><span class='ocrx_word' id='word_1_582' title='bbox 81 1934 138 1956; x_wconf 89' lang='lat' dir='ltr'>tem</span> <span class='ocrx_word' id='word_1_583' title='bbox 154 1929 205 1955; x_wconf 86' lang='lat' dir='ltr'>effe</span> <span class='ocrx_word' id='word_1_584' title='bbox 218 1929 253 1955; x_wconf 82' lang='lat' dir='ltr'>ait</span> <span class='ocrx_word' id='word_1_585' title='bbox 267 1929 397 1957; x_wconf 88' lang='lat' dir='ltr'>muliebre</span> <span class='ocrx_word' id='word_1_586' title='bbox 409 1928 547 1967; x_wconf 88' lang='lat' dir='ltr'>cingulum</span> <span class='ocrx_word' id='word_1_587' title='bbox 561 1931 665 1967; x_wconf 82' lang='lat' dir='ltr'>capitis,</span> <span class='ocrx_word' id='word_1_588' title='bbox 686 1940 736 1967; x_wconf 88' lang='lat' dir='ltr'>pro</span> <span class='ocrx_word' id='word_1_589' title='bbox 751 1940 806 1968; x_wconf 90' lang='lat' dir='ltr'>quo</span> <span class='ocrx_word' id='word_1_590' title='bbox 819 1932 885 1958; x_wconf 88' lang='lat' dir='ltr'>vitta</span> <span class='ocrx_word' id='word_1_591' title='bbox 892 1928 1023 1968; x_wconf 79' lang='lat' dir='ltr'>flaminica</span> <span class='ocrx_word' id='word_1_592' title='bbox 1035 1930 1201 1958; x_wconf 85' lang='lat' dir='ltr'>redimiatur.</span> <span class='ocrx_word' id='word_1_593' title='bbox 1221 1929 1337 1967; x_wconf 70' lang='lat' dir='ltr'>Agellim</span> <span class='ocrx_word' id='word_1_594' title='bbox 1350 1929 1395 1956; x_wconf 88' lang='lat' dir='ltr'>lib.</span> <span class='ocrx_word' id='word_1_595' title='bbox 1408 1937 1511 1964; x_wconf 82' lang='lat' dir='ltr'>10.cap.</span> <span class='ocrx_word' id='word_1_596' title='bbox 1524 1928 1661 1964; x_wconf 81' lang='lat' dir='ltr'>15.ubide</span> <span class='ocrx_word' id='word_1_597' title='bbox 1701 1939 1706 1942; x_wconf 94' lang='lat'>·</span> 
     </span>
     <span class='ocr_line' id='line_1_49' title="bbox 75 1964 1662 2005; baseline 0.002 -13"><span class='ocrx_word' id='word_1_598' title='bbox 75 1965 206 2005; x_wconf 66' lang='lat' dir='ltr'>flaminica</span> <span class='ocrx_word' id='word_1_599' title='bbox 218 1965 335 2004; x_wconf 86' lang='lat' dir='ltr'>loquitur</span> <span class='ocrx_word' id='word_1_600' title='bbox 349 1978 355 1994; x_wconf 75' lang='lat' dir='ltr'>z</span> <span class='ocrx_word' id='word_1_601' title='bbox 375 1968 409 1995; x_wconf 87' lang='lat' dir='ltr'>Et</span> <span class='ocrx_word' id='word_1_602' title='bbox 418 1968 490 2005; x_wconf 90' lang='lat' dir='ltr'>quod</span> <span class='ocrx_word' id='word_1_603' title='bbox 503 1969 530 1995; x_wconf 89' lang='lat' dir='ltr'>in</span> <span class='ocrx_word' id='word_1_604' title='bbox 544 1969 598 1996; x_wconf 82' lang='lat' dir='ltr'>rica</span> <span class='ocrx_word' id='word_1_605' title='bbox 612 1968 745 1997; x_wconf 87' lang='lat' dir='ltr'>surculum</span> <span class='ocrx_word' id='word_1_606' title='bbox 761 1970 794 1997; x_wconf 92' lang='lat' dir='ltr'>de</span> <span class='ocrx_word' id='word_1_607' title='bbox 806 1969 900 1997; x_wconf 85' lang='lat' dir='ltr'>arbore</span> <span class='ocrx_word' id='word_1_608' title='bbox 914 1967 985 1996; x_wconf 88' lang='lat' dir='ltr'>felici</span> <span class='ocrx_word' id='word_1_609' title='bbox 997 1967 1083 1996; x_wconf 85' lang='lat' dir='ltr'>habet.</span> <span class='ocrx_word' id='word_1_610' title='bbox 1116 1969 1160 1996; x_wconf 89' lang='lat' dir='ltr'>Sic</span> <span class='ocrx_word' id='word_1_611' title='bbox 1173 1968 1247 1995; x_wconf 87' lang='lat' dir='ltr'>enim</span> <span class='ocrx_word' id='word_1_612' title='bbox 1259 1968 1330 1995; x_wconf 86' lang='lat' dir='ltr'>hunc</span> <span class='ocrx_word' id='word_1_613' title='bbox 1342 1967 1433 1994; x_wconf 89' lang='lat' dir='ltr'>locum</span> <span class='ocrx_word' id='word_1_614' title='bbox 1447 1964 1571 2002; x_wconf 69' lang='lat' dir='ltr'>Jofi’phus</span> <span class='ocrx_word' id='word_1_615' title='bbox 1583 1967 1662 1995; x_wconf 69' lang='lat' dir='ltr'>scali-</span> 
     </span>
     <span class='ocr_line' id='line_1_50' title="bbox 74 2004 256 2043; baseline 0.011 -13"><span class='ocrx_word' id='word_1_616' title='bbox 74 2014 122 2043; x_wconf 80' lang='lat' dir='ltr'>ger</span> <span class='ocrx_word' id='word_1_617' title='bbox 136 2004 256 2032; x_wconf 84' lang='lat' dir='ltr'>restituit.</span> 
     </span>
    </p>

    <p class='ocr_par' dir='ltr' id='par_1_16' title="bbox 79 2042 1660 2197">
     <span class='ocr_line' id='line_1_51' title="bbox 122 2042 1660 2083; baseline 0.003 -15"><span class='ocrx_word' id='word_1_618' title='bbox 122 2042 280 2071; x_wconf 69' lang='lat' dir='ltr'>flammeus,</span> <span class='ocrx_word' id='word_1_619' title='bbox 301 2043 387 2079; x_wconf 87' lang='lat' dir='ltr'>inquit</span> <span class='ocrx_word' id='word_1_620' title='bbox 406 2044 517 2077; x_wconf 84' lang='lat' dir='ltr'>Nonius,</span> <span class='ocrx_word' id='word_1_621' title='bbox 538 2045 615 2073; x_wconf 85' lang='lat' dir='ltr'>vestis</span> <span class='ocrx_word' id='word_1_622' title='bbox 632 2046 674 2074; x_wconf 90' lang='lat' dir='ltr'>vel</span> <span class='ocrx_word' id='word_1_623' title='bbox 686 2053 813 2083; x_wconf 87' lang='lat' dir='ltr'>tegmen,</span> <span class='ocrx_word' id='word_1_624' title='bbox 834 2055 888 2082; x_wconf 90' lang='lat' dir='ltr'>quo</span> <span class='ocrx_word' id='word_1_625' title='bbox 904 2046 990 2080; x_wconf 84' lang='lat' dir='ltr'>capita</span> <span class='ocrx_word' id='word_1_626' title='bbox 1005 2051 1135 2071; x_wconf 85' lang='lat' dir='ltr'>matronae</span> <span class='ocrx_word' id='word_1_627' title='bbox 1149 2050 1251 2081; x_wconf 83' lang='lat' dir='ltr'>tegunt.</span> <span class='ocrx_word' id='word_1_628' title='bbox 1284 2046 1347 2072; x_wconf 91' lang='lat' dir='ltr'>Hoc</span> <span class='ocrx_word' id='word_1_629' title='bbox 1360 2050 1451 2071; x_wconf 83' lang='lat' dir='ltr'>autem</span> <span class='ocrx_word' id='word_1_630' title='bbox 1464 2043 1660 2073; x_wconf 81' lang='lat' dir='ltr'>amiciebantur</span> 
     </span>
     <span class='ocr_line' id='line_1_52' title="bbox 81 2080 1656 2121; baseline 0.003 -14"><span class='ocrx_word' id='word_1_631' title='bbox 81 2080 212 2108; x_wconf 85' lang='lat' dir='ltr'>nubentes</span> <span class='ocrx_word' id='word_1_632' title='bbox 224 2081 324 2107; x_wconf 86' lang='lat' dir='ltr'>ominis</span> <span class='ocrx_word' id='word_1_633' title='bbox 337 2081 401 2109; x_wconf 87' lang='lat' dir='ltr'>boni</span> <span class='ocrx_word' id='word_1_634' title='bbox 413 2083 500 2115; x_wconf 67' lang='lat' dir='ltr'>causa,</span> <span class='ocrx_word' id='word_1_635' title='bbox 519 2084 660 2121; x_wconf 74' lang='lat' dir='ltr'>propterea</span> <span class='ocrx_word' id='word_1_636' title='bbox 673 2084 746 2121; x_wconf 75' lang='lat' dir='ltr'>quod</span> <span class='ocrx_word' id='word_1_637' title='bbox 762 2094 795 2112; x_wconf 92' lang='lat' dir='ltr'>eo</span> <span class='ocrx_word' id='word_1_638' title='bbox 807 2083 904 2110; x_wconf 72' lang='lat' dir='ltr'>assidue</span> <span class='ocrx_word' id='word_1_639' title='bbox 917 2081 1038 2111; x_wconf 78' lang='lat' dir='ltr'>utebatur</span> <span class='ocrx_word' id='word_1_640' title='bbox 1045 2080 1188 2119; x_wconf 79' lang='lat' dir='ltr'>flaminica,</span> <span class='ocrx_word' id='word_1_641' title='bbox 1208 2082 1235 2109; x_wconf 92' lang='lat' dir='ltr'>id</span> <span class='ocrx_word' id='word_1_642' title='bbox 1249 2082 1297 2113; x_wconf 89' lang='lat' dir='ltr'>est,</span> <span class='ocrx_word' id='word_1_643' title='bbox 1318 2081 1436 2109; x_wconf 76' lang='lat' dir='ltr'>flaminis</span> <span class='ocrx_word' id='word_1_644' title='bbox 1448 2091 1531 2113; x_wconf 87' lang='lat' dir='ltr'>uxor,</span> <span class='ocrx_word' id='word_1_645' title='bbox 1551 2082 1656 2111; x_wconf 88' lang='lat' dir='ltr'>cuinon</span> 
     </span>
     <span class='ocr_line' id='line_1_53' title="bbox 79 2117 1658 2159; baseline 0.001 -13"><span class='ocrx_word' id='word_1_646' title='bbox 79 2118 176 2146; x_wconf 86' lang='lat' dir='ltr'>licebat</span> <span class='ocrx_word' id='word_1_647' title='bbox 190 2118 276 2146; x_wconf 84' lang='lat' dir='ltr'>facere</span> <span class='ocrx_word' id='word_1_648' title='bbox 288 2119 444 2148; x_wconf 86' lang='lat' dir='ltr'>divortium.</span> <span class='ocrx_word' id='word_1_649' title='bbox 467 2123 498 2149; x_wconf 93' lang='lat' dir='ltr'>In</span> <span class='ocrx_word' id='word_1_650' title='bbox 513 2123 545 2148; x_wconf 93' lang='lat' dir='ltr'>C.</span> <span class='ocrx_word' id='word_1_651' title='bbox 560 2122 692 2154; x_wconf 82' lang='lat' dir='ltr'>foeminae,</span> <span class='ocrx_word' id='word_1_652' title='bbox 716 2133 757 2159; x_wconf 75' lang='lat'>30.</span> <span class='ocrx_word' id='word_1_653' title='bbox 770 2131 796 2159; x_wconf 89' lang='lat' dir='ltr'>q.</span> <span class='ocrx_word' id='word_1_654' title='bbox 807 2132 832 2157; x_wconf 88' lang='lat'>5.</span> <span class='ocrx_word' id='word_1_655' title='bbox 842 2120 962 2148; x_wconf 83' lang='lat' dir='ltr'>scribitur</span> <span class='ocrx_word' id='word_1_656' title='bbox 972 2120 1113 2150; x_wconf 75' lang='lat' dir='ltr'>foeminas,</span> <span class='ocrx_word' id='word_1_657' title='bbox 1134 2118 1196 2147; x_wconf 72' lang='lat' dir='ltr'>cum</span> <span class='ocrx_word' id='word_1_658' title='bbox 1205 2121 1379 2151; x_wconf 83' lang='lat' dir='ltr'>maritantur,</span> <span class='ocrx_word' id='word_1_659' title='bbox 1399 2117 1581 2157; x_wconf 81' lang='lat' dir='ltr'>ideoflammeo</span> <span class='ocrx_word' id='word_1_660' title='bbox 1589 2121 1658 2148; x_wconf 85' lang='lat' dir='ltr'>vela-</span> 
     </span>
     <span class='ocr_line' id='line_1_54' title="bbox 79 2156 1658 2197; baseline 0.001 -13"><span class='ocrx_word' id='word_1_661' title='bbox 79 2158 102 2184; x_wconf 90' lang='lat' dir='ltr'>ri</span> <span class='ocrx_word' id='word_1_662' title='bbox 116 2176 123 2187; x_wconf 92' lang='lat'>,</span> <span class='ocrx_word' id='word_1_663' title='bbox 150 2165 179 2184; x_wconf 90' lang='lat' dir='ltr'>ut</span> <span class='ocrx_word' id='word_1_664' title='bbox 198 2156 224 2183; x_wconf 86' lang='lat' dir='ltr'>se</span> <span class='ocrx_word' id='word_1_665' title='bbox 241 2157 366 2184; x_wconf 89' lang='lat' dir='ltr'>noverint</span> <span class='ocrx_word' id='word_1_666' title='bbox 385 2157 491 2194; x_wconf 87' lang='lat' dir='ltr'>semper</span> <span class='ocrx_word' id='word_1_667' title='bbox 509 2160 610 2187; x_wconf 83' lang='lat' dir='ltr'>maritis</span> <span class='ocrx_word' id='word_1_668' title='bbox 629 2160 679 2188; x_wconf 84' lang='lat' dir='ltr'>suis</span> <span class='ocrx_word' id='word_1_669' title='bbox 698 2160 813 2189; x_wconf 81' lang='lat' dir='ltr'>subditas</span> <span class='ocrx_word' id='word_1_670' title='bbox 827 2159 886 2186; x_wconf 80' lang='lat' dir='ltr'>effe.</span> <span class='ocrx_word' id='word_1_671' title='bbox 926 2160 998 2187; x_wconf 88' lang='lat' dir='ltr'>Hinc</span> <span class='ocrx_word' id='word_1_672' title='bbox 1005 2156 1161 2197; x_wconf 65' lang='lat' dir='ltr'>flammei-arii</span> <span class='ocrx_word' id='word_1_673' title='bbox 1173 2158 1239 2186; x_wconf 73' lang='lat' dir='ltr'>dieti</span> <span class='ocrx_word' id='word_1_674' title='bbox 1252 2158 1362 2195; x_wconf 83' lang='lat' dir='ltr'>opifices</span> <span class='ocrx_word' id='word_1_675' title='bbox 1378 2157 1532 2194; x_wconf 83' lang='lat' dir='ltr'>hujusmodi</span> <span class='ocrx_word' id='word_1_676' title='bbox 1544 2159 1658 2189; x_wconf 86' lang='lat' dir='ltr'>vestium</span> 
     </span>
    </p>
   </div>
   <div class='ocr_carea' id='block_1_3' title="bbox 76 2193 1655 2388">
    <p class='ocr_par' dir='ltr' id='par_1_17' title="bbox 76 2193 1655 2388">
     <span class='ocr_line' id='line_1_55' title="bbox 76 2193 480 2232; baseline 0 -10"><span class='ocrx_word' id='word_1_677' title='bbox 76 2194 146 2232; x_wconf 84' lang='lat' dir='ltr'>apud</span> <span class='ocrx_word' id='word_1_678' title='bbox 158 2193 281 2222; x_wconf 71' lang='lat' dir='ltr'>Plautum</span> <span class='ocrx_word' id='word_1_679' title='bbox 297 2196 324 2222; x_wconf 90' lang='lat' dir='ltr'>in</span> <span class='ocrx_word' id='word_1_680' title='bbox 337 2194 480 2224; x_wconf 83' lang='lat' dir='ltr'>Aulularia:</span> 
     </span>
     <span class='ocr_line' id='line_1_56' title="bbox 387 2233 850 2267; baseline 0.009 -7"><span class='ocrx_word' id='word_1_681' title='bbox 387 2233 554 2264; x_wconf 75' lang='lat' dir='ltr'>flammearii</span> <span class='ocrx_word' id='word_1_682' title='bbox 563 2257 570 2267; x_wconf 93' lang='lat'>,</span> <span class='ocrx_word' id='word_1_683' title='bbox 587 2234 701 2267; x_wconf 52' lang='lat' dir='ltr'>fiolarii,</span> <span class='ocrx_word' id='word_1_684' title='bbox 721 2234 850 2264; x_wconf 72' lang='lat' dir='ltr'>carinarii.</span> 
     </span>
     <span class='ocr_line' id='line_1_57' title="bbox 117 2270 1654 2311; baseline 0.003 -14"><span class='ocrx_word' id='word_1_685' title='bbox 117 2270 310 2298; x_wconf 79' lang='lat' dir='ltr'>Encombomam</span> <span class='ocrx_word' id='word_1_686' title='bbox 325 2274 351 2300; x_wconf 69' lang='grc' dir='ltr'>δι</span> <span class='ocrx_word' id='word_1_687' title='bbox 360 2272 507 2305; x_wconf 80' lang='lat' dir='ltr'>parnacides</span> <span class='ocrx_word' id='word_1_688' title='bbox 521 2293 528 2302; x_wconf 84' lang='lat'>,</span> <span class='ocrx_word' id='word_1_689' title='bbox 556 2274 642 2310; x_wconf 86' lang='lat' dir='ltr'>inquit</span> <span class='ocrx_word' id='word_1_690' title='bbox 663 2275 738 2302; x_wconf 86' lang='lat' dir='ltr'>idem</span> <span class='ocrx_word' id='word_1_691' title='bbox 751 2280 846 2302; x_wconf 71' lang='lat' dir='ltr'>Nomas</span> <span class='ocrx_word' id='word_1_692' title='bbox 860 2295 867 2305; x_wconf 94' lang='lat'>,</span> <span class='ocrx_word' id='word_1_693' title='bbox 894 2283 991 2311; x_wconf 77' lang='lat' dir='ltr'>genera</span> <span class='ocrx_word' id='word_1_694' title='bbox 1004 2279 1079 2301; x_wconf 80' lang='lat' dir='ltr'>erant</span> <span class='ocrx_word' id='word_1_695' title='bbox 1099 2273 1210 2301; x_wconf 86' lang='lat' dir='ltr'>vestium</span> <span class='ocrx_word' id='word_1_696' title='bbox 1224 2273 1380 2311; x_wconf 84' lang='lat' dir='ltr'>puellarum.</span> <span class='ocrx_word' id='word_1_697' title='bbox 1418 2277 1495 2301; x_wconf 78' lang='lat' dir='ltr'>Varro</span> <span class='ocrx_word' id='word_1_698' title='bbox 1521 2275 1554 2302; x_wconf 86' lang='lat' dir='ltr'>de</span> <span class='ocrx_word' id='word_1_699' title='bbox 1577 2273 1654 2301; x_wconf 87' lang='lat' dir='ltr'>Libe-</span> 
     </span>
     <span class='ocr_line' id='line_1_58' title="bbox 78 2309 1655 2350; baseline 0.001 -13"><span class='ocrx_word' id='word_1_700' title='bbox 78 2309 115 2337; x_wconf 78' lang='lat' dir='ltr'>ris</span> <span class='ocrx_word' id='word_1_701' title='bbox 128 2310 269 2337; x_wconf 85' lang='lat' dir='ltr'>educandis</span> <span class='ocrx_word' id='word_1_702' title='bbox 282 2321 287 2336; x_wconf 90' lang='lat'>:</span> <span class='ocrx_word' id='word_1_703' title='bbox 315 2317 344 2337; x_wconf 89' lang='lat' dir='ltr'>ut</span> <span class='ocrx_word' id='word_1_704' title='bbox 357 2309 448 2345; x_wconf 85' lang='lat' dir='ltr'>puellae</span> <span class='ocrx_word' id='word_1_705' title='bbox 460 2309 572 2339; x_wconf 84' lang='lat' dir='ltr'>habeant</span> <span class='ocrx_word' id='word_1_706' title='bbox 583 2311 671 2347; x_wconf 75' lang='lat' dir='ltr'>potius</span> <span class='ocrx_word' id='word_1_707' title='bbox 683 2313 710 2341; x_wconf 90' lang='lat' dir='ltr'>in</span> <span class='ocrx_word' id='word_1_708' title='bbox 724 2315 818 2341; x_wconf 87' lang='lat' dir='ltr'>vestitu</span> <span class='ocrx_word' id='word_1_709' title='bbox 829 2312 970 2350; x_wconf 78' lang='lat' dir='ltr'>chlamydas</span> <span class='ocrx_word' id='word_1_710' title='bbox 983 2333 989 2343; x_wconf 94' lang='lat'>,</span> <span class='ocrx_word' id='word_1_711' title='bbox 1015 2310 1199 2339; x_wconf 85' lang='lat' dir='ltr'>encombomata</span> <span class='ocrx_word' id='word_1_712' title='bbox 1212 2333 1219 2344; x_wconf 98' lang='lat'>,</span> <span class='ocrx_word' id='word_1_713' title='bbox 1239 2322 1270 2340; x_wconf 89' lang='lat' dir='ltr'>ac</span> <span class='ocrx_word' id='word_1_714' title='bbox 1279 2312 1429 2347; x_wconf 81' lang='lat' dir='ltr'>parnacidas</span> <span class='ocrx_word' id='word_1_715' title='bbox 1442 2333 1449 2343; x_wconf 95' lang='lat'>,</span> <span class='ocrx_word' id='word_1_716' title='bbox 1470 2311 1550 2349; x_wconf 68' lang='lat' dir='ltr'>quam</span> <span class='ocrx_word' id='word_1_717' title='bbox 1566 2321 1655 2348; x_wconf 78' lang='lat' dir='ltr'>togas:</span> 
     </span>
     <span class='ocr_line' id='line_1_59' title="bbox 80 2346 1655 2388; baseline 0.002 -15"><span class='ocrx_word' id='word_1_718' title='bbox 80 2346 174 2374; x_wconf 76' lang='lat' dir='ltr'>Pollux</span> <span class='ocrx_word' id='word_1_719' title='bbox 192 2354 336 2385; x_wconf 55' lang='grc' dir='ltr'>’ἑμεμβωμα</span> <span class='ocrx_word' id='word_1_720' title='bbox 357 2355 435 2376; x_wconf 81' lang='lat' dir='ltr'>vocat</span> <span class='ocrx_word' id='word_1_721' title='bbox 447 2347 530 2375; x_wconf 73' lang='lat' dir='ltr'>albam</span> <span class='ocrx_word' id='word_1_722' title='bbox 543 2350 690 2377; x_wconf 75' lang='lat' dir='ltr'>tuniculam.</span> <span class='ocrx_word' id='word_1_723' title='bbox 731 2351 807 2380; x_wconf 84' lang='lat' dir='ltr'>Plura</span> <span class='ocrx_word' id='word_1_724' title='bbox 822 2351 855 2378; x_wconf 88' lang='lat' dir='ltr'>de</span> <span class='ocrx_word' id='word_1_725' title='bbox 865 2349 1025 2378; x_wconf 70' lang='lat' dir='ltr'>muliebribus</span> <span class='ocrx_word' id='word_1_726' title='bbox 1038 2348 1189 2387; x_wconf 65' lang='lat' dir='ltr'>vestimentis</span> <span class='ocrx_word' id='word_1_727' title='bbox 1201 2360 1256 2379; x_wconf 91' lang='lat' dir='ltr'>non</span> <span class='ocrx_word' id='word_1_728' title='bbox 1271 2351 1369 2378; x_wconf 84' lang='lat' dir='ltr'>addam</span> <span class='ocrx_word' id='word_1_729' title='bbox 1383 2371 1390 2383; x_wconf 91' lang='lat'>,</span> <span class='ocrx_word' id='word_1_730' title='bbox 1417 2359 1474 2388; x_wconf 83' lang='lat' dir='ltr'>quae</span> <span class='ocrx_word' id='word_1_731' title='bbox 1487 2350 1505 2377; x_wconf 86' lang='lat' dir='ltr'>fi</span> <span class='ocrx_word' id='word_1_732' title='bbox 1520 2352 1578 2387; x_wconf 86' lang='lat' dir='ltr'>quis</span> <span class='ocrx_word' id='word_1_733' title='bbox 1591 2349 1655 2377; x_wconf 85' lang='lat' dir='ltr'>desi-</span> 
     </span>
    </p>
   </div>
   <div class='ocr_carea' id='block_1_4' title="bbox 79 2385 1665 2454">
    <p class='ocr_par' dir='ltr' id='par_1_18' title="bbox 79 2385 1665 2454">
     <span class='ocr_line' id='line_1_60' title="bbox 79 2385 1665 2454; baseline 0.001 -40"><span class='ocrx_word' id='word_1_734' title='bbox 79 2385 212 2424; x_wconf 69' lang='lat' dir='ltr'>deraverit</span> <span class='ocrx_word' id='word_1_735' title='bbox 224 2408 232 2421; x_wconf 90' lang='lat'>,</span> <span class='ocrx_word' id='word_1_736' title='bbox 257 2394 332 2425; x_wconf 85' lang='lat' dir='ltr'>petet</span> <span class='ocrx_word' id='word_1_737' title='bbox 346 2395 375 2415; x_wconf 76' lang='lat' dir='ltr'>ea</span> <span class='ocrx_word' id='word_1_738' title='bbox 390 2395 423 2415; x_wconf 88' lang='lat' dir='ltr'>ex</span> <span class='ocrx_word' id='word_1_739' title='bbox 435 2386 540 2416; x_wconf 67' lang='lat' dir='ltr'>Andre-e</span> <span class='ocrx_word' id='word_1_740' title='bbox 553 2386 694 2427; x_wconf 78' lang='lat' dir='ltr'>Tiraquelli</span> <span class='ocrx_word' id='word_1_741' title='bbox 707 2391 755 2419; x_wconf 79' lang='lat' dir='ltr'>IC.</span> <span class='ocrx_word' id='word_1_742' title='bbox 768 2389 901 2418; x_wconf 75' lang='lat' dir='ltr'>clariss&#39;imi</span> <span class='ocrx_word' id='word_1_743' title='bbox 915 2387 1122 2454; x_wconf 48' lang='lat' dir='ltr'>Praeceptiskiige}</span> <span class='ocrx_word' id='word_1_744' title='bbox 1133 2388 1248 2429; x_wconf 75' lang='lat' dir='ltr'>Legibus</span> <span class='ocrx_word' id='word_1_745' title='bbox 1262 2388 1460 2419; x_wconf 81' lang='lat' dir='ltr'>connubialibus</span> <span class='ocrx_word' id='word_1_746' title='bbox 1472 2409 1481 2422; x_wconf 96' lang='lat'>,</span> <span class='ocrx_word' id='word_1_747' title='bbox 1507 2395 1665 2450; x_wconf 61' lang='lat' dir='ltr'>pracepto,t</span> 
     </span>
     <span class='ocr_line' id='line_1_61' title="bbox 1617 2434 1648 2453; baseline -0.032 0"><span class='ocrx_word' id='word_1_748' title='bbox 1617 2434 1648 2453; x_wconf 69' lang='lat' dir='ltr'>au</span> 
     </span>
    </p>
   </div>
  </div>
 </body>
</html>
