2075 2734
386 130 1458 170 DEPaooortSUanus.CAr.4ii
1662 146 1713 176 53¹

200 211 375 248 Ti‘iumviri
383 235 393 252 ,
419 210 473 256 qui
489 207 696 254 conquirerent
702 207 834 253 juvenes
853 204 974 239 idoneos
989 205 1032 240 ad
1046 220 1136 242 arma
1148 208 1294 254 ferenda,
1319 209 1485 258 militesque
1493 208 1640 257 facerent.

166 283 203 311 Hi
223 282 303 311 creati
324 280 399 311 sunt,
417 277 524 307 stcundi
542 275 603 304 belli
623 275 715 304 Punici
734 283 879 312 tempore,
905 285 976 303 anno
999 286 1024 303 A.
1040 286 1069 305 υ.
1083 287 1107 304 c.
1127 288 1209 306 nxtr.
1237 282 1282 317 Q
1295 276 1384 305 Fulvio
1407 278 1490 306 Flacco
1508 290 1566 308 111.
1590 282 1617 309 &
1637 282 1713 316 Αῃήσ

127 320 234 348 Claudio
251 319 354 347 Pulchro
369 317 438 345 Coss‘.
453 314 565 343 Causam
580 323 675 342 eorum
689 315 865 342 creandorum
880 314 971 342 Livius
986 314 1030 342 lib.
1047 325 1090 351 25.
1105 317 1194 344 tradit.
1220 316 1363 349 Consules.
1386 318 1486 355 inquit,
1507 328 1570 346 cum
1585 328 1653 356 aegre
1666 322 1714 348 de⁴

125 359 226 387 lestum
240 358 414 388 conficerent,
434 354 505 391 quod
519 352 609 388 inopia
620 353 760 389 juniorum
777 361 832 380 non
846 352 921 380 facile
935 354 961 380 in
976 360 1136 392 utrumque,
1159 362 1187 382 ut
1202 357 1227 382 ὃς
1243 365 1319 382 novae
1333 354 1437 383 urbanae
1446 356 1562 394 legiones
1572 358 1712 395 &supple-

126 405 252 425 mentum
278 395 407 425 veteribus
425 391 582 420 scriberetur
595 411 602 422 ‚
629 390 792 419 sufficiebat:
820 389 923 419 senatus
942 390 1061 418 absistere
1081 401 1125 418 eos
1146 393 1267 428 incoepto
1286 395 1370 421 vetuit
1384 415 1391 425 ‚
1417 396 1443 422 δε
1468 393 1615 422 triumviros
1635 396 1711 425 binos

126 436 208 463 creari
227 435 310 471 juffit:
329 433 423 461 alteros
442 430 486 467 qui
506 429 585 460 citra,
605 429 717 462 alteros,
737 430 784 467 qui
802 428 870 457 ultra
889 429 1137 466 quinquagelimum
1158 430 1273 466 lapidem
1294 433 1321 458 in
1340 432 1427 469 pugn,
1448 432 1578 470 forisque,
1600 435 1627 462 ὃς
1647 445 1709 464 con.

127 473 255 502 ciliabulis
273 479 384 500 omnem
405 470 512 504 copiam
529 468 709 504 ingenuorum
730 466 888 504 inspicerent
903 478 909 498 5
936 469 963 496 ὃς
982 466 999 493 si
1014 467 1059 503 qui
1073 467 1177 495 roboris
1192 468 1250 496 satis
1264 470 1296 496 ad
1315 469 1421 498 ferenda
1435 481 1510 499 arma
1524 471 1621 500 habere
1638 474 1710 502 vide-

127 521 220 540 rentur
256 508 356 538 etiamst
370 507 492 535 nondum
509 506 617 533 militari
630 515 706 534 :etate
721 506 818 538 effent,
838 505 937 533 milites
951 504 1077 532 facerent.
1099 504 1204 532 Tiibmn*
1213 505 1305 539 plebis,
1327 507 1344 534 s1
1361 508 1391 535 iis
1406 510 1558 541 videretur,
1580 511 1610 537 ad
1625 520 1711 548 popu„

127 549 183 577 lum
207 549 320 578 ferrent,
339 554 368 573 ut
382 546 426 582 qui
442 546 561 572 minores
575 544 676 580 septem
693 547 718 573 &
733 545 827 572 decem
841 545 915 571 annis
930 543 1097 570 sacramento
1112 544 1248 575 dixiffenr,
1269 544 1300 571 iis
1317 546 1427 579 perinde
1444 548 1570 584 stipendia
1582 550 1711 584 procede.

126 595 186 616 rent
200 608 207 619 ‚
233 596 263 614 ac
277 585 295 612 fi
309 583 409 622 septem
426 585 451 612 δε
466 584 560 610 decem
575 592 706 610 annorum
722 604 729 614 ‚
756 590 801 610 aut
815 582 932 618 majores
947 581 1046 609 milites
1060 581 1122 609 faeti
1137 582 1227 610 ess'ent.
1261 583 1310 622 ⁴Ex
1324 581 1376 610 hoc
1394 584 1617 614 ici-tatusconlhlto
1629 590 1711 615 creati

126 624 267 652 Triumvjri
279 623 334 652 bini
347 643 355 655 ‚
382 621 605 660 conquisitionem
618 621 795 659 ingenuorum
811 630 859 658 per
872 629 950 659 agros
964 619 1119 648 habuerunt.
1154 622 1220 649 Haec
1232 619 1324 648 Livius
1340 632 1347 646 .·
1367 630 1462 658 praeter
1476 633 1533 661 quae
1549 624 1614 653 nihil
1633 626 1668 654 de
1682 626 1713 655 ijs

116 672 239 700 ,reperim

546 722 758 770 Qinqueviri
773 719 921 761 turribus,
946 721 1094 769 murisque
1109 719 1290 767 reficiendis.

163 794 292 823 Meminit
312 796 338 822 ὃς
356 792 455 820 horum
476 790 567 819 Livius
587 790 633 818 lib.
648 801 691 826 25.
711 801 743 818 eo
763 791 840 821 loco,
862 789 907 818 ubi
927 790 1152 827 praecedentium:
1174 790 1292 818 Comitia
1311 791 1422 822 deinde,
1442 792 1543 828 inquit,
1563 793 1576 821 ὲ
1595 802 1707 831 praetore

122 832 224 861 urbano
239 833 272 860 de
286 832 387 860 senatus
400 831 527 858 sententia
542 829 676 866 plebisque
687 828 752 857 scito
766 828 824 856 sunt
838 827 941 860 habita,
963 829 1057 866 quibus
1071 828 1151 856 creati
1167 827 1225 868 sunt
1239 830 1408 866 quinqueviri
1422 830 1553 865 turribus,
1576 834 1709 871 murisque

121 871 270 899 reficiendis
284 891 292 903 ‚
318 873 369 900 δῖε.
409 870 491 906 Qod
504 867 595 895 Livim
609 868 674 896 dicit
688 887 696 899 ,
723 867 840 896 comitiis
854 876 899 894 eos
912 876 1014 896 creatos
1031 866 1106 894 futsse
1115 887 1124 898 ‚
1151 865 1249 895 trrbuta
1261 867 1388 905 intelligit
1402 888 1410 899 ,
1435 867 1525 897 officia
1537 879 1632 899 eorum
1646 873 1711 901 titu-

120 908 160 937 lus
177 910 285 938 indicat.

788 971 812 998 C
839 980 855 998 Α
883 981 907 998 Ρ.
953 971 1046 999 XLt.

170 1035 221 1068 De
236 1033 412 1067 triumviris
429 1031 550 1078 legendi
558 1033 702 1080 senatus,
728 1035 905 1067 triumviris
920 1029 1148 1079 recognoscendi
1162 1041 1280 1068 turmas
1296 1032 1430 1080 equitum
1445 1034 1659 1069 Romanorum.

124 1130 127 1131 ν
193 1115 213 1141 E
233 1113 288 1146 his,
309 1113 381 1150 quod
402 1111 434 1139 ab
450 1110 556 1139 chiavio
577 1111 691 1150 Augusto
709 1113 822 1142 instituti
838 1113 937 1141 fuerint
948 1133 957 1145 ,
987 1110 1120 1139 Suetonius
1135 1114 1161 1141 in
1176 1114 1295 1151 Augusto
1308 1122 1362 1150 cap.
1375 1124 1416 1151 37.
1431 1113 1519 1142 scribit
1533 1135 1539 1145 ‚
1566 1115 1641 1150 cujus
1655 1114 1710 1144 haec

211 1151 269 1180 sunt
290 1151 370 1179 verba
387 1161 394 1177 :
424 1152 541 1187 Qoque
554 1151 640 1188 plures
653 1160 758 1188 partem
776 1151 990 1180 administrandae
1004 1150 1153 1187 reipublic-³:
1169 1160 1294 1189 caperent
1309 1173 1316 1184 ,
1345 1161 1416 1190 nova
1429 1152 1517 1180 officia
1531 1155 1710 1191 excogitavit,

120 1200 213 1218 curam
232 1199 345 1227 operum
367 1188 553 1225 publicorum,
574 1190 678 1217 viarum
699 1193 725 1219 &
738 1199 868 1227 aquarum
881 1189 949 1217 alvei
965 1189 1086 1220 Tiberis,
1108 1189 1237 1218 frumenti
1250 1190 1351 1227 populo
1364 1191 1516 1222 dividendi,
1532 1190 1708 1227 prafhfflumm

121 1229 216 1259 Urbis,
236 1227 431 1255 rmum-miratum
446 1226 550 1263 legendi
563 1227 680 1259 senatus,
704 1230 730 1257 ὅ(
744 1229 859 1255 alterum
873 1227 1083 1264 recognoscendi
1097 1236 1199 1256 turmas
1212 1230 1333 1266 equitum
1343 1249 1350 1260 ,
1370 1228 1578 1267 quotiescunque
1590 1239 1657 1266 opus
1673 1232 1711 1260 eil

120 1266 168 1294 set.
194 1269 257 1294 Haec
274 1266 324 1292 ille.
350 1266 429 1292 Unde
445 1266 525 1292 etiam
542 1265 713 1294 manifestum
727 1267 779 1298 est,
800 1266 1022 1294 extraordinarios
1035 1275 1081 1293 eos
1095 1265 1256 1305 magistratus
1270 1266 1351 1295 fuisse.
1386 1269 1536 1306 Sequuntur
1548 1267 1711 1305 magistratus

115 1302 290 1338 provinciales.

690 1367 714 1394 C
754 1377 772 1395 Α
812 1377 826 1395 p
867 1376 885 1394 υ
926 1375 944 1394 τ
1006 1368 1033 1394 X
1049 1367 1133 1395 LII.

765 1434 818 1467 De
828 1431 1062 1481 proconsulibus.

122 1511 305 1573 Hactenus
321 1512 353 1540 de
365 1512 396 1540 iis
410 1509 599 1549 magistratibus
613 1531 621 1543 ,
642 1511 687 1548 qui
702 1511 729 1538 in
744 1510 797 1547 ipsa
812 1510 886 1538 Urbe
900 1512 1059 1548 potestatem
1077 1511 1238 1544 habuerunt,
1257 1520 1387 1550 quantum
1406 1514 1516 1549 quidem
1532 1525 1566 1543 ex
1582 1522 1707 1544 veterum

218 1552 403 1578 monumentis
423 1549 548 1588 cognosci
570 1550 659 1585 potuit
673 1570 681 1581 ‚
707 1550 839 1577 mediocri
852 1550 988 1587 diligentia
1003 1551 1135 1578 diximus:
1162 1550 1239 1577 restat
1256 1559 1284 1578 ut
1293 1548 1488 1584 provincialium
1500 1553 1707 1590 explicationem

123 1586 320 1625 subjungamus.
359 1590 490 1616 Dicuntur
504 1586 681 1622 provinciales,
703 1587 775 1625 quod
794 1597 850 1615 non
868 1587 896 1616 in
916 1588 1002 1620 Urbe,
1023 1587 1068 1616 sed
1087 1595 1160 1616 extra
1179 1597 1253 1619 eam,
1274 1588 1302 1615 in
1316 1587 1449 1622 prom-acia
1463 1588 1573 1622 scilicet,
1594 1592 1708 1626 potesta..

123 1631 181 1652 tem
196 1625 348 1657 habuerint,
371 1628 397 1654 ὃς
412 1627 587 1653 exercuerint.
627 1625 699 1661 Qid
712 1633 802 1654 autem
810 1625 955 1660 provincio,
977 1627 1159 1664 quotuplices,
1182 1628 1208 1655 &
1222 1626 1364 1663 quomodo
1377 1627 1524 1656 constitutae
1538 1628 1638 1657 fuerint
1650 1651 1657 1661 ,
1679 1630 1710 1658 li-

123 1661 174 1690 bro
187 1664 222 1691 de
234 1663 329 1690 milism
344 1664 527 1700 explicandum
542 1663 601 1690 erit.
640 1664 700 1690 Nos
712 1663 764 1690 hoc
775 1666 862 1700 capite
876 1664 1094 1699 deproconfhlibus
1108 1666 1230 1693 dicemus
1242 1686 1249 1695 ,
1267 1664 1313 1692 ubi
1327 1665 1447 1701 primurn
1462 1666 1651 1695 consideranda
1664 1677 1709 1695 ve-

123 1701 165 1728 nit
179 1701 232 1738 ipia
245 1701 394 1738 appellatio.
414 1701 563 1729 Plurimum
578 1702 651 1729 enim
665 1701 700 1729 de
712 1711 741 1728 ea
755 1701 902 1738 discrepant
917 1703 966 1730 viri
978 1703 1055 1739 hujus
1068 1704 1151 1731 nostri
1160 1702 1397 1731 fieculidoetiffimi
1405 1704 1546 1740 quomodo
1554 1713 1583 1731 ea
1590 1704 1707 1734 scriben-

122 1739 170 1770 da,
192 1741 218 1768 8<
232 1740 427 1776 pronuntianda
442 1740 481 1767 stt.
506 1740 623 1777 Qidam
638 1739 732 1767 volunt
747 1740 797 1767 esse
810 1740 864 1768 duo
873 1740 994 1768 distincta
1001 1741 1143 1773 vocabula,
1164 1741 1279 1769 alterum
1287 1741 1516 1778 praepofitionem‚
1535 1742 1650 1771 alterum
1658 1754 1706 1772 no-

124 1786 188 1804 men
209 1786 287 1813 atque
306 1778 331 1805 in
353 1777 476 1815 singulari
498 1787 613 1805 nurnero
632 1779 658 1805 in
673 1777 798 1805 omnibus
812 1778 909 1806 casibus
922 1779 955 1806 dc
966 1779 1104 1814 proconficle
1115 1798 1124 1810 ,
1147 1780 1177 1808 in
1189 1780 1284 1816 plurali
1299 1800 1307 1810 ,
1327 1778 1508 1814 proconficlibm
1522 1791 1530 1807 .·
1557 1780 1600 1808 alii
1613 1790 1706 1810 contra

122 1816 288 1844 contendunt
308 1816 358 1843 elle
377 1825 462 1843 unum
481 1825 584 1843 nomen
604 1816 784 1851 compositum
799 1837 807 1848 ,
834 1819 861 1845 δί
880 1817 983 1844 inficeti
1002 1817 1157 1855 regulariter
1170 1839 1177 1850 ,
1199 1818 1344 1854 proconficl,
1363 1817 1510 1852 proconficlo's
1523 1837 1530 1848 .
1552 1819 1708 1855 proconsuli,

122 1853 177 1887 &m
198 1854 273 1881 ficuti
286 1874 294 1885 ‚
313 1862 429 1888 pronepos
441 1875 448 1884 ‚
462 1852 619 1888 pronepotis,
633 1853 778 1888 pronepoti,
801 1853 862 1887 &a
882 1855 1005 1884 dicimus.
1045 1856 1129 1892 Cujus
1148 1856 1282 1885 sententiae
1302 1856 1338 1884 est
1359 1854 1441 1883 Aldus
1460 1856 1599 1884 Manutius
1616 1858 1707 1893 junior

121 1893 150 1920 in
167 1891 374 1929 orthographia.
415 1892 485 1920 Vide
500 1893 582 1920 etiam
601 1891 711 1919 Paulum
725 1897 877 1920 Mimutmm
892 1894 1104 1922 Commentariis
1117 1897 1144 1924 in
1156 1896 1275 1931 primam
1289 1893 1425 1931 epistolam
1431 1893 1490 1921 cic.
1504 1895 1535 1922 ad
1549 1896 1705 1924 Lentulum.

124 1929 181 1965 Q1i
195 1929 312 1966 priorem
327 1929 484 1959 sententiam
497 1929 696 1967 amplectuntur
708 1951 715 1962 ‚
736 1940 787 1967 pro
800 1930 825 1958 se
840 1932 974 1960 adducunt
989 1931 1126 1968 Augustini
1143 1936 1169 1962 ὃς
1184 1932 1310 1960 ciceronis
1326 1931 1526 1960 authoritatem.
1567 1935 1707 1971 Augustini

122 1968 175 1995 hoc
189 1968 225 1995 est
241 1977 249 1994 ι
275 1967 316 1995 Ab
331 1969 352 1995 E
366 1968 441 1996 litera
455 1968 540 1997 vocali
555 1990 561 1999 ‚
583 1967 685 1996 nullum
699 1970 825 1996 Latinum
839 1971 886 1998 nifi
898 1970 991 2006 junzsta
1003 1970 1189 2006 praepofitione
1202 1969 1379 1998 masculinum
1393 1970 1528 1998 invenitur
1539 1991 1546 2003 ‚
1567 1980 1597 2000 ut
1605 1982 1704 2007 procon-

114 2006 185 2042 ficle,
200 2014 350 2040 propatore.
389 2007 461 2044 Ergo
473 2007 564 2043 juncta
578 2005 761 2043 praepofitione
776 2007 842 2035 fiunt
856 2009 964 2040 Latina,
985 2015 1014 2036 ut
1026 2008 1100 2039 dixi,
1119 2017 1170 2044 pro
1177 2016 1297 2042 pretore,
1314 2017 1363 2043 pro
1377 2007 1501 2046 quaestore.
1541 2010 1613 2037 Nam
1630 2019 1704 2040 vete-

121 2054 163 2072 res
181 2044 351 2071 nominativo
371 2043 428 2071 casu
442 2046 567 2080 proconfiael
583 2043 723 2075 dicebant,
752 2045 919 2074 attendentes
931 2066 939 2077 ‚
962 2045 1066 2073 nullum
1084 2055 1186 2073 nomen
1206 2046 1274 2083 apud
1296 2046 1405 2073 Latinos
1425 2047 1508 2075 virilis
1519 2049 1624 2085 generis
1637 2049 1665 2077 in
1679 2049 1701 2076 E

123 2083 204 2110 exire.
223 2083 287 2109 Haec
300 2080 354 2110 ille.
373 2083 448 2118 Apud
464 2081 606 2110 Ciceronem
619 2090 709 2110 autem
724 2089 795 2109 extat
810 2084 1009 2117 testimonium,
1031 2083 1076 2111 ubi
1091 2085 1122 2111 L.
1138 2083 1272 2120 Philippus
1283 2084 1362 2115 dicit,
1382 2083 1408 2112 se
1422 2085 1472 2113 Cn.
1482 2086 1642 2123 Pompejum
1651 2097 1703 2124 pro

122 2118 214 2155 confide
228 2139 235 2151 ‚
261 2129 316 2147 non
338 2128 389 2155 pro
407 2120 550 2156 Confhlt‘bus
569 2123 600 2149 ad
622 2120 718 2148 bellum
735 2120 950 2150 Mithridaticum
965 2122 1093 2150 mittere:
1120 2125 1148 2151 ὃ(
1164 2122 1226 2150 alibi
1239 2123 1308 2158 apud
1322 2123 1438 2151 eundem
1453 2123 1554 2152 Gellius
1565 2126 1703 2160 proconficle

123 2165 241 2186 vocatur.
261 2158 303 2186 Ad
317 2166 380 2194 quas
393 2158 564 2188 authoritates
580 2160 642 2197 quid
658 2158 815 2195 respondeat
829 2160 917 2188 Aldus
929 2159 1078 2192 Manutius,
1098 2161 1183 2189 videri
1195 2161 1292 2199 potest·
1312 2162 1439 2198 Legimus
1451 2163 1560 2199 quidem
1575 2165 1656 2192 etiam
1671 2166 1699 2194 in

121 2195 245 2223 Ciceronis
264 2195 379 2232 epistolis
392 2196 423 2224 ad
438 2198 598 2226 Familiarcis
610 2219 618 2230 ,
646 2206 709 2234 quas
726 2196 853 2236 Dronjfius
866 2197 1005 2226 Lambinus
1019 2199 1173 2229 emendavit
1185 2220 1193 2233 ‚
1220 2199 1285 2237 saepe
1301 2200 1340 2227 M.
1355 2201 1389 2227 T.
1404 2201 1436 2228 C.
1451 2201 1479 2227 Ρ.
1500 2202 1615 2231 Lentulo
1630 2204 1649 2230 P
1660 2214 1700 2231 Ro

124 2235 172 2263 Co
181 2246 198 2262 N
208 2245 218 2261 s
229 2243 246 2260 υ
257 2245 271 2262 L
281 2244 304 2262 r..
329 2234 379 2261 Sed
394 2235 427 2262 dc
438 2235 568 2263 vocabulo
580 2246 635 2264 non
650 2236 685 2263 est
700 2237 780 2264 tanti:
801 2246 858 2264 rem
873 2236 957 2274 ipsam
970 2238 1118 2266 videamus.

162 2271 315 2307 Proconficles
331 2281 445 2309 quatuor
459 2274 548 2301 modis
561 2275 647 2302 dictos
659 2273 734 2302 fuiffe
748 2276 908 2304 invenimus.
927 2277 1049 2304 Primum
1063 2286 1110 2304 eos
1123 2297 1130 2309 ‚
1156 2276 1252 2314 quibus
1264 2276 1332 2305 ultra
1344 2278 1495 2315 legitimum
1510 2300 1518 2310 ,
1541 2281 1567 2308 ὃς
1582 2288 1701 2307 annuum

122 2317 229 2347 tempus
247 2309 408 2349 magistratus
427 2319 585 2349 prorogatus
607 2312 669 2341 fuit:
691 2314 788 2341 deinde
803 2323 862 2345 eos,
881 2314 926 2351 qui
939 2324 971 2342 ex
985 2315 1093 2352 privatis
1108 2315 1135 2343 in
1148 2315 1313 2352 provincias,
1333 2317 1375 2344 vel
1387 2317 1419 2344 ad
1433 2318 1582 2354 gerendum
1601 2318 1701 2345 bellum

125 2350 194 2377 miss'i
208 2348 282 2377 sunt:
304 2358 362 2377 tum
379 2359 438 2381 eos,
459 2351 503 2387 qui
518 2359 549 2378 ex
563 2349 710 2388 magstrum
723 2351 750 2378 in
758 2350 898 2385 provincias
912 2351 971 2380 sunt
984 2352 1101 2389 profeffl
1114 2363 1120 2380 ι
1140 2354 1308 2391 postremum
1322 2355 1368 2393 qui
1380 2356 1519 2385 constituta
1531 2355 1674 2385 monarchia
1689 2357 1703 2384 ἐι

123 2386 211 2416 senatu
225 2389 251 2416 in
265 2389 415 2424 provincias
431 2397 486 2421 eas,
508 2397 564 2427 quae
576 2388 669 2428 populi
683 2388 809 2422 fuerunt,
829 2391 898 2419 miffi
912 2390 979 2420 sunt.

1031 2430 1109 2459 Xxx
1129 2438 1144 2460 2
1668 2434 1711 2468 Ad,
