2075 2734
429 85 515 123 'DE
555 93 757 122 Crass!
799 89 1333 122 E'rnavrnus.CA¹⁷.2o.
1634 112 1689 142 739

132 146 250 180 Amlia,
277 144 400 174 machina
414 144 543 173 haustoria
555 165 564 177 ,
584 151 636 182 qua
648 141 663 170 ὲ
676 141 779 170 sentina
792 139 934 169 attrahitur
947 159 957 173 ,
973 140 1178 178 exinaniturque
1198 150 1293 170 nautea
1305 165 1313 176 ,
1333 143 1369 172 fic
1382 145 1582 182 appellabantur
1596 151 1686 182 sordes

97 188 208 225 putidae,
227 195 286 223 quae
300 185 327 213 in
341 184 443 212 sentina
455 190 538 211 erant.
866 215 870 219 η

137 223 228 254 Corbis
241 224 347 262 fignum
361 222 498 260 quoddam
508 220 619 249 navium
632 224 703 250 erat,
722 217 794 245 unde
808 215 900 244 corbum
913 226 990 244 naves
1000 217 1125 247 dicuntur
1138 219 1280 252 onerariae,
1301 222 1374 257 quod
1387 223 1414 250 in
1428 223 1501 252 malo
1512 235 1602 255 earum
1617 228 1687 258 sum-

98 273 149 291 mo
161 271 212 300 pro
224 263 300 300 figno
313 260 407 290 corbes
420 259 535 288 solerent
550 257 680 294 suspendi.
707 254 801 297 Εψᾳξ.
826 256 900 283 Sicut
913 253 962 282 illae
976 265 1057 283 naves
1071 277 1079 288 ,
1099 265 1157 293 quae
1166 255 1238 284 bello
1249 266 1345 293 paratae
1359 268 1434 289 erant
1445 280 1453 290 ‚
1462 263 1571 300 galeam
1583 266 1684 305 infigne

98 301 242 330 habebant:
263 308 321 338 quae
335 309 400 328 vero
413 298 445 326 ad
460 297 622 325 celeritatem
631 316 639 327 ‚
658 299 782 321 Mercum
789 294 921 328 petafiem:
938 294 1124 330 pacificatoriae
1136 294 1279 322 caduceum.

134 339 224 366 Malus
234 339 272 367 est
287 338 368 366 arbor
380 337 453 364 navis
465 356 473 367 ‚
493 344 551 372 quae
565 334 654 362 ereeta
666 331 725 360 vela
737 331 843 360 sustinet
854 352 862 364 ,
884 332 918 359 fic
932 332 1003 360 dista
1014 352 1022 364 ,
1041 333 1115 369 quod
1129 333 1208 360 instar
1220 333 1283 361 mali
1295 333 1374 364 habet
1393 337 1421 366 in
1436 338 1593 370 summitate
1602 362 1610 374 ,
1638 342 1680 371 vel

88 379 169 416 >quod
184 377 253 414 quafi
268 375 424 414 quibusdam
441 373 516 401 malis
532 372 627 409 ligneis
641 371 767 408 cingitur.

134 417 209 442 Mala
221 414 304 452 lignea
315 414 437 442 dicuntur
449 410 552 438 orbiculi
565 410 708 442 volubiles,
727 409 774 446 qui
788 408 889 436 malum
904 407 1005 436 circulo
1018 407 1141 436 ambiunt
1154 429 1162 441 ,
1183 417 1213 438 ut
1226 420 1321 439 eorum
1337 412 1446 442 volubili
1461 416 1607 453 agitatione
1621 418 1680 448 vela

95 451 198 481 facilius
212 454 253 481 vel
266 452 427 489 pandantur,
447 449 488 477 vel
500 449 685 478 demittantur.

136 494 226 520 Partes
237 490 302 518 mali
314 490 372 516 lunt
384 487 455 518 calx,
475 487 510 515 fic
522 487 665 524 appellatur
680 496 738 524 pars
749 485 856 514 infima:
875 483 1022 523 carchefium
1034 504 1043 516 ‚
1063 484 1187 521 suprema
1200 494 1259 521 pars
1273 508 1281 519 ‚
1303 487 1356 516 five
1370 489 1493 519 foramen
1507 513 1515 524 ,
1537 502 1586 530 per
1603 496 1677 531 quod

91 530 124 557 -in
139 529 247 557 summo
260 526 332 555 malo
346 526 422 554 funes
435 526 617 561 trajiciuntur,
639 532 668 553 ut
680 525 738 553 vult
751 522 864 555 Nonius,
883 531 1018 555 antemna,
1038 522 1143 559 lignum
1159 523 1336 553 transversum
1350 529 1377 554 in
1394 528 1481 560 malo,
1502 531 1574 568 quod
1590 533 1681 562 velum

94 567 203 596 sustinet
213 587 221 598 ,
240 565 310 603 quafi
325 563 468 593 transvena
481 565 596 600 pertica,
617 563 652 591 fic
666 563 751 595 dieta,
770 561 843 600 quod
857 561 889 590 fit
901 569 963 589 ante
975 570 1097 589 amnem:
1118 560 1161 588 alii
1175 561 1206 588 ab
1219 573 1279 594 am,
1299 564 1325 591 id
1339 565 1376 592 est
1390 585 1398 596 ‚
1417 566 1508 594 circum
1522 589 1528 599 ,
1550 571 1576 597 ὅ(
1590 571 1679 600 tenda,

90 605 239 633 deducunt.
258 608 388 631 ‘antemna
401 603 526 639 utrinque
539 603 722 630 extremitates
735 600 862 632 habebat,
883 608 946 639 quaeA
955 598 1110 627 dicebantur
1122 608 1225 630 cornua,
1247 601 1313 628 item
1329 604 1430 630 ceruct‘u.
1451 606 1635 636 Eratosthenes
1651 609 1679 636 1⁸0,

91 642 314 672 ‚Architectonico
327 650 415 678 partes
429 640 494 668 mali
508 642 575 669 dixit
587 640 640 668 effe
654 639 714 672 has,
730 648 833 675 pterne,
854 638 1006 669 thoracum,
1026 637 1136 668 elacate,
1156 636 1304 673 carchefi'on‚
1323 648 1490 673 antemnam,
1509 644 1584 672 terion
1596 658 1604 673 .·
1623 655 1679 684 quo

90 681 207 710 nomine
222 681 332 718 quidam
346 679 504 716 fingularem
518 686 623 716 partem
640 679 720 710 mali,
741 677 785 706 alii
798 676 882 713 ip2am
894 683 1045 703 antemnam
1058 675 1199 712 fignificari
1213 675 1341 707 scribunt.

135 719 315 747 Instrumenta
330 720 356 746 ὃς
372 725 541 746 armamenta
554 718 663 745 navium
680 716 735 744 haec
747 715 816 743 fimt-

131 756 210 784 Remi
222 756 282 784 sunt
294 757 400 792 perticae
412 755 455 783 stu
473 756 560 783 conti.
581 764 638 792 quae
650 755 730 783 veluti
744 755 772 782 in
785 754 903 789 palmam
914 751 1050 784 desinunt,
1070 751 1141 779 unde
1155 751 1185 779 fit
1198 772 1204 783 ‚
1228 760 1257 781 ut
1270 754 1408 782 interdum
1425 754 1438 783 a
1452 759 1540 792 po'e'tis
1547 759 1637 793 palme.
1652 763 1679 790 δε

60 794 61 797 ’
89 794 208 831 palmula
224 804 365 826 vocentur,
387 794 481 831 quibus
492 803 572 821 naves
586 796 612 822 δε
626 802 694 821 rates
708 792 897 830 impelluntur,
919 793 945 818 δί
960 799 1081 828 aguntur.
1121 790 1255 818 Dicuntur
1269 793 1338 819 remi
1351 813 1358 824 ‚
1380 793 1436 825 vel,
1458 801 1501 823 Ἀπί
1513 803 1542 825 ’τέ
1553 803 1618 833 pm,
1637 799 1683 830 vel,

95 835 109 862 ἐι
122 834 293 861 removendis
307 836 334 862 ὃ(
347 833 511 861 decutiendis
524 831 659 860 fluetibus.
690 833 761 859 Item
775 830 845 864 tons-”t
856 837 1049 865 nonnunquam
1066 827 1245 864 appellantur.
1265 829 1279 857 a
1291 831 1424 858 tondendis
1437 834 1463 860 ὃς
1478 833 1604 863 feriendis
1618 846 1681 873 pro-

95 872 175 900 cellis.
195 870 280 908 Festus
293 880 399 902 tamen,
420 870 491 906 quod
505 869 578 896 ferro
592 870 754 897 tondeantur
763 888 770 900 ,
789 860 872 895 dictas
885 874 972 904 putat,
996 867 1077 903 idque
1089 866 1168 893 Ennii
1179 866 1341 897 authoritate
1355 871 1525 906 comprobat.
1555 876 1621 902 Sunt
1635 876 1682 912 qui

95 919 235 938 remorum
250 908 378 945 palmulas
390 909 471 942 myas
485 907 536 934 effe
547 907 708 935 existiment.
748 907 882 940 Dicuntur
897 908 923 933 ὃς
936 905 1103 936 remundes,
1124 905 1138 932 a
1153 906 1288 934 trudendo
1301 928 1309 939 ‚
1328 914 1359 935 ut
1377 908 1496 945 plerique
1516 912 1678 941 existimant.

94 950 153 976 Hos
166 947 273 984 quidam
282 955 391 982 perticas
402 947 610 982 interpretantur
619 967 625 977 ,
647 948 672 974 ὅ(
685 953 766 972 comos
780 944 831 971 cfle
849 944 941 971 volunt
954 943 988 971 ad
1001 943 1145 972 trudendas
1159 945 1187 972 ὃ(
1206 944 1380 982 impellendas
1397 956 1486 975 naves.
1526 953 1551 976 T
1550 950 1622 976 rudes
1635 951 1682 979 ali„

93 986 139 1022 qui
153 984 248 1013 volunt
262 986 313 1012 effe
326 985 519 1016 instrumenta,
544 983 638 1020 quibus
650 983 714 1011 saxo
733 982 861 1011 inhaerens
879 981 1020 1019 navigium
1033 1002 1040 1013 ,
1062 982 1134 1010 trudi
1153 981 1196 1009 vel
1211 984 1304 1011 reduci
1325 983 1414 1013 soleat.
1454 988 1570 1020 Cantus,
1592 989 1680 1026 inquit

91 1027 209 1051 Donatus
223 1046 227 1053 ‚
255 1024 292 1051 est
304 1023 404 1060 pertica
415 1022 532 1060 oblonga
545 1042 552 1054 ‚
574 1022 601 1049 in
613 1024 698 1058 capite
713 1021 815 1049 ferrum
830 1021 929 1049 habens
938 1034 950 1052 ⁷,
970 1029 1022 1057 qua
1034 1027 1120 1047 nautae
1133 1028 1245 1049 utuntur
1263 1023 1296 1050 ad
1318 1022 1479 1059 exploranda
1493 1025 1552 1054 loca
1568 1027 1678 1054 navibus

87 1071 105 1089 o
142 1069 247 1089 ortuna.

104 1069 250 1127 Pl³I'almula
261 1100 298 1128 est
310 1106 431 1127 extrema
445 1099 515 1126 remi
527 1098 654 1131 latitudo,
675 1096 838 1125 manubrium
851 1096 927 1127 remi.
947 1097 1001 1125 five
1012 1095 1151 1133 capulum,
1171 1096 1338 1126 enchiridium
1351 1100 1439 1128 Graeci
1450 1100 1599 1138 appellant,
1619 1111 1679 1131 me-

93 1137 165 1166 diam
176 1146 281 1174 partem
293 1147 394 1165 uracon.

129 1175 225 1204 Clavus
236 1177 311 1205 navis
321 1176 358 1203 est
369 1174 588 1214 gubernaculum.
615 1175 725 1207 Ennius,

399 1218 434 1241 Ut
446 1214 546 1241 clavum
559 1212 656 1241 redium
669 1223 769 1240 teneam
778 1233 784 1244 ‚
803 1221 946 1251 navemque
955 1209 1097 1249 gubernem.

130 1252 197 1280 Inde
208 1262 255 1289 per
266 1252 467 1281 transsationem
481 1261 531 1288 pro
542 1250 760 1289 administratione
772 1252 891 1288 ponitur.
917 1249 1021 1277 Servius
1035 1251 1237 1279 Grammaticus
1249 1250 1350 1279 clavum
1364 1260 1441 1289 putat
1453 1254 1505 1281 effe
1520 1254 1615 1283 fustem
1629 1266 1679 1294 gu-

91 1290 225 1319 bernaculi
234 1312 241 1322 ,
262 1290 315 1318 hoc
327 1291 364 1318 est
376 1311 383 1322 ,
402 1290 506 1327 lignum
519 1289 669 1327 oblongum
683 1311 690 1322 ,
711 1299 765 1327 quo
782 1290 867 1317 fleetit
879 1298 910 1317 ac
926 1288 1041 1315 rcflestit
1057 1288 1220 1323 gubernator
1233 1298 1332 1317 navem
1347 1311 1356 1322 ‚
1376 1292 1438 1325 anfiz
1449 1290 1596 1329 appellatur
1608 1294 1621 1322 ὲ
1635 1295 1679 1322 Vi-

92 1327 185 1357 truvio.
204 1330 329 1357 Distinxit
343 1331 370 1357 δί
383 1331 469 1355 Cicero
481 1329 551 1356 inter
563 1328 663 1355 clavum
679 1330 705 1356 ἃ
713 1326 925 1365 gubernaculum,
945 1335 1007 1353 cum
1022 1335 1072 1362 pro
1080 1328 1170 1354 Sextio
1184 1328 1235 1358 ait,
1257 1327 1362 1356 clavum
1378 1330 1445 1357 tanti
1460 1331 1569 1367 imperii
1584 1340 1676 1361 tenere

93 1368 120 1395 ὅ(
133 1366 312 1433 ἓυὸεὶοεεώα
324 1366 474 1404 reipublicae
486 1366 609 1395 trastare.
640 1367 709 1402 Anfiz
721 1365 827 1394 lumina
840 1375 899 1403 pars
910 1364 979 1394 clavi
992 1371 1058 1393 erat·
1090 1366 1177 1393 Locus
1190 1364 1236 1392 ubi
1249 1366 1412 1403 gubernator
1424 1367 1582 1402 reclinatur,
1601 1371 1677 1399 encli-

91 1414 135 1432 ma
148 1406 207 1433 dice
227 1413 294 1434 atur.

130 1441 240 1478 Tonfilla
251 1443 324 1481 palus
334 1443 374 1471 est
389 1442 494 1471 dolatus
506 1443 533 1470 in
547 1452 677 1475 acumen,
697 1445 724 1471 ὃς
737 1441 844 1478 cuspide
856 1448 1016 1478 praeacutus,
1036 1442 1082 1478 qui
1092 1443 1165 1469 navis
1179 1441 1320 1479 religandae
1335 1441 1408 1470 causa
1421 1445 1449 1471 in
1464 1443 1555 1473 littore
1568 1446 1675 1483 figitur,

91 1480 317 1547 ffus.nlsidorus
332 1483 382 1514 ait,
399 1480 527 1520 tonfillam
541 1481 686 1519 significare
699 1489 801 1509 uncum
814 1480 934 1508 ferreum
950 1480 990 1508 vel
1008 1479 1111 1516 lignum
1125 1500 1133 1512 ‚
1152 1481 1183 1508 ad
1198 1480 1271 1517 quod
1285 1481 1313 1507 in
1326 1479 1416 1509 littore
1429 1482 1549 1511 defixum
1564 1485 1675 1514 navium

140 1530 167 1548 es
179 1530 186 1548 1
208 1530 215 1547 1
237 1528 324 1549 antur.

132 1529 349 1590 Bolu‚gl..ucillio
359 1565 538 1592 cataprorates,
558 1557 595 1585 est
606 1557 689 1590 linea,
709 1565 772 1584 cum
788 1555 869 1588 massa
879 1553 1020 1592 plumbea,
1040 1562 1097 1591 qute
1109 1554 1144 1582 de
1156 1564 1236 1592 prora
1248 1556 1355 1585 demitti
1368 1555 1435 1585 solet
1451 1558 1478 1585 in
1491 1567 1566 1586 mare
1579 1560 1612 1588 ad
1629 1570 1674 1590 ex-

90 1594 249 1630 plorandum
265 1595 396 1628 fundum,
416 1596 549 1633 marisque
561 1596 740 1624 altitudinem.
770 1594 865 1622 Plauto
877 1594 946 1620 lmea
957 1593 1066 1620 dicitur.

132 1633 284 1671 Phalanges,
305 1634 350 1670 qui
364 1633 524 1670 &phalanga
537 1632 673 1667 &pulvim
686 1633 822 1660 dicuntur.
845 1631 958 1668 cylindri
972 1631 1081 1668 quidam
1092 1630 1172 1668 lignei
1185 1630 1260 1663 sunt,
1282 1632 1328 1669 qui
1342 1632 1462 1661 vestibus
1475 1644 1672 1672 promoventur

92 1671 125 1699 ad
137 1671 342 1700 transducendas
353 1680 434 1699 naves
453 1672 481 1698 in
495 1679 622 1707 portum,
642 1671 695 1698 five
707 1671 740 1698 ad
754 1670 837 1697 littus.
1670 1671 1673 1673 ’

129 1713 227 1737 Ancora
240 1711 276 1737 est
289 1710 354 1737 dens
368 1709 467 1738 ferreus
480 1710 512 1737 ad
526 1709 648 1736 fistendas
659 1718 751 1740 naves,
771 1707 806 1735 fic
819 1707 916 1734 dicitur
928 1715 976 1743 per
988 1712 1123 1744 ἁντίςοιχω
1136 1707 1206 1744 quasi
1218 1714 1308 1744 dynam,
1317 1730 1324 1740 ‚
1341 1708 1373 1735 ab
1387 1709 1558 1739 incurvitate.
1594 1713 1669 1743 Inter-

89 1757 190 1776 ancoras
201 1769 210 1782 ,
230 1749 318 1786 inquit
333 1748 439 1781 Pollux,
459 1756 510 1775 una
525 1747 576 1779 est,
596 1757 654 1785 qnae
659 1747 735 1782 sacra
748 1755 837 1773 ancora
848 1745 961 1777 dicitur,
983 1754 1064 1782 quam
1081 1755 1137 1773 non
1152 1745 1200 1773 nisx
1219 1747 1304 1774 coaffi
1318 1755 1404 1774 nautae
1417 1749 1564 1784 expediunt
1577 1751 1671 1779 necese

87 1786 168 1814 fitatis
187 1786 269 1814 caula.
309 1787 375 1814 Sunt
393 1787 440 1822 qui
459 1787 516 1822 ejus
534 1794 641 1822 quoque
662 1784 807 1816 vocabulo,
826 1783 879 1811 hoe
898 1783 949 1815 est,
969 1787 1033 1820 taff,
1052 1791 1206 1811 extremum
1219 1786 1293 1813 navis
1304 1784 1449 1814 subfidiurn
1464 1786 1568 1815 dietum
1584 1790 1673 1819 existi-

87 1832 174 1854 ment.

127 1862 292 1897 muffulas,
312 1871 340 1892 ut
348 1861 438 1890 scribit
448 1859 527 1889 AElius
539 1860 617 1894 Stilo,
638 1861 748 1893 dicitur,
769 1860 815 1899 qui
828 1860 855 1889 in
867 1867 948 1897 portu
961 1861 1077 1889 modum
1090 1861 1136 1889 dat
1151 1860 1232 1889 claffi:
1254 1861 1280 1889 id
1295 1869 1386 1890 autem
1402 1862 1438 1890 est
1451 1862 1571 1896 malleus,
1593 1865 1669 1901 cujus

90 1901 219 1929 meminit
231 1904 297 1928 Cato
314 1901 342 1928 in
355 1900 509 1928 diffuafione
521 1900 555 1927 de
568 1900 627 1937 lege
639 1900 722 1929 Attali
742 1902 768 1928 ὃ(
781 1898 953 1936 vectigalibus
970 1899 1035 1926 Asiae
1050 1909 1058 1926 ι
1079 1901 1141 1933 Cajo
1154 1898 1227 1925 Lucio
1238 1908 1353 1935 praetore
1366 1901 1483 1938 remiges
1498 1900 1586 1938 scripti
1597 1904 1671 1932 cives

54 1937 56 1942 '
90 1939 211 1966 Romani
220 1938 267 1966 sub
277 1939 451 1974 pomfiulum,
472 1937 519 1966 sub
531 1939 648 1976 flagrum
662 1938 805 1974 conscripti
818 1938 908 1965 venire
920 1936 1024 1972 passun.
1062 1935 1213 1970 Pom‘stulus
1229 1938 1262 1964 ab
1275 1937 1404 1974 aliquibus
1421 1939 1519 1966 dicitur
1532 1941 1615 1968 etiam
1630 1942 1671 1970 in-

76 1978 196 2006 'terdum
212 1977 333 2011 perticam
346 1977 491 2014 lignificare
503 1997 511 2007 ‚
531 1978 668 2005 interdum
687 1976 880 2012 remigantium
899 1974 1076 2002 hortatorem.
1113 1974 1178 2001 Erat
1191 1975 1264 2002 enirn
1279 1976 1380 2011 pertica
1399 1977 1521 2013 quaedam
1542 1979 1570 2006 in
1588 1980 1667 2012 navi.

86 2024 169 2053 quam
183 2015 305 2044 hortator
316 2016 454 2052 remigum
465 2014 586 2046 tenebat,
607 2024 688 2052 quam
703 2015 722 2043 fi
734 2015 881 2043 incuteret,
900 2014 1018 2049 remiges
1029 2021 1085 2039 non
1097 2011 1263 2041 definebant:
1283 2013 1301 2040 fi
1314 2013 1472 2050 deponeret,
1496 2018 1668 2054 conquiesce.

51 2056 58 2058 “
86 2052 151 2083 bant
164 2054 177 2082 a
189 2053 287 2082 labore.
306 2056 383 2081 Hanc
398 2053 502 2082 Plautus
511 2051 641 2091 casterium
653 2053 777 2081 nominat
790 2052 817 2078 in
832 2050 957 2078 Alinaria.
978 2049 1080 2077 Nonius
1091 2058 1183 2079 tamen
1196 2051 1331 2079 Marcellus
1344 2051 1473 2090 casteriam
1486 2053 1578 2083 locum
1593 2056 1661 2089 effe,

87 2092 175 2130 inquit
185 2114 191 2122 ,
214 2093 256 2120 ubi
270 2101 332 2119 cum
347 2093 481 2129 navigatio
494 2091 620 2130 quiescit,
639 2092 709 2120 remi
723 2094 748 2120 ὃ(
761 2088 940 2128 gubernacula
952 2097 1126 2125 reponuntur.

127 2133 190 2160 Huc
202 2132 336 2168 pertinent
351 2133 378 2159 δε
390 2131 566 2159 instrumenta
579 2129 623 2158 illa
635 2150 642 2162 ,
662 2130 756 2168 quibus
770 2131 797 2156 in
812 2127 886 2156 bellis
901 2127 1029 2157 duntaxat
1042 2127 1178 2157 navalibus
1192 2127 1334 2158 utebantur
1346 2149 1355 2162 ‚
1381 2129 1466 2167 qualia
1478 2129 1539 2159 fiint
1550 2132 1670 2172 harpago-

56 2192 61 2193 γ
87 2179 145 2199 nes,
164 2179 254 2196 manus
262 2170 361 2204 ferrea,
381 2168 526 2199 cammah,
544 2169 625 2201 corvi,
638 2168 725 2205 falces.

128 2211 247 2246 Harpago
259 2208 396 2235 dicebatur
410 2207 509 2244 pertica
520 2207 592 2236 ferro
605 2207 710 2236 adunco
722 2205 869 2245 praepilata,
888 2215 940 2243 qua
953 2205 1028 2233 navis
1037 2204 1186 2233 tenebatur.

126 2250 223 2273 Manus
229 2246 328 2282 ferrea,
348 2245 464 2283 harpago
477 2247 563 2274 ferrea
577 2254 649 2279 erat,
667 2246 784 2284 pluribus
796 2245 868 2273 uncis
880 2244 976 2275 divin,
997 2253 1047 2281 qua
1060 2253 1140 2272 naves
1154 2243 1182 2271 in
1195 2244 1325 2273 confliCiu
1339 2243 1425 2272 navali
1441 2244 1639 2284 colligabantur.

124 2286 266 2312 Cataracta
281 2286 386 2313 videtur
401 2284 433 2311 ab
448 2284 563 2319 Appiano
574 2285 658 2322 accipi
671 2294 720 2322 pro
737 2292 820 2324 ponte
836 2304 843 2316 ‚
864 2283 908 2320 qui
921 2283 948 2310 in
960 2291 1049 2320 pugna
1063 2283 1148 2312 navali
1166 2283 1196 2310 in
1209 2282 1327 2311 hostium
1339 2292 1418 2312 naves
1433 2285 1552 2322 injicitur
1563 2307 1572 2318 ,
1599 2286 1668 2314 dum

90 2331 177 2360 pugna
190 2324 337 2352 conseritur
353 2324 380 2351 &
393 2322 528 2351 ascenium
542 2325 579 2351 eis
592 2323 701 2360 praebet.

125 2361 224 2407 corvi,
251 2364 340 2393 Graeci
354 2369 459 2402 affixa,
476 2363 648 2393 munimenta
660 2363 784 2402 quaedam
804 2360 916 2400 navium
927 2368 1006 2431 Erant
1018 2381 1026 2393 ‚
1053 2359 1067 2389 ὲ
1084 2362 1217 2394 Romanis
1237 2362 1387 2403 excogitata
1399 2383 1408 2400 ,
1433 2371 1550 2403 quorum
1567 2362 1674 2400 elegans

964 2409 980 2431 a
990 2408 1049 2432 aaa
1067 2407 1086 2430 2
1336 2401 1365 2404 ⁷⁷*
1578 2401 1677 2431 destri-
