2075 2734
419 131 473 166 ²3⁶
733 123 1174 155 Ari-eruirAruiw
1213 118 1551 147 RoriANARuM
1592 122 1775 151 L1n.1v.·

416 181 487 210 dies.
509 180 536 206 in
550 178 616 205 duos
629 170 715 202 nouos
731 173 834 202 menses
850 175 905 210 pari
921 173 1024 201 ratione
1032 171 1132 200 divisit:
1151 170 1222 200 aede
1232 171 1332 200 duobus
1341 173 1460 209 priorem
1468 170 1623 205 Ianuarium
1632 177 1808 212 nuncupavit,
1829 179 2006 217 primumque

418 219 480 244 anni
488 216 538 243 ess'e
547 214 641 244 voluit,
666 212 812 241 secundum
820 212 919 239 dicavit
930 211 1021 239 Februo
1030 214 1081 238 Deo
1090 231 1097 242 ‚
1112 211 1157 248 qui
1165 211 1348 238 lustrationum
1358 219 1452 247 potens
1462 211 1587 239 creditur.
1610 212 1691 240 Paulo
1699 223 1763 241 vero
1770 216 1826 250 post
1834 218 1861 244 in
1868 216 2002 246 honorem

419 255 529 291 imparis
537 253 656 283 numeri,
678 260 761 280 unum
771 251 869 285 adjecit
877 251 951 278 diem
960 253 1042 286 quem
1049 253 1171 282 Januarto
1179 250 1252 277 dedit
1259 270 1266 281 ‚
1287 257 1316 277 ut
1325 258 1379 277 tam
1390 250 1417 276 in
1426 259 1495 276 anno
1503 270 1509 280 ‚
1531 258 1609 286 quam
1621 252 1648 278 in
1657 251 1788 279 mensibus
1796 253 1900 291 singulis
1909 265 2003 291 practer

420 302 505 320 unum
522 290 697 321 Februarmm,
718 290 805 324 impar
819 298 947 317 numerus
961 288 1115 315 servaretur.
1137 289 1209 314 Nam
1224 288 1285 325 quia
1299 288 1441 315 duodecim
1452 286 1569 319 menses,
1591 289 1723 327 fifinguh,
1745 298 1788 318 aut
1796 293 2004 330 pai-iautimpari

420 340 537 358 numero
545 337 699 367 putarentur
709 348 715 359 ‚
737 325 1000 354 consummationem
1008 335 1100 363 parem
1109 324 1239 354 facerent:
1255 336 1321 353 unus
1328 327 1383 362 pari
1392 335 1507 353 numero
1514 326 1645 355 institutus
1681 328 1829 355 universam
1838 332 2004 365 putationem

423 368 558 405 imparem
574 366 644 393 facit.
664 364 803 397 januarius
811 365 906 402 igitur,
918 363 1031 399 Aprilis,
1041 362 1264 396 Jumus,5extilis,
1275 364 1424 398 September,
1431 363 1584 396 November,
1599 364 1746 397 December,
1762 367 1938 395 undetricenis
1945 379 2004 397 cen.

423 406 546 434 sebantur
561 403 651 431 diebus
660 424 666 434 ,
681 407 707 432 &c
722 403 859 442 quintanas
871 407 956 430 Nomu
966 402 1106 430 habebant.
1127 404 1165 429 Ac
1180 402 1238 438 post
1251 402 1311 429 Idas
1320 403 1346 429 in
1355 402 1481 429 omnibus
1489 403 1520 429 ad
1531 402 1724 438 septemdecim
1742 405 1858 431 Kalendae
1866 415 2004 443 computa-

424 445 526 472 bantur.
548 440 663 469 Martius
679 450 758 473 vero,
773 443 876 475 Majm»
890 440 1033 479 Qintilts,
1047 438 1200 471 δεοᾰῗαὸεν,
1218 440 1273 467 dies
1282 441 1397 467 tricenos
1405 440 1518 477 singulos
1527 440 1699 477 poffidelrant.
1721 443 1828 469 Nmaein
1836 442 2006 479 hisscptima-

427 492 466 509 ηπ
480 489 564 509 erant.
583 479 765 516 Similiterque
779 480 835 516 post
845 480 901 506 Idm
907 483 1001 507 decem
1011 481 1036 507 ἃ
1045 477 1148 514 septem
1156 478 1211 505 dies
1219 479 1246 504 in
1255 478 1359 514 lingulis
1366 477 1446 514 usque
1454 480 1485 505 ad
1495 477 1632 515 sequentes
1640 480 1766 515 [thwdas
1775 482 2007 516 computabantur.

425 520 475 547 Sed
492 519 560 546 solus
572 516 720 545 Februarius
736 518 830 554 viginti
845 520 871 546 ἃ
885 517 948 544 οξτο
959 517 1069 545 retinuit
1081 516 1150 545 dies,
1172 516 1242 552 quali
1255 515 1346 542 inferis
1362 516 1554 548 &diminutim
1576 519 1602 545 δε
1615 526 1661 553 par
1675 528 1801 546 numerus
1813 521 1976 548 conveniret.

467 558 540 585 Cum
555 565 620 593 ergo
636 557 754 583 Romani
769 565 801 582 ex
815 555 861 582 hac
870 556 1053 582 distributione
1063 553 1193 587 Pomptlit.
1213 554 1244 580 ad
1260 554 1325 580 luna:
1340 552 1444 581 cursum
1455 574 1462 585 ‚
1481 555 1652 587 licutiGraeci,
1673 565 1772 583 annum
1783 558 1921 593 proprium
1931 568 2006 586 com-

427 603 567 632 putarent,
589 593 731 621 necessario
746 596 772 622 &
787 594 969 621 intercalarem
985 591 1106 619 mensem
1120 592 1289 619 instituerunt
1303 600 1381 618 more
1396 593 1564 619 Graecorum.
1586 594 1658 620 Nam
1676 597 1702 622 &
1716 596 1803 622 erci
1817 605 1878 622 cnm
1887 598 2006 624 ammad-

427 641 564 661 verterent
577 640 680 660 temere
693 632 718 660 le
731 633 856 659 trecentis
871 631 1062 668 quinquaginta
1076 637 1189 666 quatuor
1202 629 1293 656 diebus
1307 629 1436 657 ordinasse
1450 639 1549 657 annum
1560 650 1567 661 ,
1588 632 1714 667 quoniam
1724 641 1832 668 apparet
1840 634 1873 661 de
1882 633 1941 661 solis
1950 644 2007 662 cur-

427 671 456 699 su
473 693 480 703 ,
508 673 553 709 qui
572 671 698 698 trecentis
717 669 850 707 sexaginta
864 670 981 706 quinque
993 667 1084 696 diebus
1098 688 1106 699 ‚
1135 670 1161 695 δ’.
1175 668 1320 704 quadrante
1333 667 1469 695 zodiacum
1483 668 1592 695 conficit
1604 689 1611 699 ,
1638 670 1723 696 deeffe
1734 680 1803 698 anno
1817 671 1864 699 suo
1874 674 2005 700 undecim

427 710 485 738 dies
498 730 504 740 ‚
535 712 560 738 ἃ
575 709 748 746 quadrantem
763 729 770 740 ‚
798 707 958 734 mtercalares
971 707 1063 734 statuta
1077 706 1180 733 ratione
1193 706 1343 733 commenti
1356 705 1415 733 sunt
1429 727 1437 738 ,
1459 707 1494 733 ita
1508 714 1536 733 ut
1550 706 1647 734 oetavo
1662 716 1767 744 quoque
1779 718 1849 736 anno
1863 712 2008 747 nonaginta

428 749 498 780 dies,
520 757 551 775 ex
568 746 661 784 quibus
675 754 727 773 tres
743 745 845 773 menses
860 746 993 773 tricenum
1007 745 1112 772 dierum
1128 743 1351 780 composuerunt,
1372 744 1566 771 intercalarent.
1586 745 1616 772 Id
1633 749 1707 772 Gran
1722 750 1857 778 iecerunt,
1878 750 2007 784 quoniam

429 794 486 814 erat
501 784 642 822 operosum
652 805 659 815 ,
679 792 758 821 atque
771 783 895 815 difficile,
918 782 1044 811 omnibus
1058 782 1131 810 annis
1144 782 1269 809 undecim
1285 782 1354 813 dies,
1375 784 1401 810 &
1416 783 1590 819 quadrantem
1604 783 1767 812 intercalare.
1800 787 1893 822 Itaque
1910 787 2007 814 malue-

429 832 493 852 runt
506 823 576 852 hunc
589 832 733 850 numerum
749 822 832 849 ofhes
846 821 1039 858 multiplicare,
1059 823 1085 848 ἂ
1099 821 1245 857 nonaginta
1260 821 1329 852 dies,
1351 821 1396 857 qui
1411 820 1567 852 nascuntur,
1587 821 1604 848 fi
1619 822 1748 858 quadrans
1757 832 1817 850 cum
1827 823 1918 851 diebus
1927 825 2007 852 unde-
2050 839 2051 854 ς

430 863 485 890 cim
501 862 584 889 oeties
598 869 789 897 componatur,
805 859 934 892 inserere,
949 862 975 887 in
989 867 1043 888 tres
1057 857 1158 886 menses
1175 860 1222 893 (ut
1235 858 1370 892 diximus)
1385 858 1584 886 distribuendos.
1606 862 1686 887 Hunc
1700 869 1765 897 ergo
1779 861 1903 889 ordinem
1918 867 2010 890 Roma-
2050 858 2051 874 ³

427 899 470 928 mir
483 909 588 937 quoque
604 899 704 927 imitari
718 898 830 935 placuit,
851 898 895 926 sed
911 898 1016 925 frustra:
1037 898 1135 934 quippe
1148 896 1216 933 fugit
1232 906 1291 928 eos,
1311 897 1385 923 diem
1398 906 1483 924 unum
1499 897 1576 930 <ficut
1589 896 1664 933 supra
1677 899 1878 935 admonuimus)
1887 901 2009 928 additum

428 939 444 966 ἐι
459 938 485 965 se
496 938 528 965 ad
543 939 669 965 Graecum
684 946 828 964 numerum
837 957 844 968 ‚
866 937 893 964 in
907 936 1040 963 honorem
1053 935 1162 972 imparis
1176 935 1290 962 numeri.
1310 935 1347 961 Ea
1360 944 1389 961 re
1400 943 1449 970 per
1461 936 1601 962 alimmum
1616 938 1759 965 convenire
1767 947 1909 970 numerus,
1929 946 2009 976 atque
2049 934 2051 952 ³

430 977 500 1004 ordo
515 986 569 1003 non
584 983 698 1011 poterat.
733 976 783 1002 Sed
798 975 920 1003 nondum
936 974 987 1002 hoc
1002 983 1092 1001 errore
1108 981 1263 1008 comperto,
1285 982 1332 1010 per
1343 973 1407 999 osto
1421 982 1518 1002 annos,
1538 975 1684 1011 nonaginta
1697 976 1767 1013 quasi
1780 976 2008 1013 superfundendos
2050 995 2051 1000 ,

428 1019 566 1042 Graecorum
587 1013 712 1050 exemplo
725 1013 916 1050 computabant
932 1013 1005 1040 diesz
1025 1011 1183 1048 alternisque
1196 1012 1270 1039 annis
1285 1015 1311 1038 &e
1324 1010 1402 1038 binos
1418 1013 1444 1039 &
1460 1020 1580 1043 vrcmos,
1600 1013 1705 1040 alternis
1719 1021 1826 1046 ternos,
1848 1014 2007 1052 vicenosque
2050 1046 2051 1050 Ἰ

428 1051 587 1079 intercalares
602 1073 609 1084 ‚
639 1051 814 1089 expenfiibant
834 1050 1074 1078 intercalationibus
1095 1057 1215 1086 quatuor.
1257 1049 1307 1076 Sed
1328 1049 1425 1076 oetavo
1445 1058 1552 1086 quoqne
1571 1059 1641 1077 anno
1663 1051 1824 1079 intercalares
1842 1053 1906 1080 06ὶο
1920 1054 2009 1080 afflue-
2049 1062 2051 1066 ’

429 1091 493 1119 bant
509 1091 563 1118 dies
578 1100 609 1118 cx
623 1091 728 1128 lingulis
740 1110 748 1122 ,
776 1089 870 1126 quibus
884 1089 1011 1117 vertentis
1026 1088 1088 1115 anni
1101 1096 1245 1115 numerum
1257 1087 1327 1123 apud
1339 1091 1463 1114 Romanas
1476 1108 1483 1119 ‚
1509 1088 1585 1123 stiper
1598 1093 1708 1116 Graeczcm
1721 1090 1859 1117 abundasse
1870 1091 1927 1126 jam
1942 1091 2010 1119 dixi·
2048 1116 2051 1122 s

432 1138 503 1156 mus.
522 1128 582 1156 Hoc
597 1137 702 1165 quoque
717 1137 808 1155 errore
820 1128 876 1163 jam
890 1127 1015 1164 cognito,
1034 1126 1089 1153 hcec
1102 1125 1199 1162 species
1214 1125 1408 1152 emendationis
1423 1125 1530 1153 indueta
1544 1126 1588 1153 est.
1608 1128 1703 1155 Tertio
1718 1137 1824 1165 quoque
1839 1129 1965 1156 octennio
1973 1130 2010 1157 ita
2048 1151 2051 1158 ,

430 1165 614 1193 ἰηιειωίαηιίω
627 1166 809 1203 diipeniabant
823 1166 878 1193 dies
892 1186 899 1197 ,
926 1172 956 1193 ut
971 1174 1026 1191 non
1041 1165 1186 1200 nonaginta
1200 1184 1206 1194 ‚
1227 1163 1271 1190 sed
1286 1162 1419 1199 sexaginta
1431 1167 1473 1191 lex
1487 1163 1672 1192 intercalarent
1687 1186 1694 1197 ‚
1722 1166 1899 1203 compensatis
1912 1168 2008 1204 viginti

430 1213 546 1240 quatuor
559 1203 651 1231 diebus
664 1213 714 1241 pro
728 1203 791 1234 illis,
812 1204 857 1240 qui
870 1213 917 1240 per
931 1202 1046 1229 totidem
1063 1210 1146 1228 annos
1162 1202 1235 1236 supra
1248 1203 1405 1227 Graecorum
1422 1210 1565 1227 numerum
1573 1211 1718 1231 creverant.
1739 1206 1921 1232 Omniautem
1929 1213 2007 1231 mter-
2047 1218 2049 1226 ι

430 1241 550 1269 calatiani
565 1241 661 1268 menfis
676 1240 822 1268 Februarms
835 1241 975 1277 deputatus
989 1240 1038 1271 est,
1060 1239 1187 1275 quoniam
1202 1239 1222 1264 is
1236 1237 1345 1264 ultimus
1359 1239 1419 1264 anni
1434 1245 1496 1265 erat.
1533 1239 1615 1274 Qod
1629 1240 1708 1266 etiam
1724 1241 1809 1275 ipsum
1825 1243 1858 1268 de
1872 1247 2009 1269 Graecorum

433 1279 586 1307 imitatione
602 1279 740 1306 faciebant.
762 1279 836 1305 Nam
852 1280 878 1306 8<
892 1277 929 1305 illi
943 1277 1041 1304 ultimo
1055 1278 1116 1305 anni
1130 1276 1166 1303 sui
1181 1276 1264 1303 menri
1278 1275 1423 1311 superfluos
1436 1274 1624 1303 interserebant
1631 1276 1694 1303 dies.
1715 1280 1817 1304 Verum
1825 1287 1877 1304 una
1883 1278 2010 1306 reiiGrae-
2047 1286 2050 1301 ὲ

432 1318 471 1345 cis
485 1317 656 1345 differebant:
671 1326 734 1343 nam
749 1315 786 1343 illi
801 1315 926 1343 conchto
939 1315 1036 1343 ultimo
1052 1313 1158 1346 mense,
1173 1313 1291 1341 Romani
1305 1323 1360 1340 non
1374 1313 1500 1341 confesto
1515 1311 1661 1346 Februario,
1677 1314 1719 1342 sed
1728 1315 1785 1351 post
1794 1315 1952 1352 vigesimum
1960 1324 2013 1344 ter-

434 1356 505 1383 tium
520 1356 593 1382 diem
608 1354 804 1386 intercalabant,
825 1353 1023 1381 Terminalibus
1038 1354 1136 1381 scilicet
1150 1353 1206 1389 jam
1220 1352 1342 1388 peradtiS.
1376 1352 1481 1379 Deinde
1494 1351 1610 1388 reliquos
1625 1353 1754 1380 Februnm
1768 1355 1864 1381 meniis
1878 1355 1946 1387 dies,
1966 1355 2012 1392 qui

433 1401 508 1421 erant
530 1395 665 1430 quinque,
685 1394 743 1429 post
763 1392 994 1420 intercalationem
1012 1391 1218 1428 subjungebant:
1240 1389 1344 1421 Credo,
1365 1391 1460 1429 veteris
1481 1390 1617 1427 religionis
1631 1389 1679 1418 sum
1694 1401 1784 1423 more,
1805 1400 1834 1420 ut
1849 1391 2012 1419 Februarium

431 1432 549 1459 omnino
563 1436 676 1458 Murtms
689 1430 849 1468 sequeretur.
869 1431 919 1458 Sed
934 1439 1018 1467 quum
1033 1430 1098 1466 sxpe
1113 1430 1246 1459 eveniret,
1266 1435 1296 1455 ut
1308 1428 1422 1454 nundum
1438 1429 1522 1456 modo
1536 1429 1562 1455 in
1577 1429 1638 1456 anni
1651 1431 1805 1468 principem
1816 1431 1887 1458 diem
1897 1452 1903 1462 ‚
1926 1431 2011 1458 modo
2048 1431 2049 1435 ’

432 1471 461 1497 in
481 1474 564 1496 Nonas
585 1470 710 1497 caderent
731 1470 882 1505 (utrunque
900 1476 990 1496 autem
1010 1466 1189 1504 perniciosum
1203 1465 1327 1502 Reipubl.
1340 1466 1497 1503 putabatur)
1512 1467 1664 1494 remedium
1680 1489 1689 1500 ‚
1715 1478 1770 1506 quo
1784 1469 1836 1496 hoc
1849 1477 2012 1497 averteretur·

436 1509 621 1544 excogitatum
636 1508 681 1537 est.
701 1508 765 1534 Dies
779 1506 822 1534 ille
836 1516 891 1543 quo
905 1506 1037 1534 abundare
1044 1515 1143 1534 annum
1153 1505 1282 1535 diximus,
1302 1513 1398 1531 eorum
1406 1505 1442 1531 est
1449 1504 1588 1541 permiffus
1595 1505 1720 1539 arbitrio,
1741 1507 1785 1543 qui
1794 1507 1861 1534 fastis
1868 1515 1995 1543 praeerant
2004 1527 2011 1538 ,

433 1553 463 1572 ut
482 1555 545 1572 cum
561 1545 673 1577 vellent,
690 1545 885 1571 intercalarem:
902 1545 967 1572 dnm
983 1545 1068 1573 modo
1081 1554 1144 1572 eum
1161 1544 1188 1570 in
1203 1542 1293 1570 medio
1307 1541 1519 1570 Terminaltorum
1533 1563 1540 1574 ‚
1561 1543 1602 1570 vel
1614 1543 1710 1571 meniis
1724 1545 1884 1572 intercalaris
1896 1546 1933 1573 ita
1943 1545 2012 1572 loca-

437 1591 511 1613 rent,
531 1590 560 1609 ut
575 1582 587 1608 a
602 1583 720 1618 suspecto
735 1583 779 1609 die
794 1582 976 1610 celebritatem
990 1591 1141 1610 everterent
1153 1582 1341 1609 nundinarum.
1362 1581 1396 1609 Et
1408 1580 1463 1609 haec
1477 1582 1539 1609 anni
1553 1582 1685 1609 ordinatio
1700 1580 1714 1608 a
1728 1586 1813 1609 Numae
1828 1584 1895 1619 regis
1910 1592 2017 1620 regno„
2046 1585 2048 1593 '

434 1621 466 1647 ad
481 1619 533 1652 Jul.
551 1621 652 1652 Casium
668 1621 817 1656 Imperium
827 1621 923 1648 Romae
936 1621 1048 1648 duravit.
1069 1623 1094 1648 Is
1102 1621 1174 1647 enim
1184 1620 1276 1646 tertius
1284 1618 1346 1650 fuit,
1367 1620 1518 1655 quiannum
1526 1619 1674 1650 ordinavit,
1695 1629 1775 1656 quem
1785 1630 1833 1648 nos
1840 1621 1924 1648 adhuc
1931 1621 2013 1648 hodie

433 1658 579 1695 sequimur.
598 1658 676 1685 I-llam
690 1667 756 1685 vero
769 1659 989 1686 constitutionem
1002 1657 1143 1685 Maaobius
1156 1657 1172 1684 l.
1188 1668 1209 1685 1.
1223 1659 1325 1685 Saturn.
1340 1666 1362 1684 c.
1381 1668 1422 1693 14.
1434 1658 1469 1685 fic
1482 1657 1614 1685 describit.
1647 1661 1751 1685 Verum
1767 1658 1816 1686 fuit
1829 1666 1951 1695 tempus,
1971 1661 2011 1686 in·
2046 1686 2047 1690 ,

435 1698 509 1733 quit,
531 1705 593 1723 cum
615 1703 726 1733 propter
747 1695 958 1732 superstitionem
979 1695 1134 1723 intercalatm
1148 1696 1237 1723 omnis
1251 1695 1346 1722 omiffa
1360 1696 1409 1727 est,
1430 1705 1622 1733 nonnunquam
1637 1705 1702 1724 vero
1713 1705 1761 1732 per
1774 1698 1889 1733 gratiam
1897 1698 2011 1731 JIzcerda-
2046 1725 2047 1731 ἵ

435 1743 509 1766 mm,
529 1734 574 1771 qui
588 1743 651 1761 cum
667 1734 813 1762 publicanis
821 1734 950 1770 proferri,
971 1734 1012 1762 vel
1028 1735 1155 1762 imminui
1163 1733 1282 1762 consulto
1291 1734 1413 1761 annidies
1422 1734 1560 1761 volebant:
1575 1735 1661 1762 modo
1668 1735 1770 1766 austio,
1792 1735 1877 1762 modo
1884 1735 2010 1762 retraetio
2046 1742 2047 1771 j

435 1773 542 1799 dierum
555 1772 728 1808 proveniebat
741 1775 767 1801 ὅ(
782 1772 827 1800 sub
839 1772 925 1810 specie
939 1772 1128 1801 observationis
1141 1772 1297 1809 emergebat
1312 1772 1400 1808 major
1413 1772 1573 1799 confusionis
1585 1771 1696 1800 occafio.
1722 1773 1771 1800 Sed
1786 1773 1874 1809 postea
1887 1777 1916 1799 C.
1931 1776 2011 1807 CaeJar
2046 1787 2047 1790 =

435 1820 549 1838 omnem
565 1809 631 1839 hanc
643 1811 847 1839 inconstantiam
862 1819 1033 1847 temporum,
1055 1820 1149 1849 vagam
1163 1810 1248 1838 adhuc
1264 1811 1443 1841 &incertam
1464 1810 1621 1837 inordinem
1630 1811 1896 1838 statutcedefinitionis
1903 1812 2010 1847 coegit,
2046 1811 2047 1834 ἶ

434 1849 571 1876 adnitente
585 1849 676 1876 1ibiM.
685 1849 772 1876 Flavto
785 1847 884 1880 scriba,
904 1849 950 1886 qui
962 1848 1073 1885 scriptos
1087 1851 1141 1877 dies
1156 1848 1270 1885 singulos
1285 1848 1321 1876 ita
1335 1848 1367 1875 ad
1376 1850 1533 1874 affluar-em
1546 1847 1650 1879 retulit,
1672 1855 1701 1874 ut
1716 1850 1741 1875 ἃ
1757 1849 1824 1875 ordo
1832 1857 1927 1875 eorum
1936 1849 2010 1875 inve-

436 1889 488 1915 niri
504 1886 630 1914 facillime
643 1886 742 1923 posset,
764 1889 790 1915 δε
804 1888 915 1914 invento
928 1895 1014 1915 certus
1028 1888 1106 1915 status
1120 1887 1307 1924 perseveraret.
1328 1887 1399 1922 Ergo
1414 1890 1444 1913 C.
1459 1886 1539 1919 CinIzr
1547 1886 1688 1913 exordium
1696 1894 1771 1913 novae
1779 1886 1953 1913 ordinationis
1960 1886 2012 1914 ini·
2046 1904 2047 1907 =

435 1933 525 1956 turus,
545 1926 599 1953 dies
613 1935 720 1955 omnes,
743 1926 788 1962 qui
803 1924 887 1952 adhuc
902 1925 1087 1953 confufionem
1100 1932 1226 1962 poterant
1240 1924 1341 1955 facere,
1360 1923 1533 1959 consumpfit:
1548 1932 1631 1960 eaque
1645 1932 1673 1949 re
1681 1922 1780 1951 facium
1789 1923 1825 1951 est
1833 1933 2010 1952 utimnuscon-
2045 1944 2047 1948 Α

429 1962 535 2000 jufiomx
543 1963 650 1991 ultimus
664 1964 691 1991 in
707 1973 793 1991 cuxei
804 1974 812 1990 1
822 1974 842 1991 1.
851 1964 906 1991 dies
912 1964 1125 2000 protenderetur.
1146 1963 1204 1990 Post
1212 1961 1264 1990 hoc
1272 1963 1390 1990 imitatus
1397 1964 1516 1999 ffigypttos
1523 1981 1531 1993 ,
1551 1961 1619 1989 solos
1627 1961 1776 1989 divinarum
1785 1972 1875 1989 rerum
1884 1963 2009 1991 omnium
2045 1961 2047 1982 ἶ

436 2001 555 2029 ςοηίξῑίοε
564 2023 570 2033 ,
585 2003 617 2029 ad
631 2011 777 2030 numerum
786 2000 862 2033 solist,
883 2003 927 2038 qui
942 2002 1034 2029 dicbus
1049 2011 1158 2030 CCCLXV.
1178 2003 1204 2029 δε
1219 2001 1364 2037 quadrante
1378 2009 1484 2028 curium
1497 1999 1614 2027 conficit.
1654 2000 1727 2026 Nam
1742 2000 1807 2028 ficit
1820 2001 1916 2027 lunaris
1928 2011 2010 2027 annus

436 2040 531 2066 meniis
546 2040 581 2066 est
590 2061 599 2072 ,
612 2041 672 2077 quia
685 2040 744 2068 luna
757 2039 836 2076 paulo
848 2040 937 2067 minus
950 2049 1031 2077 quam
1046 2039 1167 2068 mensem
1181 2040 1208 2066 in
1223 2039 1327 2066 zodiaci
1348 2039 1503 2066 circuitione
1516 2037 1664 2069 consumit,
1685 2038 1721 2064 ita
1726 2038 1875 2071 solisannus
1888 2039 1940 2067 hoc
1954 2039 2008 2067 die·
2044 2073 2045 2076 Ἴ

437 2086 499 2103 rum
513 2086 627 2105 numero
641 2078 805 2116 colligendus
815 2078 865 2110 est,
885 2087 966 2115 quem
979 2080 1097 2116 peragit,
1117 2079 1182 2106 dum
1197 2078 1229 2105 ad
1243 2078 1269 2105 id
1277 2077 1382 2114 iignum
1390 2075 1416 2103 se
1423 2076 1510 2103 denuo
1520 2076 1613 2107 vertit,
1633 2085 1665 2103 ex
1674 2085 1727 2113 quo
1735 2076 1860 2114 digressus
1867 2078 1916 2109 est,
1938 2078 2009 2105 unde
2044 2092 2045 2099 κ

438 2124 518 2140 »mnus
532 2124 629 2142 vertens
643 2124 768 2151 vocatur.
784 2119 810 2144 δε
824 2115 935 2144 habetur
949 2127 1069 2154 magnus,
1083 2126 1146 2144 cum
1160 2116 1227 2144 lunae
1240 2124 1322 2142 annus
1333 2113 1414 2142 brevis
1427 2121 1542 2150 putetur.
1561 2112 1645 2146 Julius
1659 2122 1724 2151 ergo
1739 2118 1761 2140 C
1761 2121 1817 2148 asar
1825 2116 1912 2143 indies
1920 2114 2009 2143 obser.

438 2152 538 2178 »rationi
552 2155 633 2181 veteri
647 2154 821 2190 superadjecit
834 2174 841 2186 ‚
867 2162 897 2182 ut
911 2164 1011 2182 annum
1027 2164 1081 2183 ccc.
1094 2157 1121 2182 ὃς
1136 2164 1198 2182 va.
1210 2154 1265 2181 dies
1279 2153 1372 2190 quibus
1386 2152 1424 2180 sol
1442 2152 1531 2179 lusti-at
1549 2152 1691 2179 zodiacum
1707 2173 1714 2184 ‚
1743 2153 1879 2181 efficerent
1893 2165 1897 2181 :
1926 2156 1951 2182 &
1973 2163 2007 2181 ne
2044 2152 2045 2178 l

437 2190 568 2224 quadrans
581 2192 677 2219 deell'et
690 2213 696 2223 ,
717 2193 804 2221 statuit
816 2211 825 2221 ‚
844 2198 873 2219 ut
886 2199 983 2229 quarto
994 2202 1102 2230 quoque
1115 2202 1185 2220 anno
1199 2213 1207 2224 ,
1225 2191 1364 2226 Jiicerdotes
1376 2191 1422 2228 qui
1438 2189 1563 2217 curabant
1578 2188 1710 2218 mensibus
1723 2200 1754 2218 ac
1767 2191 1859 2219 diebus
1872 2202 1955 2219 unum
1969 2202 2009 2218 m-
2042 2195 2045 2200 ⁴

435 2227 585 2253 tercalarem
600 2229 685 2256 diem2
706 2239 739 2257 eo
749 2230 847 2258 scilicet
860 2230 952 2258 mense
965 2240 996 2258 ac
1007 2232 1083 2262 loco,
1103 2240 1157 2267 quo
1171 2232 1252 2258 etiam
1266 2229 1336 2265 apud
1349 2236 1450 2257 veteres
1469 2227 1572 2255 menses
1595 2227 1814 2262 intercalabatur,
1834 2230 1861 2257 id
1876 2231 1926 2262 est,
1946 2237 2007 2257 ante
2043 2238 2045 2243 ‘

437 2264 555 2300 quinque
569 2264 674 2292 ultimas
688 2267 819 2294 Febr-uam
832 2268 928 2295 meniis
941 2269 996 2296 dies
1010 2289 1017 2301 ‚
1038 2270 1118 2306 idque
1131 2268 1264 2305 bffixtum
1279 2265 1379 2294 censuit
1392 2267 1598 2294 nominandum.
1628 2267 1692 2294 Dies
1705 2274 1794 2294 autem
1811 2269 1906 2295 decem
1915 2289 1922 2299 ,
1942 2277 2008 2305 quos

438 2301 470 2329 ab
486 2312 519 2329 eo
532 2302 635 2330 additos
650 2304 763 2332 diximus
777 2324 784 2334 ‚
805 2304 853 2332 hac
867 2307 1036 2335 ordinatione
1049 2305 1180 2334 distribuit
1193 2318 1197 2333 :
1218 2307 1249 2333 In
1263 2303 1441 2342 Januarium,
1460 2305 1582 2331 Sextilem
1595 2306 1622 2333 ὃς
1636 2304 1796 2332 Decembrem
1810 2304 1887 2334 binos
1900 2307 1954 2334 dies
1969 2307 2008 2333 in-

432 2340 521 2368 struit.
542 2341 572 2367 ln
586 2341 698 2375 Aprtlem
710 2350 814 2371 autem,
827 2341 961 2377 Junium‚
974 2344 1141 2380 Septembrem
1155 2346 1182 2373 &
1194 2342 1358 2370 Nouembrem
1371 2342 1495 2379 fingulos.
1528 2343 1578 2370 Sed
1593 2352 1679 2379 neque
1693 2342 1777 2370 mensi
1790 2343 1923 2372 februario
1936 2345 2007 2372 addi·
2042 2347 2044 2363 ἵ

431 2379 470 2408 dit
478 2379 560 2413 diem,
568 2388 602 2418 ne
611 2378 703 2409 Deum
709 2377 827 2418 inferum
835 2380 927 2419 religio
935 2382 1134 2413 immutaretur:
1145 2385 1172 2414 &
1178 2380 1277 2413 Martio
1285 2402 1292 2416 ,
1300 2382 1370 2417 Majo
1378 2400 1386 2414 ,
1394 2378 1509 2421 Qintili
1516 2401 1525 2414 ,
1532 2380 1632 2411 octobri
1638 2380 1752 2410 servavit
1758 2381 1898 2418 pristinum
1904 2383 2011 2447 statumci
2042 2396 2043 2399 =

1939 2429 1991 2458 quo
