2075 2734
0 0 24 94 [ἱ

0 2084 3 2100 l
14 2083 16 2095 l

389 90 451 120 Dr:
493 88 1339 129 nenrQursFtanxr-rzus.Caium.
1420 86 1422 88 ’
1598 100 1649 120 251

73 151 122 171 xri
131 151 153 169 1.
171 139 302 180 Unguium
321 140 422 176 Dialn,
443 144 471 172 &
484 141 571 180 capilli
582 141 702 179 segmina
717 139 804 168 subter
817 137 942 166 arborem
956 138 1077 176 siliquam
1093 139 1106 175 (
1114 139 1156 168 alii
1163 139 1265 175 felicem
1279 137 1391 176 legunt)
1407 147 1475 167 terra
1489 142 1655 178 operiuntur.

70 189 133 208 xxv.
159 179 245 208 Dialis
261 181 382 218 quotidie
396 180 502 209 festatus
516 180 561 208 est.
574 189 618 208 xv.
637 183 673 206 Ac
677 177 735 216 sine
748 176 829 211 apice,
851 176 896 204 sub
911 177 956 205 dio
973 178 1023 205 effe
1035 178 1139 206 licitum
1155 187 1211 206 non
1226 177 1279 209 est,
1300 177 1345 204 iub
1360 177 1450 208 tecto,
1472 180 1511 206 uti
1525 178 1605 212 libet,
1626 183 1652 209 &

69 227 125 245 non
138 218 243 255 pridem
259 217 272 246 a
288 217 447 257 Pontificibus
460 218 642 246 constitutum.
662 216 745 245 Addit
759 215 813 243 hoc
826 214 886 242 loco
901 215 1032 252 Agelaus,
1048 216 1194 244 Masurium
1203 216 1328 244 Sabinum
1336 215 1474 252 scripfiffe,
1489 219 1514 245 Sc
1525 217 1575 244 alia
1584 228 1653 255 qux.

70 255 134 283 dam
155 257 178 284 ei
199 257 306 285 remissa
319 277 327 289 ‚
355 257 524 295 gratiamque
535 255 636 292 aliquot
648 254 863 282 ceremoniarum
879 252 978 280 factam
995 253 1054 281 effe.
1068 264 1129 281 xvr.
1158 253 1280 281 Farinam
1285 254 1412 290 jer-memo
1425 253 1558 282 imbutam
1574 258 1655 285 attin-

68 301 134 330 gere
147 295 171 323 ei
186 295 224 323 fas
237 305 292 323 non
306 295 351 323 est.
363 304 413 322 xvi
421 304 443 321 1.
462 291 586 320 Tunicam
599 293 741 324 intimam,
763 291 810 320 nifi
826 292 852 318 in
868 291 932 319 locis
945 292 1036 323 tectis,
1056 301 1112 319 non
1125 293 1198 321 exuit
1208 314 1214 324 ,
1236 291 1322 319 neiub
1331 291 1415 323 coelo,
1432 301 1558 329 tanquam
1568 294 1613 321 ΕΛ)
1623 305 1651 323 ο.

71 331 136 360 culis
150 334 241 371 Jovis,
260 333 344 361 nudus
358 331 398 359 fit.
416 326 514 359 xviii.
533 334 612 365 Super
626 329 769 358 flaminem
785 329 886 357 Dmlem
901 330 929 356 in
942 329 1150 368 convivimyniii
1166 333 1221 357 Rex
1235 329 1406 360 sacrificulus,
1426 330 1497 359 haud
1511 331 1649 369 quisquam

70 369 134 399 alius
152 371 296 400 accumbit.
314 379 376 398 xix.
388 372 498 396 Uxorem
512 368 532 396 fi
545 369 649 401 amifit,
670 369 802 397 Flaminio
817 368 935 395 decedit.
954 377 998 395 xx.
1011 370 1207 394 Mammomum
1222 368 1347 395 Flaminis
1362 388 1370 399 ,
1390 368 1436 395 nifi
1454 378 1544 397 morte
1559 370 1651 398 dirimi

70 418 128 436 non
143 410 179 437 est
191 409 241 445 jus.
259 419 322 438 xxi,
334 411 426 434 Locum
440 407 468 435 in
483 416 538 444 quo
551 406 659 435 bustum
673 408 724 439 est,
744 415 882 444 nunquam
894 405 1052 443 ingreditur.
1072 414 1121 445 axx
1131 415 1152 434 1.
1165 409 1297 433 Mortuum
1311 415 1449 442 nunquam
1465 408 1584 446 attingit.
1599 413 1652 435 Fu-

71 457 122 474 nus
135 455 226 476 tamen
239 446 333 483 exequi
344 443 439 482 religio
454 455 510 473 non
523 445 569 473 est.
588 448 654 474 Haec
666 445 799 483 Agellim,
820 446 847 472 &
860 444 939 482 paulo
953 443 1011 480 post
1023 441 1129 477 subjicit
1144 443 1223 470 verba
1237 445 1357 480 praetoris
1371 453 1403 471 ex
1416 445 1506 473 edict-0
1521 453 1650 483 perpetuo

70 485 104 514 de
123 484 239 513 flamine
255 482 346 517 Diali,
365 482 400 518 ὁ·
418 483 550 511 Sacerdote
571 484 656 511 Vestae
677 483 1195 512 haec:sAcrnn01-rnV1-:smt
1207 491 1265 512 em,
1287 492 1325 509 rzi-
1348 483 1487 511 Frinm
1500 492 1545 512 En
1567 486 1609 512 Dt
1621 495 1651 512 Α-

72 532 144 550 nem
170 531 206 551 1N
226 532 317 550 omui
339 530 407 550 ΜΕΑ
427 523 728 560 ]υηιευιετιοκε
760 531 900 555 turiani:
918 531 986 548 nox
1010 529 1141 547 COGAM.
1181 519 1264 547 Addit
1284 521 1365 547 eriam
1387 521 1466 549 verba
1490 531 1521 549 ex
1548 532 1571 550 2.
1588 522 1647 551 libr.

72 561 176 588 Rerum
189 561 339 589 divinarum
356 559 490 592 Varrone,
511 561 584 598 quod
597 560 704 589 Flamen
716 555 803 588 Dialis
817 559 885 588 solus
898 558 990 586 album
1004 557 1098 586 habeat
1113 556 1249 598 galerum,
1270 558 1311 584 rel
1327 558 1385 594 quia
1401 561 1534 588 maximus
1542 560 1587 592 fit,
1608 561 1650 589 vel

69 599 130 636 quia
143 600 206 637 Jovi
219 599 360 627 immolata
371 598 454 627 hostia
466 598 555 628 albato
569 599 626 627 fieri
639 606 773 638 oporteat·
794 599 854 625 Nec
867 604 973 634 poterat
986 596 1091 624 Flamen
1102 596 1189 637 palu
1202 596 1347 633 antiquitus
1362 605 1405 624 aut
1414 598 1596 634 magistratum
1605 608 1651 635 pe.

70 644 141 669 tere,
161 644 205 665 aut
220 647 327 674 capere,
347 647 382 665 ne
394 637 470 665 fizcris
484 644 654 670 avocaretur,
675 640 701 666 &
715 636 799 665 multa
813 645 905 664 contra
918 635 1079 673 religionem
1094 635 1181 662 tacere
1195 642 1354 676 cogeretur-3
1365 634 1492 663 Plutarch.
1508 637 1535 664 in
1552 638 1650 676 Qaest.

71 675 154 703 Rom.
169 684 196 712 q.
216 686 275 713 ¹13·
300 678 366 704 Haec
376 675 432 703 fere
445 674 553 703 fuerunt
565 675 689 704 Flaminis
703 674 787 704 Dialis
801 675 962 703 ceremoniae
974 694 982 705 ,
1008 681 1121 710 quarum
1135 673 1245 710 quidem
1261 673 1289 699 in
1300 674 1394 708 Script.
1409 673 1520 710 antiquis
1532 676 1652 703 testimo.

70 713 113 740 nia
127 721 226 742 extant.
246 713 374 742 Plutarch.
387 713 488 750 aliquot
499 722 591 742 earum
607 713 694 743 causas
708 714 817 751 inquirit
831 734 838 745 ,
859 713 886 740 in
901 711 1064 740 Problemat.
1080 710 1121 739 vel
1135 711 1232 747 Qaest.
1248 712 1332 737 Rom.
1348 720 1374 747 q.
1394 721 1454 748 109.
1469 720 1497 739 ut
1513 714 1583 749 quod
1596 723 1651 741 non

69 751 147 780 liceat
167 751 279 779 Flamini
298 750 370 779 Diali
384 751 513 784 farinam,
534 759 578 779 aut
592 752 758 780 fermentum
773 759 896 788 tangere:
918 751 979 788 quia
993 750 1117 778 videlicet
1131 748 1214 777 farina
1226 748 1385 777 alimentum
1401 749 1431 777 fit
1445 750 1635 784 imperfeetum
1645 773 1651 783 ,

67 791 98 818 -&
113 790 242 822 crudum,
263 792 290 818 δε
302 799 389 826 neque
402 789 529 818 manserit
542 790 679 823 triticum,
700 790 727 817 id
740 791 812 826 quod
820 789 920 821 fuerat,
939 797 1026 825 neque
1035 787 1135 815 factum
1144 787 1189 819 fit,
1204 788 1277 824 quod
1286 788 1341 815 fieri
1350 787 1463 815 debebat
1470 788 1598 816 nimirum
1608 799 1653 825 pa-

70 828 123 856 nis:
144 826 188 856 sed
203 827 279 855 simul
291 827 398 856 seminis
412 828 471 856 vim
486 828 619 860 amiserit,
640 831 667 857 Sc.
681 827 756 856 nsum
772 827 824 856 cibi
838 837 893 855 non
909 826 940 855 fit
953 827 1108 855 assecutum.
1135 826 1256 853 Eandem
1272 826 1307 853 ob
1321 825 1425 852 causam
1440 826 1529 853 eidem
1544 828 1652 854 interdi-

69 865 146 893 etum
160 866 210 893 effe
224 866 289 894 dicit
303 866 427 894 contactu
442 867 527 894 carnis
541 867 636 895 crudae.
654 870 818 893 fermentum
832 874 922 894 autem
938 872 1048 902 tangere
1063 865 1086 892 ei
1101 874 1156 892 non
1171 864 1251 892 licere
1264 866 1314 896 ait,
1335 864 1408 900 quod
1423 866 1450 892 δε
1465 864 1551 900 iplum
1561 873 1653 892 natum

69 903 100 931 fit
115 913 148 932 ex
163 905 348 940 corruptione,
368 906 395 933 δε
408 904 538 936 farinam,
557 905 600 933 cui
613 904 791 936 admiscetur,
810 911 981 941 corrumpat,
996 910 1025 930 ut
1039 903 1258 941 languidior-fiat,
1273 902 1439 931 &inefficax
1460 902 1615 930 (uratac‘tu
1626 905 1651 931 ἃ

67 943 255 969 nominatione
268 951 341 977 capra
356 944 382 970 ὃς
396 942 464 971 canis
478 942 607 971 abstinere
619 951 745 980 cogatur,
759 942 844 971 causas
859 941 905 970 has
919 941 1009 969 affert:
1024 943 1058 969 de
1072 951 1144 976 capra
1159 941 1269 978 quidem
1279 962 1286 973 ,
1301 939 1343 968 vel
1358 941 1419 977 quia
1432 940 1494 967 ess'et
1502 939 1609 971 lasciva,
1627 943 1653 969 ἃ

68 978 180 1012 foetida,
199 980 313 1018 ideoque
326 980 489 1013 abominari3
510 980 552 1009 vel
567 982 639 1019 quod
654 980 753 1009 morbo
767 980 899 1010 comitiali
913 979 1010 1008 animal
1024 979 1091 1007 istud
1105 979 1254 1007 obnoxium
1269 979 1347 1010 esset,
1363 979 1478 1016 ideoque
1492 979 1651 1009 metuerint.

67 1018 258 1056 contagionem
279 1020 342 1047 mali
357 1020 390 1047 ad
403 1029 449 1047 eos
462 1028 653 1057 perventuram
666 1040 675 1052 ,
695 1019 741 1056 qui
753 1027 813 1047 tum
825 1018 993 1047 vescerentur
1007 1027 1079 1053 capra
1093 1038 1100 1050 ,
1121 1025 1165 1045 aut
1179 1026 1239 1045 eam
1253 1025 1394 1055 tangerent
1408 1037 1416 1048 ,
1436 1026 1499 1044 cum
1514 1018 1540 1044 in
1556 1017 1655 1044 morbo

68 1056 139 1085 effer.
160 1058 202 1084 De
215 1066 274 1084 cane
288 1067 354 1085 vero
368 1057 436 1086 hanc
449 1057 554 1086 causam
566 1057 644 1086 affert
656 1078 664 1089 ‚
684 1057 756 1094 quod
772 1057 802 1085 fit
815 1057 914 1085 animal
927 1065 1033 1095 pugnax
1042 1078 1049 1088 ,
1070 1057 1182 1093 ideoque
1196 1055 1284 1092 asylis,
1307 1058 1333 1084 ἔκ*
1348 1055 1516 1083 sacrosanctis
1530 1055 1654 1091 prohibe-

71 1101 114 1122 tur
135 1093 266 1123 ficrificiis
281 1116 288 1128 ,
308 1097 335 1123 in
357 1096 451 1133 quibus
464 1097 555 1124 omnis
568 1095 680 1133 periculi
694 1095 782 1124 exsors
796 1095 951 1133 perfugium
964 1095 1123 1132 lupplicibus
1137 1094 1307 1122 concedatur.
1329 1093 1340 1128 [
1351 1091 1486 1130 Qeaestmne
1503 1103 1512 1120 1
1522 1104 1561 1134 ¹0:
1580 1097 1654 1130 Qa-

61 1129 146 1168 stione
162 1143 221 1160 111.
244 1133 379 1171 Qaesttone
397 1134 476 1169 112.]
506 1135 579 1162 Cum
598 1143 663 1171 ergo
684 1132 754 1165 Iovis
775 1143 882 1170 quoque
894 1133 1050 1167 fircerdotem
1065 1154 1072 1165 ‚
1100 1140 1194 1168 utpote
1208 1132 1302 1159 rivum
1323 1136 1482 1168 §aerumque
1495 1133 1610 1168 pertugii
1624 1132 1654 1159 ii-

70 1170 240 1199 mulachrum
254 1172 349 1199 deceat
363 1172 396 1198 ad
409 1171 435 1197 se
447 1171 530 1198 libere
543 1172 686 1198 admittere
700 1170 806 1205 quosvis
820 1170 949 1206 supplices
964 1172 990 1197 ὅ(
1003 1170 1190 1204 deprecantes,
1209 1170 1320 1197 nemine
1329 1176 1450 1200 arcente,
1470 1178 1514 1197 aut
1522 1176 1655 1200 terrente,

69 1205 85 1233 ὲ
99 1207 200 1234 canibus
214 1208 261 1242 ipsi
273 1208 458 1235 abstinendum
472 1207 523 1234 effe
535 1208 616 1238 dicit,
637 1215 671 1234 ne
686 1206 723 1232 ill1
736 1207 867 1242 petituros
878 1207 945 1233 hanc
956 1207 1061 1233 veniam
1076 1214 1221 1237 terrerent,
1241 1214 1321 1242 atque
1334 1213 1462 1233 arcerent.
1497 1207 1562 1233 Non
1576 1207 1656 1234 licere

70 1246 95 1272 ei
107 1245 225 1271 hederam
239 1252 347 1281 tangere
360 1245 442 1276 dicit,
454 1244 497 1272 vel
510 1245 582 1282 quod
595 1244 627 1272 fit
640 1244 731 1271 sterilis
746 1247 772 1272 ἃ
787 1244 885 1271 inutilis
899 1243 1068 1276 homiuibus,
1082 1243 1283 1280 imbecilhque,
1301 1247 1326 1272 ἃ
1343 1253 1372 1271 ea
1386 1244 1419 1271 de
1432 1242 1506 1271 caula
1512 1244 1567 1271 aliis
1577 1265 1584 1275 ‚
1598 1247 1654 1282 qui-

71 1281 121 1308 bus
133 1282 276 1314 innitatur,
297 1291 363 1318 opus
375 1282 484 1314 habeat,
502 1282 651 1319 umbraque
665 1283 692 1310 ὃ(
706 1283 794 1309 virore
808 1281 856 1309 suo
869 1282 960 1310 multis
974 1281 1044 1318 quali
1059 1282 1243 1318 prcessigiando
1257 1282 1392 1318 imponat:
1416 1280 1457 1308 vel
1470 1283 1542 1323 quod
1552 1282 1582 1310 ad
1593 1292 1653 1310 eam

72 1318 198 1347 mulieres
213 1319 344 1348 Bacchicis
357 1319 490 1347 furoribus
504 1320 599 1348 deditae
613 1319 685 1346 reeta
701 1318 834 1350 ferantur,
853 1329 966 1356 eamque
981 1320 1103 1347 manibus
1117 1319 1281 1355 discerpant,
1297 1324 1324 1348 ἃ
1341 1327 1449 1347 vorent:
1464 1320 1578 1356 ideoque
1587 1331 1654 1349 non-

72 1356 158 1385 nullos
170 1358 333 1390 existimare,
352 1358 431 1385 inesse
441 1356 564 1394 spirirum
577 1356 695 1387 heder-re,
716 1357 760 1393 qui
774 1357 808 1384 de
823 1357 890 1386 statu
901 1357 1009 1385 rationis
1021 1356 1160 1389 deturbet,
1181 1365 1357 1394 mentemque
1364 1357 1491 1385 abalienet
1501 1378 1507 1389 ‚
1524 1360 1654 1396 exagitet-

70 1403 137 1431 que,
159 1398 184 1423 δε
198 1395 302 1431 prorsus
318 1395 474 1424 ebrietatem
491 1395 585 1423 anullo
598 1403 687 1423 ortam
701 1395 765 1422 vino
776 1396 893 1423 inducat.
912 1394 1019 1422 Debere
1033 1402 1123 1423 autem
1137 1394 1206 1427 soz-is
1213 1396 1368 1429 fizcerdotem
1384 1396 1467 1432 Orgia
1484 1396 1578 1424 Bacchi
1587 1398 1653 1424 vita-

68 1441 107 1459 re.
127 1434 217 1470 Qam
232 1434 311 1460 ctiam
326 1433 361 1461 ob
376 1432 479 1461 caulam
494 1432 584 1461 scribit
597 1433 685 1460 eidem
700 1433 815 1461 vetitum
831 1433 882 1461 effe
896 1432 1005 1461 tranfire
1018 1443 1064 1470 per
1078 1433 1167 1465 viam,
1188 1433 1336 1461 ubivitium
1346 1434 1503 1470 propagines
1513 1435 1539 1461 in
1546 1434 1653 1462 iublimi

68 1478 203 1506 praetentae
215 1471 278 1499 lint:
300 1471 441 1499 voluerunt
454 1471 580 1500 videlicet
592 1470 753 1514 significare,
774 1472 848 1500 nefas
865 1471 916 1499 esse
929 1481 992 1500 eum
1007 1471 1147 1502 inebriari,
1163 1470 1205 1498 sed
1221 1471 1285 1498 vino
1293 1473 1427 1498 moderari
1436 1492 1443 1502 ,
1458 1480 1506 1499 nec
1514 1472 1545 1499 ab
1554 1482 1586 1500 eo
1596 1474 1653 1500 viu-

70 1507 109 1538 ci,
130 1517 208 1539 cum,
223 1510 267 1545 qui
283 1508 346 1536 ebrii
354 1509 428 1541 fiint,
441 1518 537 1537 eorum
544 1509 662 1546 superius
671 1509 799 1546 capitibus
807 1510 838 1538 fit
846 1510 940 1537 vinum
949 1531 955 1541 ,
974 1519 1056 1547 eaque
1068 1509 1195 1546 degravet
1209 1511 1234 1537 ὅτ
1243 1517 1358 1546 premat.
1380 1508 1475 1536 Fabam
1487 1519 1528 1535 nec
1535 1517 1652 1547 tangere,

69 1554 120 1573 nec
135 1547 275 1574 nominare
289 1547 399 1575 Flamini
412 1546 485 1575 Diali
498 1547 609 1579 licebat,
631 1549 702 1584 quod
719 1557 748 1574 ca
761 1556 898 1583 putaretur
910 1548 942 1575 ad
958 1555 1079 1575 mortuos
1092 1548 1240 1583 pertinere,
1263 1550 1289 1575 ὃ(
1303 1548 1331 1573 in
1339 1547 1408 1574 flore
1416 1546 1472 1582 ejus
1481 1547 1654 1577 luetushterae

68 1592 194 1620 apparere
209 1586 374 1615 viderentur,
394 1585 501 1613 testibus
513 1590 586 1613 Sext.
598 1588 710 1621 Pompfjo
725 1584 806 1622 Festo,
828 1588 855 1615 ἃ
871 1585 964 1613 Ριίηω.
984 1587 1118 1613 Caeterum
1133 1585 1243 1613 aNuma
1250 1584 1331 1622 usque
1338 1585 1369 1612 ad
1380 1586 1574 1614 Marii&Sullx
1583 1596 1653 1614 tem-

67 1630 148 1658 Porai
169 1631 296 1658 perpetua
310 1625 336 1651 ὃς
350 1624 503 1652 continuata
515 1624 581 1652 serie
594 1623 721 1651 Flamines
735 1623 823 1651 Diales
837 1623 942 1660 semper
956 1623 1078 1655 fuerunt,
1099 1622 1181 1660 usque
1194 1623 1226 1651 ad
1241 1627 1272 1651 L.
1287 1623 1387 1650 cornel.
1400 1623 1543 1654 Merulam,
1565 1626 1610 1661 qui
1623 1625 1650 1653 in

67 1659 199 1688 seditione
214 1661 285 1689 civili
299 1665 329 1688 L.
345 1661 445 1689 Cornel.
459 1661 560 1694 Cinna,
581 1664 607 1691 ὃ(
622 1665 670 1689 Cn.
683 1661 788 1689 offla-sii
801 1672 871 1690 anno
887 1672 1004 1692 ncixvi.
1017 1662 1045 1689 in
1058 1662 1213 1698 magistratu
1219 1660 1319 1689 occisus
1328 1661 1387 1688 fuit.
1408 1661 1467 1688 Post
1475 1670 1572 1698 quem,
1587 1672 1652 1690 cum

67 1701 98 1724 C.
112 1697 165 1730 Jul.
177 1700 270 1733 Cesar,
290 1700 335 1736 qui
347 1699 436 1736 postea
447 1699 567 1728 Dictator
579 1699 642 1732 fuit,
663 1700 690 1727 id
705 1699 883 1729 sacerdotium
896 1699 1051 1728 consecutus
1065 1699 1167 1731 fuiffet,
1186 1709 1243 1727 non
1256 1699 1338 1737 longe
1349 1698 1408 1736 post
1422 1698 1434 1725 {1
1449 1699 1551 1726 victore
1565 1701 1651 1732 Sulla,

71 1735 255 1770 &finerdotiffi
276 1739 303 1765 ὃς
318 1736 404 1764 uxoris
414 1738 472 1765 dote
485 1738 628 1766 muletatus
640 1738 675 1765 cst
690 1761 695 1765 .
722 1739 759 1766 ita
772 1745 802 1766 ut
815 1738 900 1766 nullus
915 1739 1041 1775 deinceps
1054 1737 1160 1765 Flumen
1173 1738 1259 1766 Dmlis
1270 1738 1440 1775 inauguratus
1453 1735 1549 1769 fuerit,
1570 1738 1652 1775 usque

72 1774 105 1801 ad
118 1774 199 1802 finem
215 1775 326 1811 Imperii
341 1774 450 1814 Augusti
464 1776 572 1810 Caeffiris.
599 1775 652 1803 Sub
667 1785 723 1813 quo
737 1785 808 1804 anno
821 1777 878 1813 plus
892 1777 982 1805 minus
994 1787 1016 1805 c.
1033 1776 1174 1813 postquam
1188 1775 1366 1803 iacerdotium
1380 1775 1407 1802 id
1423 1784 1576 1807 vacaverat,
1592 1772 1651 1803 Fla‘-

68 1821 126 1838 men
147 1812 229 1840 Dialts
248 1814 415 1850 inauguratus
437 1814 473 1841 est
488 1818 562 1842 Sext.
579 1818 655 1842 Corn.
676 1814 855 1853 Maluginenfis
866 1836 875 1848 ,
900 1815 959 1852 post
977 1824 1058 1852 quem
1074 1822 1205 1852 perpetuo
1218 1815 1313 1842 ordine
1328 1812 1456 1840 Flamin-es
1469 1812 1558 1840 Diales
1571 1814 1651 1843 multi

68 1848 190 1882 fuerunt,
204 1849 284 1888 usque
297 1853 328 1880 ad
343 1852 485 1880 noviffima
497 1853 605 1890 imperii
619 1860 758 1889 tempora,
774 1854 867 1890 quibus
879 1863 943 1881 cum
960 1853 1065 1890 reliquis
1078 1852 1230 1880 iacerdotiis
1237 1853 1333 1879 veteris
1340 1850 1528 1886 superstitionis
1537 1850 1568 1878 ab
1577 1853 1650 1889 Imp.

71 1887 198 1925 Theodofio
219 1889 245 1916 id
265 1889 441 1917 sacerdotium
461 1891 576 1918 omnino
596 1889 725 1919 sublatum
741 1891 785 1918 est.
817 1894 883 1920 Haec
896 1895 930 1919 de
944 1891 1059 1919 Flamma
1074 1891 1155 1918 Dial1.
1188 1891 1250 1927 Ejus
1265 1899 1332 1917 uxor
1345 1888 1480 1916 dicebatur
1495 1889 1650 1924 Flaminica,

72 1933 154 1960 quam
169 1928 195 1954 ἃ
209 1926 292 1962 ipsam
306 1927 423 1956 seorsum
437 1927 541 1956 easdem
559 1928 615 1956 fere
629 1929 793 1957 ceremonias
808 1929 947 1957 observare
961 1929 1082 1961 solitam,
1102 1930 1176 1957 idem
1186 1927 1324 1966 Agelllib.
1337 1938 1376 1955 io.
1385 1935 1443 1966 cap.
1453 1936 1492 1961 15·
1502 1927 1594 1956 docet:
1610 1930 1648 1957 v-i-

71 1962 166 1992 delicet
190 1974 211 1992 1.
225 1965 296 2001 quod
316 1974 448 1994 venenato
468 1968 624 2003 operiretur.
640 1977 664 1995 2.
685 1969 711 1996 &
734 1968 807 2004 quod
822 1968 850 1995 in
862 1969 916 1995 rica
931 1967 1064 1996 surculum
1078 1968 1112 1995 de
1126 1966 1220 1994 arbore
1233 1965 1322 2002 siliqua
1343 1967 1353 2000 ζ
1362 1964 1414 1992 five
1423 1964 1512 2000 selu-i)
1526 1965 1648 1996 haberet:

75 2009 99 2037 3.
121 2003 147 2030 &
167 2004 238 2038 quod
252 2003 330 2037 fialas
344 2023 352 2034 ,
379 2013 435 2041 quae
456 2006 550 2033 Graece
569 2011 680 2039 κλίμακες
699 2005 865 2042 appellantur
878 2027 886 2038 ,
913 2005 1052 2033 ascendere
1074 2006 1097 2032 ei
1111 2005 1169 2041 plus
1183 2004 1265 2032 tribus
1278 2004 1402 2041 gradibus
1414 2003 1566 2040 religiolnm
1579 2005 1651 2034 effer.

72 2047 99 2072 4.
113 2046 192 2075 atque
206 2042 287 2068 etiam
301 2051 363 2069 cum
376 2043 398 2070 it
411 2043 444 2071 ad
457 2047 568 2081 Argeos,
589 2043 661 2080 quod
676 2053 763 2080 neque
777 2050 900 2072 comeret
912 2051 1006 2080 caput,
1026 2052 1112 2081 neque
1121 2042 1246 2079 capillum
1255 2042 1416 2079 depeeteret.
1434 2042 1569 2072 Hactenus
1575 2043 1651 2082 Agel-

69 2075 124 2104 lrm.
151 2078 317 2107 Accedemus
330 2089 399 2109 nunc
412 2082 446 2110 ad
458 2081 576 2119 reliquos
589 2079 723 2109 Flamines.

743 2140 766 2167 C
787 2150 804 2168 Α
827 2150 851 2168 Ρ.
889 2140 983 2168 XVII.

648 2193 702 2226 De
717 2194 844 2240 reliquis
860 2191 1065 2229 Flaminibus,

69 2266 239 2328 Diximus
258 2276 319 2297 ante
340 2269 461 2306 primum
481 2270 496 2298 a
517 2271 611 2299 Numa
632 2272 766 2309 Pompilio
788 2281 840 2301 tres
862 2272 989 2301 flamines
1003 2271 1134 2301 institutos
1148 2271 1223 2301 fuisse
1237 2293 1245 2305 ,
1271 2271 1374 2300 Dialem
1387 2294 1394 2305 ,
1419 2274 1569 2302 Martialem
1583 2296 1590 2307 ,
1619 2276 1646 2303 δε

91 2343 96 2348 .
159 2307 323 2343 Qut-malem
338 2327 345 2338 ,
373 2308 461 2345 postea
485 2311 614 2345 temporis
639 2311 776 2348 progressu
800 2311 917 2347 pluribus
935 2311 1032 2338 additis
1051 2310 1084 2338 ad
1103 2312 1257 2348 quindecim
1277 2321 1424 2340 numerum
1444 2322 1539 2341 eorum
1561 2322 1651 2340 excre-

71 2342 142 2372 viss‘e.
183 2346 254 2372 Cum
274 2346 355 2383 igitur
378 2347 412 2375 de
431 2345 546 2387 Flumine
565 2347 640 2377 Diali
661 2348 721 2379 satis
739 2349 826 2380 multa
838 2349 867 2378 in
882 2347 1204 2417 mediunssaittulerimus,
1231 2349 1393 2388 consequens
1408 2351 1445 2380 est
1458 2372 1466 2385 ‚
1494 2360 1523 2380 ut
1536 2351 1653 2388 reliquo-

1060 2397 1076 2416 2
1590 2398 1653 2418 rum
