2075 2734
384 136 449 164 ss534
681 123 1120 153 AuriqvirA'rUM
1159 117 1496 147 Ronaninun
1537 116 1693 146 Lis-VII.

390 173 504 199 rationes
524 169 623 197 referre
645 169 676 196 ad
691 169 812 196 aerarium
827 168 973 205 cogebatur
985 189 994 200 ‚
1020 178 1070 197 nec
1084 168 1171 197 multo
1184 168 1242 205 post
1255 166 1408 195 centuriones
1417 188 1426 199 ,
1453 167 1613 204 caeterosque
1626 166 1794 203 provincialis
1806 177 1873 197 curae
1887 166 1974 197 socios'

387 210 418 237 ad
430 209 552 237 :erarium
567 209 593 236 in
606 207 755 238 beneficiis,
775 206 794 234 si
809 206 918 237 liberet,
940 207 1083 236 deferebat.
1103 209 1142 235 Ac
1156 214 1217 234 ante
1228 207 1317 243 legem
1332 207 1442 243 quidem
1457 206 1559 244 Juliam
1573 205 1682 233 liberior
1695 205 1827 235 referendi
1835 208 1903 235 ratio
1912 207 1972 236 suit.

384 252 449 284 Lege
470 255 559 274 autem
573 246 644 279 sulm
658 254 766 274 cautum
781 246 816 272 est
828 266 835 276 ‚
855 252 884 272 ut
897 246 1029 277 rationes,
1048 255 1111 284 quas
1123 247 1150 273 in
1167 247 1305 282 provincia
1322 246 1389 281 apud
1405 245 1468 273 duas
1482 246 1601 273 civitates
1615 243 1790 280 reliquissent,
1809 254 1852 273 eas
1867 247 1971 277 statim,

384 294 464 322 atque
480 285 582 312 Urbem
598 284 712 312 iniil‘ient
725 305 731 315 ‚
752 284 784 311 ad
798 284 919 311 aerarium
935 285 1052 313 totidem
1067 284 1154 311 verbis
1168 284 1299 311 reteri-ent
1311 303 1317 313 ‚
1336 290 1415 320 atque
1429 285 1539 321 triginta
1550 282 1656 314 diebus,
1676 282 1770 319 quibus
1782 284 1915 311 rationem
1929 294 1972 312 re-

385 324 500 351 tulissent
515 343 522 353 ‚
549 324 663 350 comites
676 323 703 350 in
717 322 852 350 beneficiis
866 321 1002 351 deferrent
1017 334 1022 350 z
1049 323 1121 360 quod
1137 331 1228 351 tamen
1243 331 1297 349 non
1307 321 1475 356 proconfialum
1488 322 1629 359 proprium
1644 341 1651 353 ,
1679 320 1723 349 sed
1738 320 1882 360 quaestorum
1896 331 1972 350 com-

385 372 469 389 mune
485 361 548 392 fuit,
570 361 805 397 quemadmodum
820 371 853 389 ex
867 360 994 388 Ciceronis
1007 361 1109 398 scriptis
1121 360 1288 399 intelligitur.

428 404 531 427 Verum
543 399 777 435 quemadmodum
785 399 979 434 proconstclrbus,
1001 401 1045 437 qui
1060 399 1085 426 se
1098 400 1202 436 optime
1214 399 1361 436 gessissent,
1380 400 1472 437 magni
1483 401 1509 427 δε
1520 399 1547 427 in
1560 399 1714 435 provincia,
1735 400 1760 427 ὅτ
1769 399 1796 426 in
1804 398 1879 426 Urbe
1886 397 1973 427 hono-

386 448 427 466 res
439 437 618 464 habebantur:
639 438 673 464 sie
685 446 792 469 contra,
812 437 830 465 fi
845 438 908 474 quid
922 437 1104 475 deliquillent,
1124 445 1204 475 atque
1217 439 1229 465 a
1244 437 1345 475 legibus
1360 438 1532 469 receffiffent,
1553 438 1644 465 multis
1653 437 1817 473 judiciorum
1833 436 1974 474 laqueisir—

387 477 460 503 retiti
475 474 542 502 sunt.
563 476 593 502 In
606 476 698 511 primis
706 484 796 504 autem
807 475 889 504 tribus
896 475 1150 514 obnoxiilegibusac
1157 476 1341 513 quaestionibus
1351 475 1471 508 fuerunt,
1485 476 1632 510 peculatus.
1652 474 1805 512 majestam.
1827 478 1974 510 &repetun-

385 515 491 541 darum.
512 512 659 542 Peculatus.
680 514 698 541 fi
708 515 823 551 praedam
832 516 1025 551 autpecuniam
1034 515 1167 551 publicam
1176 514 1341 546 avertissent,
1361 514 1612 551 quojudicioetiam
1620 513 1757 553 quaestores,
1774 514 1865 551 legati,
1885 512 1974 546 &scri-

385 551 418 579 ba.
431 561 526 579 eorum
541 551 660 579 obsti-iffi
675 552 794 580 fuerunt:
813 552 968 588 Mityestim‘s,
991 554 1008 581 fi
1023 561 1067 581 aut
1081 554 1230 581 exercitum
1244 561 1289 581 aut
1302 554 1470 589 provinciam
1483 552 1549 580 hosti
1559 552 1748 590 prodidiffent,
1770 561 1815 580 aut
1822 553 1974 580 ultroexer-

390 591 475 618 citum
489 588 503 616 ὲ
517 591 822 626 provinciaeduxiss'ent,
843 590 994 619 autbellum
1003 592 1055 619 fine
1064 591 1294 620 S.C.intu1iffent:
1315 592 1532 625 Repetundarum,
1553 591 1639 619 sisein
1648 591 1746 622 socios,
1766 598 1908 620 autavare‚
1929 597 1975 618 aut

388 628 511 664 superbe,
531 636 576 655 aut
590 627 743 661 libidinose,
762 638 807 658 aut
815 629 971 662 crudeliter,
992 629 1284 667 autinjustegeffiss'ent.
1307 630 1422 666 Qiaelex
1430 628 1720 664 maximefficialicfuit‚
1740 630 1974 665 &provinciarum

387 666 498 694 salutem
514 667 662 698 continuit,
682 677 736 704 quo
750 667 852 703 judicio
865 668 987 704 postulati
1001 669 1124 705 plurimi,
1145 669 1264 697 damnati
1278 668 1372 701 multi,
1392 668 1510 697 nonnulli
1525 669 1608 695 etiam
1623 666 1734 695 absoluti
1743 666 1815 695 sunt:
1836 668 1870 694 de
1880 667 1974 704 quibus

387 704 439 732 alio
456 704 525 732 libro
536 703 736 741 disputabimus.
766 708 854 744 Atque
869 706 923 735 haec
937 708 1047 744 quidem
1061 708 1095 735 de
1110 708 1140 735 iis
1149 705 1346 742 proconsulibus,
1367 709 1412 745 qui
1424 707 1505 735 libera
1518 705 1603 735 adhuc
1616 704 1751 742 republica
1763 706 1912 741 provincias
1926 715 1975 743 gu-

390 742 549 774 bernarunt,
569 744 640 772 dieta
654 745 716 773 lint:
733 745 812 772 restat
826 753 855 773 ut
869 745 902 772 de
916 745 955 773 his
970 747 1014 783 qui
1027 746 1170 774 constituta
1181 744 1322 773 monarchia
1339 746 1483 781 provinciis
1496 744 1673 782 praefuerunt,
1693 743 1814 780 quaedam
1829 743 1934 772 addam.

430 780 554 809 odiamus
569 781 700 820 Augusti&
713 803 719 814 ‚
746 792 809 810 cum
824 782 925 812 senatus
940 793 970 812 ac
984 784 1073 821 populi
1089 785 1208 811 Romani
1222 783 1359 812 voluntate
1372 783 1579 820 compelleretur
1591 804 1599 815 ‚
1626 791 1656 812 ut
1669 781 1737 810 solus
1751 781 1884 817 rempubl.
1900 790 1976 819 rege-

389 828 445 851 ret,
464 820 664 856 provinciarum
678 821 935 849 administrationem
950 822 1028 850 aliam
1043 823 1057 850 ὲ
1071 823 1155 859 priori
1168 822 1287 850 instituit.
1317 822 1387 850 Alias
1398 825 1471 851 enim
1488 823 1533 850 sibi
1550 822 1707 852 reservavit,
1729 829 1771 848 eas
1785 819 1897 851 scilicet,
1917 829 1976 857 quae

389 858 554 893 potentiores
574 865 648 886 erant
659 879 666 891 ‚
694 862 720 887 ἃ
740 859 798 895 plus
817 860 925 896 periculi
941 860 1113 889 ostendebant
1126 871 1131 887 t
1161 870 1191 888 ac
1206 860 1247 888 vel
1264 859 1349 888 hostes
1363 861 1465 888 accolas
1478 860 1610 889 habebant
1623 881 1629 891 ‚
1656 858 1699 887 vel
1714 868 1800 886 novos
1813 867 1860 895 per
1874 857 1900 885 se
1914 857 1976 894 ipsae

388 896 490 933 aliquos
506 904 597 923 motus
611 897 715 924 turbare
729 906 860 933 poterant.
881 900 948 934 Qae
960 906 1051 926 autem
1065 899 1241 930 infirmiores,
1264 901 1289 926 S:
1304 900 1452 936 pacatiores
1465 906 1554 929 erant,
1575 898 1676 935 populo
1689 896 1825 928 attribuit,
1844 898 1910 925 utin
1917 905 1978 928 eas,

392 943 459 970 quos
481 933 578 962 vellent
591 955 598 965 ‚
620 936 759 963 mitterent
774 957 780 967 ‚
801 940 897 971 eoique
916 937 961 972 qui
982 937 1041 972 iplis
1059 937 1212 973 praeessent,
1228 938 1374 971 prosonjisles
1395 937 1552 975 appellavit:
1573 938 1607 964 de
1627 944 1742 974 quorum
1763 935 1893 971 potestate
1911 935 1977 972 quid

390 976 441 999 Dro
461 971 505 999 lib.
520 982 566 1009 53.
586 971 681 1002 scribat
701 973 857 1001 audiamus:
879 976 986 1002 Annuas
998 995 1004 1005 ‚
1024 975 1112 1011 inquit
1133 973 1182 1001 Dio
1194 995 1200 1004 ‚
1222 983 1315 1001 eorum
1335 975 1502 1010 praefeeturas
1523 973 1651 1012 Augustus
1669 974 1720 1001 effe
1737 973 1810 1009 juffit
1823 993 1831 1004 ‚
1850 972 1898 1000 nifi
1918 973 1980 1010 quis

392 1009 572 1038 multitudinis
592 1009 738 1039 liberorum
754 1032 761 1043 ,
787 1018 830 1038 aut
851 1013 1004 1047 nuptiarum
1020 1013 1122 1040 ratione
1135 1012 1305 1049 privilegium
1321 1012 1430 1041 haberet
1442 1034 1449 1045 ‚
1474 1021 1556 1050 utque
1570 1014 1604 1041 de
1618 1012 1760 1041 communi
1771 1011 1880 1044 senatus
1893 1011 1978 1039 confi-

390 1047 427 1075 lio
449 1049 635 1081 mitterentur,
656 1059 741 1086 neque
759 1049 848 1086 gladio
867 1050 993 1081 accinessti,
1014 1060 1099 1087 neque
1120 1049 1228 1078 militari
1248 1050 1337 1078 habitu
1357 1060 1470 1080 utentes.
1511 1052 1662 1086 Proconfflles
1682 1058 1772 1079 autem
1793 1059 1838 1076 eos
1858 1049 1910 1077 dici
1930 1059 1976 1077 vo·-

391 1085 455 1117 luit‚
475 1096 529 1114 non
549 1088 634 1115 modo
655 1089 720 1115 duos
740 1089 801 1115 istos
821 1087 948 1121 Gamales,
968 1088 1012 1116 led
1032 1088 1147 1125 reliquos
1168 1091 1250 1116 etiam
1264 1089 1405 1123 praetorios,
1424 1096 1468 1118 aut
1487 1090 1532 1128 qui
1546 1089 1717 1123 prasoriorum
1736 1089 1784 1115 loco
1802 1087 1978 1116 haberentur:

393 1133 475 1161 utque
489 1125 595 1152 lictores
609 1126 725 1162 utrisque
740 1133 795 1156 tot,
817 1135 883 1162 quot
896 1127 922 1152 in
940 1127 1013 1154 Urbe
1026 1127 1183 1163 permissiini
1199 1128 1235 1154 est
1247 1126 1348 1164 legibus
1360 1127 1470 1160 habere,
1490 1128 1624 1161 adessent,
1644 1136 1674 1156 ut
1687 1127 1795 1163 imperii
1807 1126 1917 1162 inlignia
1928 1126 1978 1152 sta-

394 1162 445 1189 tim
461 1170 541 1200 atque
555 1172 628 1191 extra
641 1173 798 1200 pomerium
816 1163 943 1192 venissent
958 1185 964 1196 ‚
985 1166 1155 1193 adsumerent.
1170 1187 1176 1197 ‚
1198 1168 1223 1193 5<
1241 1165 1320 1202 usque
1334 1167 1364 1193 ad
1380 1167 1498 1195 reditum
1512 1167 1538 1193 in
1553 1166 1657 1194 Urbem
1665 1175 1694 1193 ea
1702 1165 1843 1193 servarent.
1863 1164 1897 1191 Et
1906 1164 1978 1200 post:

394 1201 504 1228 Senatus
522 1210 612 1230 autem
627 1222 634 1233 ‚
654 1204 681 1229 ὃ(
695 1211 789 1229 eorum
805 1202 913 1238 quidem
929 1202 1104 1236 Con,¹ularil⁷us
1119 1202 1238 1231 Africam
1252 1211 1331 1239 atque
1347 1204 1435 1231 Asiam
1451 1204 1577 1232 conceffit
1591 1224 1598 1236 ,
1619 1206 1645 1232 ὃς
1654 1202 1775 1238 pratoribs
1789 1202 1901 1239 reliquas
1915 1211 1980 1238 pro-

394 1239 493 1267 vincias
504 1239 645 1275 adscriplit.
666 1240 790 1277 Utrisque
803 1248 893 1268 autem
909 1250 940 1269 ex
953 1251 1030 1279 mquo
1043 1242 1195 1273 interdixit,
1217 1250 1251 1269 ne
1265 1249 1327 1269 ante
1340 1243 1465 1278 quintum
1481 1251 1581 1269 annum
1595 1240 1609 1268 a
1622 1243 1696 1278 gesto
1709 1242 1736 1268 in
1744 1241 1818 1268 Urbe
1826 1241 1981 1276 magistratu

392 1278 545 1312 provincias
557 1277 715 1306 sortirentur
729 1289 733 1305 :
762 1280 797 1306 ita
812 1278 890 1307 fiebat
903 1300 912 1311 ,
939 1289 968 1308 ut
981 1281 1026 1308 etii
1042 1290 1136 1307 eorum
1152 1289 1278 1307 numerus
1291 1301 1297 1312 ,
1325 1289 1406 1317 quam
1419 1280 1618 1317 provinciarum
1633 1286 1688 1307 erat
1705 1279 1794 1314 major
1808 1299 1815 1310 ‚
1841 1286 1933 1306 tamen
1947 1279 1982 1306 ad

395 1324 492 1342 omnes
507 1317 616 1344 tandem
631 1318 777 1351 imperium
791 1318 952 1354 perveniret.
988 1319 1047 1346 Post
1063 1317 1162 1353 Caesaris
1175 1325 1267 1346 autem
1279 1318 1415 1346 offaviani
1428 1327 1569 1355 tempora,
1591 1328 1654 1346 cnm
1668 1317 1789 1345 nonnulli
1801 1326 1895 1345 eorum
1911 1316 1982 1344 male

394 1354 528 1390 gessissent
541 1353 717 1392 magistratum
731 1355 807 1383 suum
819 1376 827 1387 ‚
856 1356 1017 1392 Imperatori
1032 1357 1082 1384 istae
1097 1365 1204 1393 quoque
1216 1357 1361 1393 provinciae
1375 1357 1484 1394 adjeftae
1498 1356 1556 1385 sunt
1567 1377 1576 1388 ,
1602 1367 1632 1385 ac
1645 1357 1679 1385 fic
1692 1356 1731 1383 his
1745 1356 1825 1384 etiam
1840 1354 1900 1391 ipfis
1914 1363 1982 1392 quo-

395 1392 547 1420 dammodo
559 1402 580 1420 is
594 1393 743 1429 provincias
757 1393 910 1430 affignabat.
944 1396 1079 1422 Caeterum
1094 1397 1119 1423 &
1134 1394 1241 1432 legatos,
1260 1394 1305 1422 seu
1318 1393 1438 1432 affeffbres
1451 1394 1579 1432 quosdam
1593 1395 1639 1422 sibi
1653 1393 1843 1424 adsciscebant‚
1863 1402 1981 1429 quorum

396 1430 506 1458 confilio
527 1432 554 1458 in
575 1432 803 1459 administratione
821 1433 964 1467 provincia:
982 1440 1120 1460 uterentur
1132 1452 1140 1463 ,
1161 1433 1270 1460 unicum
1291 1434 1399 1469 quidem
1415 1432 1558 1468 pretorius,
1579 1433 1683 1464 exsui,
1703 1441 1747 1460 aut
1761 1432 1894 1459 inferioris
1908 1431 1981 1458 ordi-

396 1469 437 1496 nis
452 1469 604 1496 hominibus
616 1490 623 1501 ‚
650 1478 702 1497 tres
718 1477 808 1496 autem
823 1469 964 1503 Confidam&
977 1490 984 1502 ‚
1011 1480 1043 1498 ex
1057 1469 1176 1505 ejusdem
1191 1471 1327 1507 dignitatis
1343 1472 1405 1499 viris
1418 1471 1580 1506 accipiebat,
1608 1481 1653 1498 eos
1665 1491 1672 1501 ‚
1700 1471 1743 1506 qui
1756 1469 1802 1506 ipsi
1820 1469 1982 1504 Imperatori

398 1506 582 1543 probarentur.
623 1508 683 1534 Erat
704 1508 785 1534 etiam
801 1507 853 1535 hoc
866 1507 1024 1543 generaliter
1039 1508 1071 1535 de
1085 1509 1210 1535 omnium
1226 1509 1427 1544 provinciarum
1443 1509 1571 1545 potestate
1585 1509 1757 1536 constitutum
1769 1527 1777 1538 ,
1797 1516 1828 1533 ne
1841 1515 1924 1542 quem
1938 1506 1983 1532 de-

397 1542 492 1570 tedium
508 1544 627 1572 militum
642 1552 750 1581 agerent
766 1555 773 1573 ;
801 1555 834 1572 ne
842 1554 974 1579 pecuniam
986 1566 993 1577 ,
1019 1553 1114 1582 praeter
1128 1556 1187 1573 eam
1203 1556 1260 1583 quae
1273 1547 1414 1574 constituta
1429 1553 1485 1574 erat
1498 1567 1505 1576 ,
1533 1547 1671 1583 exigerent
1683 1565 1690 1577 ‚
1716 1544 1818 1572 senatus
1830 1563 1837 1574 ³
1862 1544 1983 1578 Impera-

398 1581 499 1609 torisve
518 1582 614 1618 injuffii
627 1593 632 1609 2
654 1591 717 1610 cum
738 1581 867 1611 successor
885 1584 975 1611 miss'us
990 1584 1068 1616 efflet,
1089 1585 1109 1611 is
1124 1592 1153 1612 ut
1166 1585 1253 1612 statim
1267 1594 1299 1611 ex
1315 1585 1454 1620 provincia
1466 1584 1565 1615 abiret,
1585 1593 1615 1610 ac
1629 1593 1663 1610 ne
1675 1584 1702 1610 in
1715 1581 1852 1609 redeundo
1865 1581 1983 1608 domum

400 1626 506 1657 tempus
519 1627 616 1649 tereret
628 1641 635 1652 ‚
661 1619 705 1648 sed
720 1620 789 1649 intra
802 1622 911 1649 tertium
927 1621 1047 1649 inensem
1066 1624 1185 1649 Romam
1201 1630 1386 1650 reverteretur.
1413 1625 1478 1650 Haec
1492 1621 1550 1649 Dio.
1576 1621 1653 1649 Plura
1668 1621 1701 1648 de
1714 1620 1746 1648 iis
1760 1620 1899 1648 traduntur
1913 1618 1926 1646 a
1940 1619 1985 1655 ju-

400 1657 573 1691 risconsultis,
594 1657 673 1687 titulo
686 1660 720 1687 de
726 1659 873 1695 proconficlbs
886 1660 992 1692 officio,
1014 1660 1060 1697 qui
1072 1662 1181 1696 proprie
1194 1660 1246 1688 huc
1258 1661 1385 1697 pertinet.

1055 1737 1080 1764 C
1102 1746 1118 1763 Α
1138 1747 1163 1764 1²·
1203 1737 1332 1766 XLIII.

736 1790 740 1791 ⁷
778 1803 831 1836 De
843 1801 1018 1850 putoribus
1029 1802 1294 1850 provincialibus,
1322 1809 1369 1837 (Υ
1380 1800 1616 1853 propraetoribus.
1630 1842 1633 1844 ¹

406 1884 506 1944 Initio
521 1882 665 1920 provinciis
678 1881 797 1919 praefecti
813 1881 871 1910 sunt
881 1890 994 1917 pretores
1007 1902 1014 1913 ‚
1040 1888 1069 1910 ut
1083 1884 1110 1911 &
1127 1882 1168 1918 jus
1177 1881 1371 1918 provincialibus
1386 1883 1505 1911 dicerent
1520 1903 1527 1914 ,
1548 1883 1574 1910 δε
1588 1881 1607 1909 fi
1622 1889 1664 1909 res
1678 1887 1787 1919 cogeret
1798 1902 1805 1914 ,
1825 1880 1926 1909 bellum
1943 1881 1986 1909 ad-

459 1924 644 1950 ministrarent.
673 1922 764 1957 Itaque
774 1929 907 1955 purorum
924 1929 1051 1948 numerus
1065 1920 1100 1947 ob
1116 1921 1144 1949 id
1158 1921 1257 1953 crevit,
1277 1922 1338 1958 quia
1351 1923 1550 1957 provinciarum
1565 1929 1692 1948 numerus
1705 1921 1797 1948 crevit.
1826 1921 1898 1947 Cum
1913 1920 1988 1947 enim

404 1962 452 1988 duo
473 1964 552 1987 Romae
569 1969 683 1994 pretores
701 1960 797 1990 ellent,
820 1968 900 1991 unus,
920 1960 964 1996 qui
984 1959 1052 1986 inter
1072 1959 1157 1992 cives,
1176 1959 1254 1991 alter,
1275 1959 1320 1996 qui
1339 1960 1409 1988 inter
1428 1959 1582 1997 peregrinos
1600 1960 1642 1994 jus
1660 1958 1775 1990 diceret,
1796 1968 1826 1986 ac
1845 1958 1989 1994 provinciae

406 2001 461 2026 dux
477 2002 561 2025 Sulltil
579 2006 659 2034 atque
671 1996 792 2025 Sardinia
806 1998 887 2025 effent
903 1998 1042 2028 institutae,
1065 1996 1149 2026 visum
1164 1998 1199 2026 est
1214 1997 1381 2030 faciendum,
1400 2007 1430 2026 ut
1442 2006 1558 2032 praterea·
1573 1996 1616 2024 alii
1637 1998 1664 2024 in
1678 2006 1719 2024 eas
1733 1997 1787 2024 duo
1803 1997 1990 2032 adjiceientur.

408 2038 472 2064 Inde
486 2037 584 2065 duabus
599 2037 630 2063 ad
645 2036 791 2071 imperium
806 2036 935 2071 adjunctis
949 2034 1081 2071 Hispaniis
1093 2055 1100 2066 ‚
1126 2036 1242 2065 totidem
1258 2036 1302 2063 alii
1317 2036 1476 2064 accesserunt
1488 2056 1496 2068 ‚
1516 2035 1562 2072 qui
1575 2035 1697 2072 quaterni
1712 2042 1851 2072 quaternas
1863 2035 1891 2061 in
1904 2034 1990 2071 lingu-

409 2074 448 2100 los
462 2084 542 2101 annos
555 2074 704 2109 provincias
717 2074 904 2110 gubernarent.
935 2074 1071 2109 Qroniam
1085 2082 1176 2102 autem
1189 2076 1217 2102 in
1231 2074 1290 2110 ipsis
1303 2075 1448 2111 provinciis
1462 2072 1527 2110 saepe
1543 2074 1672 2101 tumultus
1685 2083 1715 2101 ac
1729 2072 1795 2100 bella
1808 2073 1930 2110 graviora
1944 2081 1989 2099 ex-

410 2112 573 2143 citabantur,
595 2121 650 2148 quae
672 2111 738 2138 bella
757 2112 814 2147 jam
830 2113 890 2139 inde
903 2112 935 2138 ab
950 2113 1028 2140 initio
1042 2112 1098 2149 geri
1112 2122 1160 2150 per
1174 2113 1300 2140 Consules
1315 2119 1390 2141 erant
1402 2112 1493 2143 solita,
1514 2111 1577 2139 hinc
1591 2112 1673 2139 etiam
1687 2112 1831 2149 provinciae
1844 2109 1988 2145 Confidibus·

409 2149 503 2176 ordine
518 2148 575 2175 sunt
591 2150 745 2177 commillie.
788 2151 821 2178 Et
835 2150 869 2178 iic
885 2151 939 2178 duo
952 2150 1120 2187 potiss'imum
1137 2151 1262 2179 ordinarii
1278 2150 1384 2179 fuerunt
1398 2151 1597 2187 provinciarum
1612 2150 1745 2178 restores:
1767 2153 1884 2176 Praetores
1899 2148 1944 2184 qui
1959 2147 1988 2173 in

409 2193 520 2225 practura
534 2206 540 2216 ,
562 2188 587 2213 ἃ
608 2187 719 2220 confides
731 2208 738 2219 ,
762 2189 807 2224 qui
827 2189 950 2225 graviore
969 2195 1083 2226 urgente
1102 2188 1172 2216 bello
1192 2190 1219 2217 in
1239 2187 1384 2218 Consulatu
1403 2189 1547 2225 provinciis
1567 2187 1734 2225 praefuerunt.
1774 2192 1891 2214 Pratores
1908 2184 1990 2221 igitur

403 2223 565 2261 promncmles
581 2242 587 2251 ,
612 2223 676 2251 sicut
696 2227 721 2252 δε
742 2228 834 2263 reliqui
850 2247 858 2258 ,
884 2227 964 2261 creati
983 2226 1042 2254 sunt
1061 2225 1166 2254 comitiis
1185 2226 1332 2254 centuriam
1345 2247 1352 2259 ‚
1379 2227 1491 2264 quibuS,
1515 2226 1559 2255 ubi
1580 2235 1655 2255 erant
1674 2226 1819 2264 defignati,
1844 2225 1956 2252 decretae
1976 2220 1991 2250 ὲ

411 2262 508 2303 Γεικὶῐιιἱ
521 2261 678 2301 provinciae,
700 2271 762 2303 quas
782 2266 948 2292 roi-tirentur.
988 2265 1101 2303 Inlignia
1119 2264 1226 2294 fuerunt
1247 2265 1340 2293 eadem
1352 2285 1358 2296 ,
1379 2275 1436 2302 quae
1449 2273 1586 2299 pratorum
1603 2265 1754 2293 urbanorum
1765 2285 1774 2296 ‚
1792 2263 1897 2291 lictores
1917 2261 1990 2288 vide-

411 2301 473 2327 licet
492 2302 549 2329 lex,
570 2299 684 2339 totidem
705 2300 799 2332 falces,
819 2311 897 2339 atque
916 2302 1033 2334 secures,
1054 2304 1124 2331 unde
1144 2304 1176 2331 ab
1197 2302 1312 2339 Appiano
1333 2307 1488 2339 {gvi-emm,
1510 2304 1536 2332 id
1558 2304 1609 2335 est,
1622 2305 1671 2338 fix
1681 2302 1806 2337 ficarium
1817 2297 1990 2335 appellantur.

413 2343 521 2373 Tempus
543 2336 707 2378 ordinarium
725 2346 780 2377 fluo
799 2341 947 2375 provincias
967 2349 1125 2374 tenuerunt,
1146 2341 1195 2370 fuit
1206 2352 1329 2370 annuum.
1370 2342 1396 2369 Si
1411 2352 1475 2374 vero
1487 2350 1634 2379 prorogato
1647 2342 1705 2378 post
1720 2346 1861 2377 praeturam
1874 2338 1990 2373 imperio

411 2378 438 2404 m
459 2376 604 2412 provinciis
623 2375 817 2407 remanlissent‚
831 2386 987 2412 ptopratores
1005 2379 1065 2408 sunt
1085 2380 1215 2417 appellati.
1255 2382 1342 2416 Atque
1363 2379 1415 2409 hoc
1431 2381 1541 2418 quidem
1558 2386 1627 2409 ultra
1639 2388 1738 2407 annum
1754 2376 1833 2404 Urbis
1848 2386 1893 2403 nc.
1907 2375 1992 2441 iigsest

1904 2423 1921 2441 o
1952 2423 1993 2441 ci·-
