2075 2734
347 123 403 158 29⁶
582 117 584 119 ’
662 112 1666 150 An'riqurAruMROMANARUML1801V.

389 174 451 201 Hoc
465 170 547 198 etiam
562 167 653 197 mense
667 168 764 197 festum
778 166 857 200 illud,
877 166 949 204 quod
963 165 1158 202 Septimontium
1172 166 1283 199 dicitur,
1304 165 1368 196 fuit:
1391 176 1445 204 quo
1459 167 1517 198 die,
1538 167 1680 196 incertum.
1699 167 1778 199 Varro
1790 170 1848 209 post
1864 171 1933 202 Meu:

354 209 463 239 rent-alia
484 209 540 244 ejus
559 207 729 234 mentionem
750 206 823 234 facit.
850 207 909 232 Sex.
930 205 1076 241 Pompejus
1095 208 1287 239 Septimontium
1301 205 1377 232 illum
1392 206 1464 233 diem
1479 205 1604 241 appellari
1619 205 1708 235 scribit
1720 229 1729 241 ,
1754 211 1799 247 qui
1811 211 1839 238 in
1854 212 1933 240 Fastis

351 246 476 284 Agonalia
489 246 593 274 dicitur.
627 245 740 272 ferentii
756 247 872 271 Varronis
886 243 966 270 verba
976 243 1021 271 lib.
1031 253 1057 280 5.
1075 243 1108 271 de
1117 243 1207 280 lingua
1216 244 1309 271 Latina
1322 242 1377 271 haec
1388 242 1447 270 sunt
1458 254 1464 270 ε
1484 243 1545 271 Dies
1558 243 1749 278 Septimontium
1762 250 1931 282 nominatus,

350 286 382 313 ab
398 285 453 313 heis
467 293 568 321 septem
584 283 722 310 montibus
733 303 740 313 ,
761 283 789 309 in
803 282 876 320 queis
890 282 936 309 fita
947 283 1018 308 Urbs
1033 282 1078 308 est.
1107 283 1186 308 Feriae
1199 290 1254 308 non
1268 281 1374 319 populi,
1397 281 1441 309 sed
1458 290 1650 310 montanorum
1667 285 1759 312 modo.
1779 288 1837 314 Sex.
1852 289 1933 315 Porn-

349 333 446 360 pejus:
473 321 666 356 Septimontium
687 321 743 347 dies
763 320 841 347 festus
861 319 1007 356 appellatur
1027 318 1118 346 mense
1139 319 1287 347 Decembri
1301 340 1309 351 ‚
1337 321 1381 357 qui
1401 319 1498 347 dicitur
1514 320 1541 347 in
1557 321 1634 348 Fastis
1647 321 1770 358 Agonalia
1785 343 1792 354 ,
1817 325 1890 360 quod
1904 327 1932 353 in

350 361 453 398 ieptem
475 359 612 387 montibus
632 361 698 386 hunt
717 358 786 386 fitcra
801 377 808 389 ,
835 358 952 387 Palam,
979 357 1048 385 Velia
1060 378 1066 388 ‚
1094 356 1225 395 Fagutaeli.
1252 356 1366 386 Subura,
1392 358 1523 390 Cermalo,
1548 361 1569 384 C
1572 359 1625 385 oelto
1634 379 1640 390 ‚
1666 359 1739 394 Oppio
1748 380 1755 391 ‚
1783 359 1824 393 ἐς
1844 362 1934 397 Cispio,

351 399 513 427 Sacrificium
528 417 534 428 ,
564 398 634 434 quod
652 397 730 424 tiebat
746 398 843 424 Romae
857 399 884 424 in
899 403 994 423 monte
1009 395 1126 423 Palatino
1143 395 1268 422 Palatuar
1282 395 1418 424 dicebatur
1431 417 1438 428 ‚
1461 398 1512 424 &c.
1542 396 1659 424 Varronis
1673 397 1831 426 sententiam
1844 401 1934 429 ¹verifi-

351 438 486 464 miliorem
508 435 572 463 facit
593 435 765 462 Tertullmnus
775 456 784 467 ‚
811 445 872 463 cum
888 433 978 462 scribit
991 435 1018 461 in
1034 433 1101 461 libro
1115 434 1145 460 de
1159 433 1310 460 Idmolatrm.
1350 434 1440 461 Etiam
1453 434 1555 461 Sireniae
1571 436 1704 472 captandae
1717 457 1724 468 ‚
1752 439 1779 465 ὃς
1795 437 1935 472 Septimon-

349 474 417 502 rium
430 494 437 505 ‚
457 473 498 506 ἐς*
512 472 602 500 bruma
614 492 622 502 ‚
643 474 684 506 Cy·
699 476 770 500 Cam
782 472 931 510 cognationis
944 473 1076 499 honoram
1090 471 1213 509 exigenda
1226 469 1319 498 omnia.
1359 472 1399 499 Ex
1411 472 1506 509 quibus
1518 481 1640 509 apparet,
1660 484 1715 501 non
1731 474 1815 502 solum
1831 480 1934 504 Decem-

348 511 388 539 brt
404 510 495 539 mense
508 511 597 543 fuiii'e‚
617 513 678 549 quia
691 512 712 539 is
727 512 763 538 est
775 511 877 538 brume:
891 511 988 538 mensis
1003 521 1007 537 :
1029 510 1072 537 sed
1087 511 1170 537 etiam
1186 510 1255 536 circa
1270 509 1351 536 finem
1366 510 1422 545 ejus
1436 510 1532 538 meniis
1547 511 1636 542 fuiss'e,
1657 514 1717 548 quia
1732 514 1890 549 proximum
1904 515 1936 543 fit

351 551 442 578 strena:
462 550 597 587 exigendae
613 571 620 581 ‚
647 550 718 587 quod
739 549 818 576 fiebat
840 550 964 578 Kalendis
978 549 1103 586 januarii.
1137 551 1153 573 *v
1164 548 1207 574 ide
1219 545 1356 583 Joss’phum
1369 547 1521 585 Scaligerum
1535 550 1756 585 Castigationibus
1771 552 1802 579 ad
1819 552 1934 580 Festum.

349 589 478 615 Plutarch.
494 589 523 615 in
536 589 729 624 Qaestioni‘ous
745 588 876 615 Romanis
891 609 898 619 ‚
925 587 1013 624 quaest.
1024 590 1068 622 69.
1081 585 1126 613 has
1141 584 1218 612 ferias
1232 584 1362 613 institutas
1377 585 1428 612 effe
1442 587 1495 618 ait,
1514 595 1625 623 propter
1639 588 1774 624 adjecstum
1787 589 1935 626 sePtimum

349 627 448 654 Romae
463 626 560 654 collem
575 647 583 659 ,
609 635 663 663 quo
676 626 744 653 facta
758 624 934 659 ficskpticollts.
972 626 1064 660 quue
1079 624 1122 651 die
1134 622 1180 651 usu
1195 623 1376 650 vehiculorum
1392 643 1400 655 ,
1428 633 1486 660 quae
1498 623 1628 659 jumentis
1642 626 1806 655 traherentur
1820 649 1827 659 ‚
1849 631 1874 657 ὃ(
1889 638 1935 656 an-

348 666 438 702 tiquos
453 665 599 693 abstinuisse
612 685 619 696 ‚
640 668 666 693 ὃς
682 668 728 691 §uo
743 665 893 691 eiamnum
907 671 1032 699 tempore
1043 662 1207 699 antiquitatis
1221 660 1347 689 studiosos
1360 661 1488 690 abstinere
1502 672 1507 689 :
1530 671 1605 698 cujus
1618 665 1703 691 moris
1716 667 1832 698 rationes
1845 666 1934 702 plures

348 704 426 731 affert
442 724 448 734 ,
469 704 539 731 inter
552 712 615 740 quas
630 705 655 731 ἃ
671 702 708 729 hae
723 702 795 729 sunt:
816 703 870 728 Aut
884 701 956 738 quod
972 701 1105 731 Romani,
1126 708 1189 727 cum
1204 700 1278 726 Urbe
1293 700 1432 727 condenda
1446 708 1577 737 magnum
1591 710 1656 737 opus
1669 704 1826 739 peregiffent
1837 725 1844 732 ,
1864 705 1934 740 jam-

352 750 405 778 que
419 741 527 769 ulterius
542 742 741 768 incrementum
755 739 835 766 Urbis
848 739 951 767 nullum
965 740 1057 766 animo
1071 738 1259 773 conciperent,
1287 739 1406 774 quietem
1421 747 1483 765 cum
1498 738 1560 769 fibi,
1581 746 1640 766 tum
1651 740 1796 775 jumentis,
1816 733 1932 779 q'uorum

350 789 431 817 opera
446 779 552 807 fuissent
565 779 601 807 ufi
615 788 662 815 per
679 780 735 805 istas
750 777 826 805 ferias
841 779 1004 813 paraverint:
1018 784 1071 804 Vaut
1086 776 1158 813 quod
1172 776 1269 807 iidem,
1291 785 1355 803 curn
1370 775 1468 804 vellent
1482 786 1577 803 omnes
1591 776 1743 805 festivitates
1757 779 1856 806 civium
1868 790 1934 816 pra:-

349 818 432 845 sentia
445 818 533 845 ornari
548 838 555 848 ‚
576 827 636 844 eam
651 827 715 844 vero
729 816 864 851 imprimis
880 826 936 852 quae
949 815 984 842 ob
1000 814 1148 842 contractas
1163 813 1189 840 in
1204 823 1285 849 ungui
1304 814 1401 842 multas
1414 813 1494 841 Urbis
1509 824 1595 850 partes
1608 815 1725 844 instituta
1739 824 1812 848 erat,
1833 818 1934 846 civibus

349 855 396 883 usu
410 855 593 883 vehiculorum
608 856 836 891 jumentariorum
852 855 897 881 ista
911 854 954 880 die
968 853 1166 884 interdixerint,
1187 861 1221 879 ne
1236 852 1324 885 Urbe,
1345 853 1387 880 cui
1401 853 1456 880 dics
1470 854 1596 889 agebatur
1610 853 1703 889 festus,
1725 864 1755 882 ex
1768 863 1835 883 rent.
1868 859 1933 885 Hoec

337 893 508 923 Plutarchus.
526 896 615 932 Atque
629 894 662 922 de
674 892 766 921 mense
779 891 907 920 Decembri
921 891 1054 920 haetenus.

1023 963 1048 989 C
1070 972 1086 989 Α
1108 972 1131 990 ι’.
1172 961 1264 989 XVII.

664 1024 715 1056 De
730 1021 832 1056 diebus
841 1020 949 1067 festis,
975 1030 1034 1051 non
1044 1017 1123 1062 stato
1139 1028 1192 1052 aut
1208 1029 1287 1052 certo
1301 1028 1431 1068 tempore
1445 1017 1613 1054 celebratis.

344 1091 518 1154 Diximus
537 1090 662 1118 haetenus
671 1109 680 1124 ,
702 1096 832 1127 quantum
848 1090 876 1116 in
892 1096 948 1116 tarn
963 1086 1100 1115 obscurata
1114 1089 1277 1125 antiquitatis
1291 1091 1426 1116 memoria
1441 1089 1498 1116 fieri
1513 1089 1526 1115 {i
1539 1087 1616 1115 nobis
1630 1088 1731 1123 potuit,
1753 1088 1787 1115 de
1794 1086 1932 1125 sbriisstJ.

439 1128 499 1157 rivis
512 1150 520 1161 ,
541 1130 621 1165 idque
641 1135 774 1164 praeennte
791 1127 868 1154 nobis
889 1126 1000 1154 Kalend.
1021 1127 1150 1153 Romano
1164 1148 1171 1158 ‚
1192 1137 1225 1154 ex
1245 1128 1355 1164 antiquo
1374 1136 1511 1154 marmore
1531 1125 1678 1162 descripto*¹
1700 1125 1829 1162 superest,
1851 1136 1879 1154 nt
1900 1128 1933 1154 de

347 1177 490 1202 concepimus
509 1168 591 1194 etiam
608 1186 615 1197 ‚
641 1164 797 1200 imperativis
812 1185 819 1196 ,
846 1164 970 1191 nundmt‘s
982 1184 990 1195 ,
1017 1166 1043 1190 δε
1063 1162 1118 1190 aliis
1139 1163 1294 1200 quibusdam
1311 1186 1317 1195 ‚
1343 1167 1464 1200 quaedam
1483 1165 1510 1191 in
1531 1165 1652 1190 medium
1673 1165 1813 1192 :ti-ieramus
1828 1185 1835 1196 ‚
1861 1165 1933 1200 quod

347 1206 400 1233 hoc
415 1207 500 1241 capite
514 1205 656 1235 faciemus,
677 1212 756 1240 atque
770 1210 829 1230 tum
846 1202 928 1229 finem
941 1202 1002 1228 hu1c
1016 1199 1084 1227 libro
1099 1202 1282 1238 imponemus.
1316 1201 1463 1235 Conceptivae
1477 1201 1551 1232 sunt,
1570 1202 1605 1227 ait
1619 1202 1726 1228 Macrob.
1739 1202 1782 1229 lib.
1801 1213 1822 1231 ι.
1844 1204 1932 1229 Satan

347 1244 479 1272 naliorum
489 1264 496 1275 ‚
518 1251 574 1278 cap.
592 1245 631 1269 16.
653 1251 710 1279 quae
731 1242 872 1278 quotannis
885 1241 899 1267 ’ἐι
915 1238 1111 1277 Magistratibus
1127 1240 1169 1267 vel
1181 1238 1358 1267 sacerdotibus
1374 1241 1562 1275 concipiuntur
1575 1258 1582 1269 ‚
1604 1238 1631 1264 in
1645 1238 1699 1264 dies
1712 1238 1754 1265 vel
1769 1247 1869 1270 certos,
1891 1239 1934 1267 vel

348 1283 400 1310 etia
426 1301 428 1306 ,
452 1283 589 1309 incertos:
615 1289 644 1307 ut
665 1279 723 1307 sunt
743 1278 841 1306 Latina
854 1299 862 1310 ‚
889 1276 1030 1315 Paganalm
1043 1297 1051 1308 ,
1081 1276 1225 1305 Sementinae
1238 1298 1247 1309 ,
1274 1276 1437 1311 Compitum.
1478 1278 1639 1313 Qanquam
1658 1275 1763 1302 Latinas
1784 1275 1860 1303 ferias
1879 1286 1934 1304 non

347 1318 495 1354 concepeirax
508 1340 515 1351 ,
542 1317 585 1346 sed
598 1317 710 1356 stativas
731 1317 818 1345 feciffe
840 1317 946 1345 videtur
965 1315 1058 1342 Livius
1078 1315 1122 1344 lib.
1141 1327 1184 1353 25.
1206 1325 1257 1352 qua
1275 1316 1309 1344 de
1327 1326 1355 1344 re
1377 1317 1438 1343 vide
1452 1314 1674 1342 Commentarios
1690 1314 1761 1342 Pauli
1777 1315 1889 1342 Manutii
1905 1316 1933 1342 in

348 1358 488 1396 epitolam
505 1367 531 1392 4.
544 1356 589 1384 lib.
600 1367 625 1384 2.
639 1357 671 1384 ad
688 1357 870 1391 QFratrem.

388 1396 484 1423 Latina
496 1397 566 1430 serm
579 1416 586 1427 ‚
613 1395 699 1431 inquit
715 1397 790 1421 Varro
805 1392 850 1420 lib.
866 1402 893 1428 5.
909 1392 942 1419 de
955 1391 1020 1429 ling.
1035 1393 1094 1420 Lat.
1113 1392 1169 1419 dies
1189 1391 1340 1427 conceptivus
1354 1413 1361 1423 ‚
1389 1392 1474 1419 didius
1489 1390 1501 1419 ὲ
1517 1388 1631 1418 Latineis
1638 1390 1748 1426 populeis
1758 1412 1764 1423 ‚
1794 1389 1887 1428 quibus
1901 1400 1934 1418 ex

350 1434 453 1463 Albano
465 1442 560 1462 monte
571 1443 605 1461 ex
618 1432 711 1461 lacreis
725 1441 832 1459 carnem
848 1437 938 1466 petere
951 1430 1002 1457 fuit
1014 1431 1057 1466 jus
1071 1440 1135 1458 cum
1149 1432 1308 1458 Romaneis:
1330 1429 1342 1457 ἐι
1357 1430 1450 1466 quibus
1466 1428 1579 1457 Latmeis
1591 1431 1690 1456 Latin-x
1698 1430 1781 1457 diax.
1802 1431 1844 1456 De
1851 1430 1932 1466 origi-

347 1483 383 1501 ne
405 1472 532 1500 feriarum
553 1472 708 1499 Latinarum
729 1470 830 1506 Diorgiff]
849 1468 1017 1504 Haltcnrnaſj.
1034 1468 1077 1495 lib.
1093 1478 1120 1503 4.
1135 1469 1163 1496 in
1178 1468 1283 1497 historia
1296 1469 1436 1505 Tarquinii
1450 1467 1575 1504 Superbi,
1597 1477 1628 1494 vr
1639 1477 1660 1495 1.
1673 1470 1862 1495 Romanorum
1879 1469 1933 1494 Re—

347 1512 404 1549 gis,
424 1520 488 1539 cum
501 1509 612 1538 devietis
626 1507 777 1540 Hetruscis,
796 1510 822 1535 ἃ
838 1507 939 1534 foedere
953 1508 1022 1534 inter
1032 1507 1141 1534 Latinos
1156 1508 1268 1543 populos
1277 1506 1389 1534 authore
1397 1507 1544 1543 Tarquinio
1552 1505 1672 1541 Superbo
1681 1507 1756 1542 Rege
1771 1507 1839 1535 icto.
1862 1505 1931 1533 mul-

342 1556 376 1577 τα
390 1548 470 1576 verba
483 1547 584 1575 feeisset
594 1569 602 1580 ,
627 1547 662 1574 fic
673 1546 762 1575 scribit
779 1557 783 1574 :
812 1555 841 1576 ut
856 1546 1050 1583 sempiternum
1066 1553 1187 1574 maneret
1200 1546 1226 1572 id
1241 1546 1327 1573 foedus
1340 1564 1348 1576 ‚
1376 1546 1537 1581 Tarquinius
1555 1542 1692 1579 propoliu't
1705 1543 1840 1580 defignare
1854 1552 1931 1570 com-

349 1596 433 1615 mune
452 1586 545 1613 fanum
566 1589 736 1613 Romanorum
750 1607 756 1615 ‚
784 1587 935 1613 Lannomm
948 1606 955 1617 ,
984 1583 1167 1615 Hernicorum,
1191 1583 1326 1618 Volsc‘orum
1340 1603 1349 1615 ,
1375 1583 1500 1611 duntaxat
1521 1582 1548 1608 in
1570 1581 1726 1609 societatem
1740 1588 1931 1616 receptorum,

347 1626 421 1663 qnod
435 1625 467 1652 ad
481 1633 631 1652 mercatum
649 1624 838 1651 convenientes
851 1645 858 1656 ‚
886 1625 1027 1661 quovannis
1043 1632 1094 1650 una
1107 1622 1274 1658 epularentur
1288 1642 1296 1653 ,
1320 1621 1523 1658 fruerenturque
1536 1620 1613 1647 theris
1627 1619 1825 1647 communibus-
1865 1621 1932 1646 Gra-

350 1671 409 1691 tum
425 1664 451 1690 id
467 1661 517 1690 fuit
530 1661 655 1690 omnibus
669 1673 674 1689 z
700 1662 773 1690 iocus
785 1662 931 1689 conventui
943 1662 1101 1698 praetiitutus
1115 1662 1151 1688 est
1164 1662 1192 1688 in
1207 1659 1357 1688 meditullio
1371 1659 1426 1687 fere
1437 1658 1531 1686 harum
1546 1658 1669 1696 gentium
1686 1678 1693 1689 ,
1714 1667 1794 1685 mons
1806 1656 1873 1685 altus
1889 1656 1934 1685 At-

350 1701 390 1729 bae
404 1701 552 1729 imminens
566 1723 573 1733 ,
600 1701 644 1728 ubi
658 1701 762 1738 lingulis
775 1701 849 1727 annis
864 1701 934 1727 feriae
954 1699 1149 1727 celebrarentur
1162 1702 1189 1728 ἃ
1210 1710 1243 1727 eo
1262 1699 1392 1735 temporis
1412 1698 1494 1735 spatio
1508 1704 1618 1734 propter
1631 1695 1685 1723 loci
1698 1696 1874 1733 religionem,
1894 1695 1932 1722 lc-

351 1749 470 1778 gemque
483 1740 516 1766 de
530 1738 582 1766 hoc
596 1739 677 1766 latam
691 1759 698 1770 ‚
718 1740 750 1766 ab
765 1740 842 1766 omni
859 1739 885 1766 vi
897 1745 1079 1775 temperarent
1092 1748 1199 1766 omnes:
1221 1738 1344 1775 sacraque
1360 1737 1544 1765 communiter
1556 1733 1626 1772 Jom'
1641 1735 1739 1761 Latias>
1750 1735 1882 1765 tacerent,
1904 1735 1931 1761 ὃς

346 1786 472 1807 vacarent
487 1777 588 1813 epulis,
615 1777 759 1805 constituto
772 1778 844 1814 prius
857 1797 864 1808 ‚
885 1783 1015 1814 quantum
1028 1775 1136 1813 quisque
1151 1776 1264 1813 populus
1277 1778 1304 1804 in
1318 1786 1348 1803 ea
1360 1775 1430 1803 ittera
1443 1775 1558 1812 praebere
1572 1794 1580 1805 ,
1600 1781 1762 1810 quantamve
1774 1772 1931 1808 portionem

348 1818 466 1854 recipere
479 1816 583 1843 debeat.
619 1816 715 1842 Earum
731 1815 858 1843 feriarum
867 1836 874 1846 ‚
894 1823 974 1851 atque
987 1813 1105 1842 sacrificii
1116 1816 1256 1851 participes
1271 1814 1378 1842 fuerunt
1391 1813 1473 1840 tribus
1485 1813 1573 1839 minus
1585 1821 1630 1847 50.
1643 1809 1749 1846 populi,
1769 1818 1831 1846 quas
1844 1810 1932 1837 nostra

348 1865 456 1893 quoque
475 1861 553 1882 aetate
574 1854 695 1881 Romani
709 1855 810 1891 agitant
823 1874 831 1886 ,
861 1852 967 1880 Latinas
981 1860 1080 1879 vocatas
1094 1864 1102 1878 :
1128 1854 1325 1889 conferuntque
1339 1853 1366 1879 in
1380 1860 1421 1878 eas
1431 1850 1522 1887 populi
1536 1849 1671 1876 sacrorum
1685 1849 1826 1884 participes
1840 1868 1848 1879 ‚
1873 1849 1931 1884 qui-

348 1896 412 1922 dam
432 1902 507 1931 agnos
520 1913 527 1924 ‚
554 1892 664 1929 quidam
684 1896 760 1926 caseos
772 1913 781 1924 ‚
808 1892 917 1928 quidam
937 1889 1011 1917 lac‘bs
1031 1899 1137 1919 certum
1152 1892 1268 1919 modum
1283 1911 1290 1922 ,
1315 1890 1424 1927 quidam
1440 1889 1490 1915 mm
1503 1886 1619 1914 lastaria.
1661 1886 1780 1913 Victima
1795 1886 1830 1913 est
1843 1894 1931 1914 taurus

350 1941 419 1959 unus
438 1931 594 1959 communis
614 1931 739 1957 omnium
751 1948 761 1959 ‚
787 1930 821 1957 de
833 1930 908 1965 cujus
921 1929 1061 1957 viicnibus
1074 1931 1168 1966 cuique
1181 1930 1280 1966 populo
1293 1927 1336 1956 sua
1350 1935 1422 1955 certa
1435 1926 1525 1964 portio
1538 1925 1671 1954 tribuitur.
1711 1924 1875 1952 Sacrificatur
1887 1933 1932 1951 au-

349 1976 407 1997 tem
423 1979 473 2005 pro
487 1969 613 1997 omnibus
628 1971 653 1996 ὃ(
667 1969 786 1995 Romani
800 1968 914 2004 praesunt
928 1967 1062 1994 sacrificio.
1089 1969 1224 1996 Hadienus
1239 1966 1339 2004 Dionys
1365 1967 1405 1993 Ex
1419 1964 1512 2002 quibus
1525 1964 1602 2000 ipfius
1615 1962 1701 1990 verbis
1715 1963 1774 1989 latis
1786 1962 1932 1999 fiiperque›

350 2015 407 2044 quse
423 2008 491 2034 ratio
514 2010 667 2034 Latinarum
673 2006 802 2042 serrarum
817 2005 896 2033 fuerit
908 2026 914 2037 ,
940 2004 1051 2042 intelligi
1066 2007 1158 2042 potest.
1200 2006 1317 2034 Pertinet
1332 2007 1358 2033 &c
1372 2004 1424 2031 hoc
1437 2005 1468 2030 ad
1483 2001 1636 2030 Latinarum
1642 2001 1769 2036 sei—mrum
1782 2002 1915 2032 rationem
1924 2020 1932 2032 ,

352 2047 425 2081 quod
447 2045 575 2072 Consules
590 2054 645 2073 non
659 2052 720 2072 ante
735 2046 806 2072 exire
819 2044 933 2080 paludati
946 2044 973 2070 in
989 2044 1140 2071 Provincias
1155 2044 1341 2072 consueverint
1355 2046 1526 2080 quant-sacras
1542 2038 1649 2067 Latinas
1664 2039 1830 2070 indixissent,
1853 2046 1933 2076 atque

351 2082 382 2109 iis
402 2084 429 2110 in
447 2090 541 2110 monte
564 2084 666 2110 Albano
687 2093 751 2110 cum
768 2085 923 2111 Latinarum
938 2082 1080 2109 civitatum
1096 2082 1291 2120 Magistratibus
1309 2089 1420 2117 operam
1436 2078 1573 2106 dediffent.
1613 2081 1671 2105 Lus.
1689 2077 1780 2105 multis
1793 2077 1858 2105 locis
1871 2097 1878 2108 ,
1905 2080 1932 2105 a&

350 2119 402 2147 Dio
423 2120 439 2148 l.
449 2124 494 2154 46.
514 2120 559 2147 ubi
580 2123 661 2149 etiam
681 2128 790 2149 annotat
803 2141 810 2152 ‚
838 2120 908 2148 male
920 2120 1016 2147 celliss'e
1029 2121 1059 2147 iis
1073 2140 1080 2151 ‚
1106 2129 1152 2157 qui
1164 2119 1314 2156 anteferias
1328 2117 1435 2146 Latinas
1449 2116 1522 2144 Urbe
1534 2115 1650 2152 profecti
1663 2116 1777 2143 fuiss‘ent.
1819 2115 1900 2154 Qod
1913 2114 1933 2141 fi

351 2159 379 2186 in
401 2168 434 2185 eo
455 2157 527 2184 litero
541 2167 596 2185 non
610 2169 705 2186 omnes
721 2161 807 2188 Latini
822 2167 929 2186 carnem
946 2159 1121 2193 accepifl‘ent,
1148 2159 1192 2186 sed
1206 2159 1302 2195 aliquid
1317 2157 1429 2185 dilatum
1444 2177 1453 2188 ,
1480 2155 1679 2192 praeteritumve
1694 2153 1781 2181 fuifl'et
1791 2174 1799 2186 ,
1825 2163 1869 2181 aut
1885 2161 1930 2179 ne-

352 2196 445 2234 gleetae
466 2196 623 2223 ceremoniae
638 2217 644 2227 ,
672 2198 886 2225 inrermisshmve
905 2196 1013 2224 solenne
1033 2196 1097 2224 esset
1111 2216 1118 2227 ,
1143 2204 1270 2233 tanquam
1285 2206 1340 2223 non
1352 2195 1403 2223 rite
1416 2194 1566 2222 exhibitum
1579 2192 1649 2220 foret
1663 2213 1669 2224 ‚
1696 2192 1784 2220 denuo
1799 2189 1932 2219 instaurari

351 2239 458 2273 Latinas
474 2232 615 2269 oportebat
630 2256 634 2260 .
663 2244 736 2270 cujus
758 2238 843 2263 moris
862 2235 985 2271 exempla
1006 2235 1075 2270 apud
1096 2233 1200 2261 Limum
1219 2235 1236 2262 l.
1250 2244 1293 2272 32.
1305 2244 1346 2271 37.
1356 2242 1401 2268 41.
1423 2235 1449 2261 δε
1463 2231 1523 2259 alibi
1538 2231 1623 2258 multa
1635 2238 1733 2259 extant.
1772 2227 1866 2256 lndaecio
1879 2229 1931 2254 La—

351 2271 428 2304 tiam,
447 2271 499 2299 hOC
520 2270 570 2301 est,
592 2271 689 2297 iolenni
709 2273 775 2300 festo
796 2274 954 2301 Latinarum
967 2294 976 2305 ‚
997 2272 1069 2300 nefas
1090 2273 1141 2300 elle
1161 2273 1278 2308 praelium
1299 2273 1417 2302 sumere,
1438 2271 1511 2308 quod
1531 2280 1564 2297 eo
1582 2277 1707 2306 tempore
1727 2267 1863 2305 quondam
1881 2274 1931 2301 pu-

352 2309 422 2339 blice
434 2331 442 2342 ,
469 2309 581 2336 inducia:
608 2310 676 2335 inter
704 2312 786 2337 Rom.
809 2312 938 2347 populum
954 2333 961 2343 ‚
990 2310 1150 2347 Latinosque
1170 2311 1281 2338 firmate
1300 2310 1390 2337 client.
1429 2307 1538 2336 Mam-ab.
1557 2307 1602 2335 lib.
1620 2318 1641 2334 1.
1671 2304 1796 2334 Satur-nal.
1815 2312 1872 2339 cap.
1889 2306 1930 2332 16.

350 2347 438 2376 habet.
480 2349 553 2374 Cum
579 2355 669 2373 autem
698 2348 822 2375 Consules
849 2351 968 2377 Romani
996 2349 1057 2376 huic
1077 2349 1204 2377 sacrificio
1223 2348 1315 2386 hisque
1334 2348 1404 2375 feriis
1423 2356 1535 2384 operam
1555 2348 1648 2373 darent
1661 2365 1669 2376 ‚
1696 2343 1778 2370 moris
1798 2349 1853 2369 erat
1868 2362 1875 2372 ,
1901 2350 1931 2370 ut

351 2387 461 2417 interim
487 2385 550 2414 alius
575 2384 668 2422 aliquis
687 2394 719 2412 ex
741 2388 917 2415 l'atriciornm
937 2396 1052 2415 numero
1072 2386 1139 2415 Urbi
1159 2387 1335 2424 prccficerctur
1350 2407 1357 2420 ‚
1384 2387 1430 2424 qui
1451 2383 1580 2421 prasec‘i‘us
1600 2382 1666 2411 urbis
1685 2383 1837 2409 Lammrttm
1858 2379 1932 2445 {iausa

996 2441 999 2444 ,
1881 2427 1931 2446 ice-
