2075 2734
363 129 418 163 {376
815 124 835 150 P
876 133 892 151 Α
935 131 952 151 υ
993 134 1010 151 L
1051 133 1059 152 i

361 178 504 210 magistratus
526 175 641 201 intellexit
653 175 729 199 :ediles
742 174 831 206 plebis,
847 173 955 197 tribunos
968 172 1054 204 plebis,
1081 173 1133 197 acdi-

362 212 395 234 ies
414 210 504 233 curules
514 226 519 236 ,
535 210 558 233 ἔκ*
579 210 650 235 alios,
668 208 697 230 de
717 207 803 237 quibus
821 214 898 237 agetur
908 207 930 229 in
944 206 1005 229 libro
1019 205 1048 228 de
1061 206 1149 236 magi--

362 242 477 266 stratibus.
495 240 601 264 distinxit
614 246 690 262 autem
705 246 753 261 tion
768 237 799 261 ob
812 245 863 261 eam
876 237 964 261 causam
973 238 1041 268 ,quia
1056 238 1135 260 mino-

361 273 425 297 ribus
439 272 606 304 magistratibus
620 272 645 294 in
658 270 736 294 senatu
750 268 887 293 sententiam
900 270 977 293 dicere
989 269 1133 294 nonliceret,

362 304 402 329 sed
417 308 471 336 quia
486 306 563 336 petius
576 303 646 327 multi
659 301 798 326 sententiam
815 302 931 328 dicerent,
951 302 992 332 qui
1005 308 1082 332 neque
1090 308 1134 323 ma-

362 337 482 368 gistratum
490 343 595 367 gererent
604 352 609 360 ,
620 342 696 365 neque
712 334 825 357 senatores
840 333 918 357 essent.
935 333 1018 356 licebat
1031 333 1097 355 enim
1110 339 1134 355 o>

363 369 459 393 mnibus
481 366 649 398 magistratibus
667 367 691 389 in
706 368 809 389 senatum
822 366 936 391 introire,
956 365 1007 396 post
1021 364 1135 395 magistra-

362 407 414 424 tum
438 406 513 422 autern
532 400 562 422 iis
580 405 670 421 tantum
681 414 687 424 ‚
705 398 745 429 qui
758 397 832 420 curuli
852 397 944 420 honore
956 396 987 419 usi
1000 403 1070 419 erant.
1086 403 1135 426 quo

362 432 464 463 speftant
476 432 515 454 illa
532 437 629 462 quoque
640 430 761 453 Ciceronis
773 436 815 460 pro
829 429 942 452 Cluentio
954 436 1002 460 cap.
1013 436 1051 454 54-
1085 428 1136 457 Qui

363 463 463 486 tribunus
482 463 530 485 mil.
547 461 661 492 legionibus
682 470 723 491 qua.
735 469 773 482 uor
790 462 882 491 primis,
898 461 967 492 qui-ve
978 459 1077 491 quastor,
1096 461 1133 481 iri·

363 495 433 517 bimus
447 494 524 525 plebis.
559 496 661 524 Deinceps
681 501 752 515 omnes
766 492 1048 522 magt,?ratustromitr.zvit,
1065 499 1134 521 qietve

362 526 596 555 irzsknarufinfeutiam
604 525 903 554 dixindrxmr‚Satisaperte
910 522 1060 555 significamus
1067 528 1137 552 ‚quos

364 558 512 584 nominavit,
525 555 612 580 licuisse
628 555 679 588 post
695 555 854 586 magistratum
871 555 1007 578 sententiam
1020 555 1046 577 in
1061 552 1138 576 senatu

362 590 449 613 dicere.
482 588 573 619 Scripsit
585 589 656 612 ctiam
670 590 704 611 M.
719 589 788 610 Varro
801 587 825 610 in
838 586 906 618 satyra
921 587 1136 617 Menippca‚quam

363 620 494 645 ύτῖνποκύωγ
507 619 620 651 inscripsit
632 637 638 646 ,
655 619 745 651 equites
758 618 872 651 quosdam
881 620 978 652 pedanos
998 617 1135 649 appellatos:

364 653 452 684 eosque
465 652 557 676 Gellius
568 655 608 676 111.
620 657 656 676 is.
674 658 738 682 putat
751 650 871 681 significari
881 667 886 677 ,
904 652 943 681 qui
957 654 1048 672 namium
1061 648 1074 671 ir
1090 657 1134 671 cen-

359 686 405 715 fhre
417 687 439 707 1¹7¹
446 686 550 714 senatum
563 684 615 707 [εἱῖί
626 690 702 706 erant:
720 690 781 714 quos
795 683 825 705 alt
832 686 940 714 senatorer
953 683 1040 712 quidem
1054 681 1133 709 nonsu-

363 718 414 747 tsse:
432 717 478 745 sed,
497 724 550 747 quia
562 714 674 737 honoribus
684 716 758 745 populi
771 716 805 745 usi
814 722 888 740 erant,
906 715 927 736 in
938 713 1037 741 senatum
1047 711 1132 739 vemffi,

364 747 390 771 a*
398 748 556 778 sementis-jus
569 746 669 774 birburffi.
687 745 773 769 deinde
785 745 904 777 iubjungir
918 744 975 767 hasc:
994 748 1055 767 Nam
1064 743 1088 765 d*
1096 751 1131 764 tu-

362 780 449 803 ratibus
463 777 622 810 magtssratibus
629 778 717 808 sunft‘i,
735 779 775 809 qui
784 780 876 801 nondum
889 778 1017 805 insertarum
1029 776 1042 798 iz
1055 775 1134 804 scnfhre

362 812 413 834 [eiii
427 818 502 838 erant,
515 811 623 840 sbtirrrorer
637 818 675 832 non
688 816 762 832 eram:
780 808 820 835 Θ,
838 810 892 840 quia
904 816 926 830 m
936 808 1133 838 postremissiiiptr

360 850 435 870 erant,
453 851 491 865 tion
505 841 634 872 rogabantur
645 841 825 870 fhntcntiasffed,
843 849 898 872 quas
908 841 1012 872 principer
1024 840 1134 864 dixerant,

360 876 383 897 in
397 883 431 897 eas
443 875 578 903 discedebant.
596 875 647 896 Hoc
659 872 799 903 significabat
810 872 929 898 edilium,
943 878 991 902 quo
1006 877 1066 893 nunc
1074 876 1132 900 quo·

363 913 410 937 que
424 904 554 932 Consules,
577 912 631 928 cum
644 903 760 927 senatores
771 905 796 927 in
809 904 896 927 curiam
910 908 1007 929 vocant,
1023 899 1135 925 servanda:

361 937 539 961 consuetudinis
551 935 613 959 causa
625 935 762 960 translaticio
773 942 884 959 utuntur:
898 935 962 962 cuius
975 934 1021 956 hze
1029 933 1136 956 suntver-

362 968 403 992 ba:
422 969 546 995 Senatores,
563 968 685 999 quibusque
696 970 718 990 in
727 969 940 997 fitiatusenrentmm
953 968 1021 988 drcere
1033 967 1089 987 licet.
1106 966 1133 986 In

361 1008 393 1024 eo
403 1006 480 1026 tamea
495 1000 569 1023 haereo
578 1016 584 1026 ,
600 998 666 1030 quod
679 1006 720 1022 eos
732 998 817 1030 quibus
831 999 855 1021 in
869 997 946 1020 senatu
959 995 1097 1020 sententiam
1106 995 1134 1017 li-

361 1031 432 1055 cuisse
445 1032 535 1057 dicere,
552 1032 597 1058 iam
611 1030 705 1053 tradidit
714 1047 720 1057 ,
733 1030 830 1052 eosdem
844 1029 918 1060 postea
931 1035 978 1051 non
992 1034 1085 1058 rogatos
1092 1025 1136 1048 esse

362 1063 486 1086 sententias
504 1061 630 1092 subiunxit.
648 1069 716 1088 narn,
734 1061 750 1084 si
764 1069 813 1084 non
828 1059 974 1090 rogabantur,
997 1066 1046 1090 quo
1060 1057 1136 1081 modo

362 1095 483 1118 dicebant?
500 1095 523 1117 &
532 1110 538 1120 ‚
556 1093 571 1117 fi
585 1092 692 1117 dicebant
704 1109 711 1120 ,
728 1099 768 1116 cut
781 1100 830 1116 non
844 1099 895 1115 ante
908 1097 1002 1122 rogatos
1014 1091 1134 1121 putemus?

363 1134 414 1151 non
428 1127 486 1149 facio
497 1125 610 1152 libenter,
629 1132 654 1149 ut
665 1125 691 1148 ab
699 1125 802 1155 antiquis
808 1123 938 1147 dissentiam
947 1140 953 1150 ,
971 1123 1024 1153 quia
1032 1122 1077 1145 haec
1087 1124 1135 1145 Ro-

363 1166 437 1183 mana.
457 1157 525 1182 Urbis
538 1157 653 1184 instituta,
669 1164 720 1188 qua:
739 1163 782 1179 nos
800 1156 919 1179 interdum
932 1154 1089 1182 coiijesturam
1104 1152 1135 1175 se·

363 1191 411 1214 cuti
432 1189 596 1221 investigamus
610 1206 616 1216 ,
633 1189 668 1212 vel
687 1188 807 1219 prmsentes
826 1188 905 1211 videre
919 1203 925 1214 ,
942 1187 978 1209 vel
996 1193 1023 1209 cx
1037 1191 1136 1211 eorum,

363 1223 407 1254 qui
426 1222 530 1245 viderant
543 1237 549 1248 ,
567 1220 633 1244 libris
651 1220 719 1244 facile
738 1218 877 1250 cognoscere
896 1224 1030 1250 potuerunt.
1050 1225 1135 1248 quare,

364 1261 396 1277 ne
408 1254 517 1277 Gellium
530 1251 626 1276 inscitia:
637 1252 839 1278 condemnemus,
857 1258 930 1282 quem
943 1250 1050 1273 Varronis
1063 1249 1136 1272 libros

364 1285 492 1316 diligenter
503 1284 613 1307 evolvisse
626 1284 713 1307 constat
722 1300 728 1310 ,
742 1284 898 1306 concedamus
907 1299 912 1308 ,
929 1289 978 1305 non
992 1280 1075 1304 dixisse
1088 1280 1135 1304 sen-

364 1318 464 1340 teutiam
483 1316 558 1339 verbis
571 1323 625 1341 eos,
642 1317 683 1347 qui
697 1315 813 1338 beneficio
827 1313 970 1346 magistratus
986 1312 1138 1336 administrati

362 1349 389 1372 in
404 1348 507 1372 senatum
520 1349 640 1373 venirent,
658 1346 773 1374 sed,cum
786 1347 884 1369 alienam
898 1345 1076 1368 seiiientiamvel
1086 1351 1136 1375 pro*

363 1380 416 1404 bare
425 1398 431 1407 ,
440 1381 475 1404 vel
488 1379 622 1411 improbate
628 1378 718 1409 possent
726 1395 732 1405 ,
745 1378 810 1410 quod
818 1376 953 1401 discessione
961 1376 1061 1399 facienda
1069 1376 1137 1407 signi-

364 1412 476 1438 ficabant,
495 1419 536 1443 pro
554 1418 583 1434 eo
602 1418 722 1441 acceptum
741 1417 863 1441 putemus,
881 1416 906 1432 ac
918 1409 933 1432 si
947 1407 1085 1432 sententiam
1102 1408 1137 1431 di-

365 1451 455 1467 cerent:
465 1445 518 1474 quia
526 1444 550 1466 in
560 1443 619 1465 hanc
626 1443 662 1465 vel
670 1443 694 1465 in
702 1442 766 1465 illam
775 1449 861 1473 partem
868 1441 1023 1466 discedentes,
1032 1439 1135 1472 quodam

364 1476 442 1501 modo
460 1475 524 1499 suam
542 1474 681 1498 sententiam
698 1474 774 1497 dicere
792 1473 934 1496 viderentur.
973 1473 1049 1495 Licuit
1067 1472 1138 1502 igitur

364 1508 410 1534 iis,
429 1507 472 1538 qui
489 1506 594 1529 curulem
613 1505 732 1528 honorem
750 1504 873 1536 cepissent,
891 1506 916 1527 in
929 1502 1031 1527 senatum
1043 1504 1135 1526 venire:

365 1541 409 1565 iis,
427 1539 468 1569 qui
484 1545 532 1561 non
544 1537 648 1560 curulem
657 1553 663 1563 ‚
680 1544 729 1560 non
743 1537 822 1563 licuit,
840 1542 909 1566 atque
921 1535 967 1559 hoc
980 1542 1030 1558 tum
1039 1542 1076 1560 ea,
1086 1542 1136 1565 qua:

363 1570 481 1594 diximus,
499 1575 551 1592 tum
565 1568 659 1591 historia
671 1567 700 1590 de
715 1567 822 1598 Ql-'abio
831 1566 1023 1590 Maxinmtradita
1030 1567 1136 1590 declarat.

364 1609 435 1628 nam,
454 1609 508 1624 cum
530 1598 608 1623 senatu
625 1598 723 1630 egressus
743 1599 767 1622 in
781 1602 803 1622 P.
818 1597 922 1622 Crassum
936 1598 1060 1621 hominem
1075 1605 1134 1628 qua·-

364 1633 464 1657 stonum
481 1631 531 1655 casu
543 1631 673 1658 incidisset,
691 1630 753 1662 quasi
766 1638 820 1653 cum
837 1638 866 1653 eo
879 1647 885 1657 ,
903 1631 944 1661 qui
959 1631 981 1652 in
994 1629 1069 1652 senatu
1083 1628 1136 1652 suis-

366 1664 400 1688 set
410 1682 415 1691 ,
431 1665 581 1695 loqueretur,
600 1663 631 1686 ita
647 1662 675 1685 de
685 1662 752 1685 rebus
765 1664 789 1685 r'n
803 1661 880 1685 senatu
893 1661 990 1684 decretis
1002 1660 1136 1684 sermonem

365 1696 460 1723 habuit,
478 1695 599 1719 memoria:
617 1694 676 1717 vitio
695 1693 811 1724 deceptus.
830 1694 918 1724 putavit
933 1693 1000 1716 enim
1019 1691 1138 1718 Crassum,

366 1728 441 1784 zuein
461 1727 566 1751 triennio
585 1732 637 1749 ante
655 1725 793 1756 quoestoiem
809 1723 874 1748 fuisse
888 1724 967 1751 sciret,
985 1732 1009 1747 in
1023 1723 1100 1747 senatu
1109 1723 1137 1746 af-

395 1759 445 1783 isse:
464 1766 518 1782 cum
533 1759 575 1785 iis,
593 1757 635 1789 qui
648 1757 784 1788 quxssuram
797 1756 909 1786 gessissent
918 1774 923 1783 ,
942 1764 991 1787 qux
998 1756 1083 1778 curulis
1092 1763 1139 1778 rna-

366 1791 473 1823 gistratus
482 1798 530 1814 non
544 1796 590 1813 erat
601 1806 607 1816 ‚
621 1789 712 1812 aditum
725 1789 750 1812 in
761 1790 850 1811 curiam
863 1796 911 1812 non
925 1787 986 1814 dari,
1005 1788 1046 1810 nili
1059 1785 1071 1809 {a
1084 1794 1137 1810 cen-

366 1824 418 1847 sore
436 1824 582 1854 legerentur,
599 1821 688 1844 oblitus
706 1819 769 1844 esset.
792 1827 841 1850 quo
860 1827 938 1843 errore
949 1820 1026 1842 virum
1040 1817 1134 1849 gravini-

367 1862 435 1878 mum
449 1871 455 1881 ,
472 1852 617 1883 summisque
638 1851 768 1875 honoribus
787 1853 810 1875 &
825 1852 849 1874 in
868 1849 1036 1881 rempublicam
1049 1850 1139 1872 meritis

366 1886 482 1917 infignem
491 1903 497 1912 ,
511 1885 658 1915 objurgatum
672 1883 821 1906 vehementer
833 1882 876 1906 esse
886 1882 897 1905 {i
907 1881 1061 1908 Consulibus,
1075 1882 1137 1904 Vale-

365 1920 413 1942 rius
432 1920 459 1942 11.
469 1926 489 1940 2.
501 1926 521 1941 i.
540 1916 653 1948 prodidit.
689 1916 760 1945 Qud
779 1922 855 1938 aurem
869 1915 894 1937 in
906 1921 935 1936 eo
948 1914 1003 1936 loco
1017 1913 1082 1936 idem
1096 1916 1138 1936 Va-

366 1951 436 1974 lerius
456 1950 500 1976 ait,
517 1950 587 1972 etiam
607 1949 649 1973 iix,
666 1954 704 1977 qut
723 1949 808 1969 honores
821 1946 936 1977 gijffissent,
954 1954 998 1967 urm
1007 1946 1088 1967 ratione
1101 1953 1136 1966 tu-

367 1990 426 2003 rriam
444 1980 551 2012 paruffi,
565 1981 587 2012 fi
602 1978 615 2002 ἱι
627 1977 743 2008 censortbu:
756 1979 777 1999 in
789 1980 882 2000 ordinem
896 1978 1030 2006 frunimium
1043 1977 1137 2006 [rget-en-

366 2018 418 2035 tm:
436 2013 460 2036 id
477 2012 568 2035 videtur
587 2018 635 2034 non
657 2009 708 2033 satis
722 2016 773 2033 vere
786 2009 886 2032 dictum.
904 2008 1020 2040 siquidem
1035 2008 1078 2034 iis,
1095 2008 1137 2037 qui

365 2044 455 2067 curules
469 2043 610 2075 magistratus
622 2038 743 2073 ceperant,
760 2042 831 2064 etiam
843 2040 858 2063 si
871 2040 884 2063 ‘a
896 2039 989 2063 censore
1003 2039 1057 2062 lefti
1071 2038 1135 2062 inse-

365 2081 446 2098 natum
460 2083 508 2098 nou
524 2074 593 2098 essent
606 2092 612 2101 ,
631 2073 722 2105 ingredi
734 2073 822 2096 curiam
835 2071 920 2095 licuisse
931 2072 975 2101 jam
983 2070 1138 2094 ostendimus.

364 2113 436 2138 quare
454 2122 460 2131 ‚
476 2106 492 2130 si
509 2106 537 2130 de
554 2105 666 2129 omnibns
685 2103 853 2135 magistratibus
870 2104 971 2127 Valerius
987 2102 1122 2133 significavit
1133 2118 1139 2129 ,

367 2145 418 2161 non
441 2136 485 2164 cst,
504 2145 528 2160 ut
547 2146 599 2161 vere
614 2137 704 2160 dissum
718 2136 864 2160 existimem:
882 2135 915 2159 sin
929 2136 957 2158 de
971 2133 1025 2158 solis
1039 2142 1087 2157 non
1102 2141 1138 2156 cu-

366 2168 471 2194 rulibus,
488 2168 602 2192 assentior.
636 2171 686 2191 Huc
706 2168 811 2191 addatur:
828 2174 877 2191 non
897 2167 942 2190 hoc
955 2167 1030 2190 modo
1046 2166 1140 2197 privile·

367 2201 435 2232 gium
449 2198 514 2223 fuiss:
528 2201 570 2226 iis,
588 2201 629 2230 qui
641 2200 745 2223 curulem
759 2200 876 2223 honorent
889 2205 1009 2230 ceperant,
1026 2204 1050 2220 ut
1069 2199 1093 2220 in
1106 2198 1128 2220 se

366 2239 448 2256 natum
464 2233 629 2255 convenirent:
648 2231 686 2253 sed
699 2231 758 2254 illud
769 2232 854 2258 etiam,
871 2238 896 2254 ut
909 2238 963 2254 cum
976 2229 988 2252 a
1004 2227 1136 2253 censorese·

366 2270 433 2288 natus
452 2264 574 2294 legeretur.
597 2263 705 2293 prsrexiri
723 2270 772 2286 non
786 2261 884 2294 possent.
903 2261 1002 2285 idmihi
1016 2261 1096 2284 videor
1110 2268 1138 2283 ex

363 2303 395 2328 ,CO
404 2313 410 2323 2
428 2295 493 2327 quod
501 2295 559 2327 apud
568 2295 663 2328 Livium
675 2293 736 2316 libro
743 2297 838 2319 XX11.c.
847 2302 887 2321 49.
905 2293 1015 2324 scriptum
1023 2292 1053 2316 est
1062 2311 1067 2319 ,
1076 2291 1139 2323 posse

367 2327 489 2356 conjicere.
513 2327 543 2351 air
562 2327 628 2350 enim
648 2327 689 2347 lic:
708 2328 775 2348 XXC.
790 2332 892 2357 praterea
907 2327 1015 2354 senatores
1026 2326 1080 2353 cast,
1096 2332 1137 2347 aut

363 2360 404 2387 qiai
426 2367 458 2380 eos
477 2359 612 2389 magistratus
626 2356 742 2387 geffissent‚
759 2358 814 2379 unde
832 2359 854 2379 in
868 2358 968 2386 senatum
979 2356 1134 2387 legidebcrem.

365 2390 483 2422 Loquitur
501 2392 530 2416 de
549 2396 612 2423 parte
629 2388 769 2412 tenatorum.
786 2388 852 2419 quod
870 2387 887 2412 si
898 2387 927 2412 de
939 2395 1015 2420 parte,
1032 2394 1093 2413 certe
1106 2387 1134 2412 de

1119 126 1485 153 Mauurrrt

1163 174 1294 198 curulibus:
1312 181 1372 206 quos
1389 181 1418 198 eo
1437 168 1485 205 le'gi
1502 174 1527 197 in
1539 173 1644 199 senatum
1657 182 1789 208 oporteret,
1807 178 1861 210 quia
1874 181 1941 205 veni—

1166 206 1222 229 endi
1240 207 1264 230 in
1284 205 1389 230 senatum
1404 207 1539 238 porestaiem
1556 207 1601 234 iam
1615 207 1736 236 haberent,
1755 211 1779 233 ὅτ.
1790 209 1841 234 satis
1854 212 1939 239 ordine

1166 237 1281 261 senatorio
1295 239 1363 269 digni
1379 239 1526 265 viderentur,
1543 238 1629 269 quibus
1641 242 1726 264 curulis
1736 242 1813 265 honor
1825 241 1838 266 ὲ
1847 244 1939 275 populo

1167 270 1286 305 mandatus
1305 270 1366 295 clset.
1384 270 1456 297 hinc,
1472 277 1497 293 ut
1515 272 1616 300 opinor,
1633 270 1685 295 satis
1697 279 1775 304 patent
1788 274 1827 297 illa
1841 276 1938 299 Cicero-

1167 309 1203 324 nis
1222 302 1247 326 in
1267 303 1372 325 oratione
1385 309 1427 332 pro
1441 303 1555 325 Cluentio
1567 309 1615 332 cap.
1626 311 1662 329 55·
1679 305 1738 332 ,Quia
1748 321 1754 331 ,
1772 306 1849 337 iuquit
1861 308 1938 336 hocse—

1167 340 1228 354 nator
1246 335 1369 361 accusant,
1388 340 1414 356 ut
1431 342 1481 356 cum
1497 335 1595 356 altiorem
1605 336 1701 364 gJadum
1716 339 1830 367 dignitatis
1842 337 1937 368 beneficia

1164 366 1238 393 populi·
1257 367 1318 387 Rom.
1338 366 1385 393 effi!
1403 366 1536 393 consecutur,
1554 374 1575 387 eo
1590 367 1613 395 se
1629 373 1718 395 putaret
1729 368 1850 391 durioribus
1863 371 1936 399 legum

1166 395 1316 430 conditionibus
1324 404 1358 418 uti
1365 405 1402 418 non
1410 400 1518 428 oportere?
1527 399 1738 428 „Altioremgrudum
1745 402 1856 430 dignitatis
1869 407 1938 425 vocat

1165 428 1276 450 ordinem
1295 427 1450 462 senatorium:
1467 434 1509 450 nec
1522 434 1598 451 tamen
1612 429 1739 461 intelligit,
1757 432 1892 463 quicunque
1904 432 1938 456 se-

1167 465 1258 481 natores
1276 459 1358 485 eslent,
1377 466 1418 481 eos
1437 466 1449 481 a
1462 461 1550 490 poiulo
1563 468 1662 484 creatos:
1681 462 1757 492 (quod
1770 464 1835 487 enirn
1847 464 1882 491 jus
1893 472 1938 495 po-

1168 491 1216 520 puli
1229 490 1274 513 suit
1286 491 1311 525 in
1323 491 1366 517 iis,
1384 491 1424 522 qui
1437 490 1538 513 censoris
1551 491 1657 515 arbitratu
1674 494 1698 516 in
1712 493 1815 518 senatum
1828 495 1938 527 legeban-

1166 524 1226 556 iurg)
1244 522 1282 545 sed
1293 522 1416 553 significat,
1434 529 1531 548 omnes,
1549 523 1591 554 qui
1603 524 1707 548 curulem
1721 525 1838 550 honorem
1850 528 1935 559 populi

1166 553 1285 588 suflragiis⁴
1292 554 1440 585 accepissent,
1457 554 1570 577 beneficio
1577 556 1659 586 populi
1672 559 1786 581 senatores
1798 558 1842 582 esse
1853 560 1937 588 saeros,

1166 587 1220 615 quia
1234 587 1258 609 in
1271 587 1374 609 leuatam
1387 585 1400 608 ὲ
1413 586 1495 616 primis
1507 585 1791 618 censoribuslegerentur,
1804 593 1935 619 nonenim,

1166 619 1303 648 quicunque
1321 617 1333 641 a
1352 617 1446 641 censore
1459 617 1606 649 legebantur,
1624 620 1706 650 populi
1719 620 1833 645 beneficio
1846 621 1937 647 senato-

1165 656 1199 672 res
1216 656 1292 672 erant:
1313 657 1366 673 cum
1384 650 1515 681 legerentur
1534 651 1618 677 multi,
1636 651 1743 675 nondum
1756 654 1832 677 curuli
1843 654 1935 679 honore

1164 679 1251 714 funffi:
1269 681 1308 704 sed
1327 682 1463 715 quicunque
1474 681 1580 704 curulem
1591 682 1709 706 honorem
1721 690 1827 714 ceperant
1838 702 1845 712 ‚
1863 687 1881 710 ii
1893 694 1937 718 po-

1164 713 1213 742 puli
1228 712 1342 736 beneficio
1356 714 1493 736 senatoriam
1506 713 1645 744 dignitatem
1657 714 1864 746 consequebantur.
1899 719 1936 743 Ad

1164 744 1262 768 eandem
1282 744 1420 768 sententiam
1440 745 1498 768 illud
1511 745 1600 773 refero,
1618 746 1684 777 quod
1698 747 1722 770 in
1735 748 1815 771 eadem
1829 749 1936 774 oratione

1165 783 1206 811 cap
1223 781 1260 803 56.
1280 777 1309 799 ita
1325 776 1435 808 scripturn
1449 775 1492 799 est:
1513 774 1567 800 Cum
1579 779 1620 799 hac
1633 779 1763 806 recrafiirem,
1782 778 1936 810 &palamf0r.

1165 808 1239 836 ttffi‘me
1256 814 1321 838 atym
1339 809 1471 838 lioiiestfissii‘mc
1488 810 1580 831 dit—erem
1593 825 1599 835 ,
1618 810 1642 838 se
1660 810 1845 841 patuiffijudrciv
1858 814 1938 844 populi

1166 841 1228 862 Rom.
1247 842 1268 861 in
1287 840 1439 869 amplilfimiim
1453 843 1522 863 locum
1533 848 1646 870 pervenire
1660 857 1666 867 ‚
1685 843 1706 870 fi
1716 843 1759 870 sua
1766 843 1841 871 studia
1858 845 1887 866 ad
1900 845 1938 866 lia-

1166 878 1224 892 norcs
1244 873 1342 902 petendos
1360 872 1450 901 (onst-rn-
1466 872 1588 900 wlmffim.
1622 872 1679 896 Non
1697 873 1793 897 obscure
1812 874 1924 906 significat

1165 909 1206 925 eos
1218 902 1243 925 iii
1257 901 1360 925 senatum
1375 903 1557 934 pervenire,qui
1573 903 1714 933 magistratus
1726 893 1939 935 adipiscanturstd:

1166 940 1211 968 quc¹
1225 934 1306 965 populi
1319 933 1442 958 beneficio.
1457 935 1510 966 quia
1519 951 1525 961 ,
1541 933 1557 957 si
1570 935 1729 965 magistratum
1742 937 1830 968 adeptis
1843 938 1883 967 (de
1896 945 1937 962 cu—

1164 965 1210 987 ruli
1223 966 1320 996 loquor)
1338 966 1411 990 aditus
1425 967 1448 989 in
1461 967 1549 989 curiam
1561 968 1719 996 permittitur,
1736 968 1760 991 δι
1774 969 1938 1000 magistratus}

1166 997 1347 1031 populoditur:
1366 1004 1439 1024 cette,
1458 998 1555 1028 quijure
1568 998 1709 1028 magistratus
1722 999 1746 1022 in
1759 999 1936 1030 senatumeunt,

1166 1027 1223 1050 lianc
1244 1028 1383 1058 dignitatem
1403 1030 1493 1059 populo
1511 1035 1626 1059 acceptam
1639 1030 1723 1054 referre
1736 1031 1830 1057 debent.
1865 1034 1938 1064 Quod

1167 1066 1244 1082 aurem
1265 1060 1333 1082 inulti
1343 1076 1349 1086 ,
1365 1060 1471 1082 curulem
1485 1059 1642 1090 magistratum
1656 1069 1705 1084 non
1718 1061 1820 1091 assecuti,
1838 1064 1864 1088 in
1873 1065 1937 1089 seua-

1165 1097 1215 1113 tum
1228 1092 1372 1121 legerentur,
1389 1091 1477 1114 fastum
1491 1090 1514 1114 id
1526 1098 1576 1114 non
1588 1093 1672 1122 populi
1684 1092 1812 1122 beneficio,
1821 1094 1858 1119 sed
1871 1104 1936 1121 exeo

1164 1123 1256 1152 potius,
1275 1123 1341 1154 quod
1361 1130 1385 1146 ea
1404 1122 1479 1147 fuisset
1498 1130 1581 1146 eorum
1600 1123 1658 1150 vita,
1677 1131 1701 1147 ea
1719 1124 1788 1149 domi
1805 1126 1891 1152 forisve
1909 1130 1936 1153 in

1164 1161 1241 1185 remp.
1259 1156 1342 1178 merita
1355 1171 1361 1181 ,
1377 1162 1402 1178 ut
1421 1161 1450 1178 eo
1470 1156 1539 1182 loco,
1562 1155 1603 1186 qui
1616 1153 1671 1179 esset
1684 1157 1708 1179 in
1721 1157 1814 1181 civitate
1827 1159 1938 1190 amplissi-

1166 1193 1232 1213 mus,
1248 1186 1379 1217 dignissimi
1396 1187 1557 1215 judicarentur.
1581 1194 1649 1213 nam,
1665 1195 1719 1211 cum
1733 1195 1774 1218 per
1790 1197 1863 1213 annos
1875 1192 1938 1215 mul-

1166 1225 1202 1241 tos
1210 1218 1323 1242 Consules
1332 1235 1338 1245 ,
1353 1218 1564 1250 quiqueconsulari
1574 1218 1684 1250 potestate
1697 1219 1784 1244 tribuni
1799 1223 1850 1245 mil.
1864 1221 1937 1251 fuere,

1167 1250 1315 1281 propinquos
1333 1249 1433 1282 quisque
1446 1252 1498 1273 suos
1511 1251 1587 1282 legere
1599 1251 1624 1273 in
1637 1249 1740 1275 senatum
1753 1252 1938 1282 consuevissent,

1167 1281 1254 1313 eosque
1272 1282 1352 1313 primo
1372 1290 1400 1304 ex
1420 1283 1535 1314 panicus,
1552 1282 1638 1305 deinde
1650 1290 1677 1306 cx
1690 1284 1799 1314 plebeiis,
1817 1285 1938 1310 tribunitia

1168 1314 1264 1344 potestas
1282 1314 1424 1340 intervenit,
1443 1322 1486 1346 qua
1506 1313 1617 1337 ilrircitum
1637 1314 1681 1342 cst,
1700 1322 1724 1337 ut
1742 1316 1847 1340 censores
1864 1319 1939 1342 curia-

1167 1345 1225 1381 tim,
1244 1345 1289 1381 hoc
1300 1345 1346 1372 est,
1363 1353 1391 1368 ex
1405 1346 1473 1369 omni
1486 1346 1582 1372 ordine,
1601 1346 1706 1376 plebeio,
1723 1347 1837 1378 equestri,
1849 1347 1939 1373 senato-

1168 1384 1215 1403 r10,
1235 1383 1356 1407 optimum
1369 1384 1491 1408 quemque
1502 1378 1526 1400 in
1540 1377 1643 1400 senatum
1656 1378 1767 1409 legerent.
1795 1379 1871 1404 Licuit
1884 1389 1939 1412 prat-

1165 1415 1224 1432 terea
1245 1409 1336 1432 flamini
1355 1410 1417 1432 Diali
1436 1410 1459 1432 in
1474 1409 1577 1433 senatum
1594 1410 1679 1432 venire.
1703 1410 1775 1441 idque
1789 1412 1894 1441 primum
1907 1415 1938 1437 C.

1165 1441 1281 1464 Flaminio
1294 1449 1349 1464 cum
1362 1448 1415 1473 toga
1429 1447 1533 1472 proetexta
1546 1442 1568 1464 ὅ(
1583 1440 1635 1464 sella
1647 1442 1721 1465 curuli
1734 1442 1812 1466 datum
1820 1443 1938 1474 essm-tam

1166 1471 1375 1497 consuetudinem,
1394 1473 1475 1495 inertia
1493 1471 1641 1503 superiorum
1659 1473 1783 1498 flaminum
1797 1482 1837 1505 per
1848 1476 1938 1498 multos

1166 1511 1239 1527 annos
1258 1503 1411 1528 intermiffim
1429 1505 1535 1534 repetiit,
1552 1506 1576 1527 δε
1589 1505 1709 1527 renovavit
1720 1507 1749 1528 C.
1764 1506 1864 1529 Valerius
1876 1507 1938 1530 Flac-

1166 1542 1212 1558 cuS.
1228 1536 1325 1566 reliquis
1339 1535 1493 1558 sacerdoribus
1505 1535 1539 1563 jus
1551 1536 1574 1557 in
1589 1533 1690 1558 senatum
1704 1537 1813 1560 veniendi
1861 1537 1936 1565 nfuit,

1166 1566 1208 1589 nisi
1228 1566 1243 1590 fi
1263 1574 1299 1589 aut
1319 1569 1343 1590 in
1357 1566 1459 1590 senatum
1472 1566 1526 1590 leeti
1545 1566 1558 1589 a
1573 1565 1667 1590 censore
1680 1566 1764 1595 essent,
1783 1544 1937 1593 aurfflrulem

1168 1598 1325 1629 magistratum
1345 1598 1488 1628 accepissent.
1511 1598 1536 1621 id
1555 1598 1645 1620 videtur
1664 1601 1751 1621 Cicero
1773 1599 1898 1629 significare
1910 1602 1935 1625 in

1164 1632 1261 1662 epistola
1283 1639 1303 1653 2.
1323 1629 1364 1653 lib.
1378 1633 1418 1653 IV.
1435 1631 1462 1653 ad
1475 1630 1590 1652 Atticum.
1623 1629 1721 1652 Habeim
1733 1631 1812 1662 inquit
1824 1648 1830 1659 ,
1850 1633 1940 1661 senatus

1160 1666 1273 1694 frequens.
1297 1661 1425 1684 adhibemur
1449 1670 1519 1683 omnes
1540 1660 1648 1691 pontifices
1662 1677 1668 1687 ‚
1700 1664 1740 1692 qui
1767 1670 1830 1685 emm
1851 1665 1939 1693 senata-

1166 1704 1206 1718 νει,
1240 1697 1267 1717 Et
1281 1693 1305 1716 in
1318 1693 1425 1716 oratione
1439 1693 1467 1716 de
1480 1692 1626 1723 haruspicum
1643 1691 1755 1723 responsis
1772 1702 1820 1725 cap,
1837 1703 1858 1721 7.
1882 1699 1936 1718 Cum

1170 1735 1239 1748 omnes
1257 1725 1362 1755 pontifices
1376 1741 1382 1752 ,
1408 1726 1446 1751 qui
1465 1730 1525 1746 erant
1548 1724 1616 1755 hqjus
1637 1726 1732 1752 ordinis,
1761 1726 1860 1754 adeff‘ent.
1895 1730 1937 1750 Ve-

1170 1759 1205 1781 nit
1223 1757 1294 1780 etiam
1314 1756 1433 1780 interdum
1452 1756 1476 1779 in
1490 1761 1596 1779 mentem
1614 1754 1717 1787 suspicari
1732 1773 1738 1783 ,
1765 1765 1795 1780 ne
1809 1765 1837 1780 ex
1850 1759 1938 1782 conde-

1170 1790 1292 1812 nmatione
1299 1787 1410 1811 senatoris
1420 1789 1500 1810 locum
1509 1788 1534 1810 in
1543 1787 1618 1810 senatu
1625 1787 1804 1818 consequeretur
1811 1790 1831 1812 is
1839 1806 1845 1815 ‚
1853 1790 1895 1820 qui
1902 1798 1937 1814 ac-

1166 1820 1272 1846 cusasset,
1289 1827 1338 1843 non
1356 1826 1384 1842 ex
1400 1820 1469 1842 omni
1491 1825 1568 1841 tamen
1586 1819 1785 1842 condemnatione
1797 1838 1802 1843 ,
1821 1820 1860 1843 sed
1868 1828 1896 1844 ex
1909 1829 1934 1845 ea

1167 1859 1273 1877 tantum,
1290 1858 1334 1881 qua
1353 1857 1405 1872 reiis
1421 1850 1530 1872 ordinem
1551 1848 1690 1872 senatorium
1703 1851 1833 1878 amitteret,
1850 1859 1875 1875 ut
1888 1851 1936 1876 sur·

1166 1884 1183 1906 ti
1193 1900 1199 1910 ,
1217 1882 1347 1914 peculatus,
1364 1887 1479 1912 captarum
1493 1881 1642 1912 pecuniarum
1656 1882 1764 1905 crimine.
1781 1883 1936 1914 nam,siprae-

1165 1916 1249 1938 toriam
1265 1912 1403 1937 sententiam
1417 1913 1441 1936 ἃ
1455 1919 1586 1944 pertextam
1605 1919 1684 1943 togam
1697 1914 1768 1937 multi
1785 1914 1935 1943 accusatores,

1166 1954 1205 1970 reo
1227 1946 1386 1969 condemnato
1400 1961 1405 1970 ‚
1428 1945 1511 1975 legum
1527 1943 1624 1975 premio
1643 1942 1693 1967 sunt
1711 1945 1787 1975 adepti
1801 1962 1807 1972 ‚
1825 1947 1890 1976 quod
1910 1948 1937 1971 in

1166 1978 1273 2002 oratione
1292 1984 1334 2007 pro
1347 1975 1417 1999 Balbo
1430 1975 1540 2006 scripturn
1553 1976 1653 2006 legimus
1668 1983 1673 1997 :
1698 1984 1784 2007 quanto
1797 1978 1871 2008 magis
1887 1979 1938 2002 sen-

1167 2010 1259 2036 tentiae‚
1277 2010 1367 2040 privato
1385 2008 1440 2030 loco
1461 2008 1485 2030 in
1504 2006 1580 2030 senatu
1592 2006 1709 2034 dicendx,
1727 2008 1860 2038 potestatem
1874 2018 1938 2034 accu-

1169 2041 1280 2065 satoribus
1297 2039 1438 2072 propositam
1458 2038 1539 2066 fuisse,
1556 2038 1669 2061 credibile
1687 2040 1731 2063 esi?
1749 2040 1794 2063 hoc
1810 2047 1888 2064 tamen
1905 2042 1936 2066 ita

1168 2073 1283 2104 suspicor,
1301 2078 1326 2095 ut
1338 2072 1439 2095 aliorum
1453 2071 1546 2102 probata
1559 2070 1689 2102 opinione,
1707 2079 1778 2103 quam
1791 2080 1842 2096 mea
1857 2074 1938 2101 conie-

1166 2106 1226 2129 &uia
1235 2121 1241 2131 ,
1249 2104 1303 2127 state
1310 2104 1400 2126 malim.

1195 2137 1272 2159 Licuit
1283 2135 1367 2160 eriam,
1385 2140 1436 2157 ante
1448 2133 1531 2164 Papirii
1544 2133 1780 2162 Praetextatiattatem,
1797 2137 1936 2166 pretextatis

1166 2167 1297 2191 senatorum
1316 2166 1396 2189 liberis
1415 2166 1439 2188 iii
1458 2166 1545 2188 curiam
1555 2172 1610 2188 eum
1624 2166 1754 2196 parentibus
1767 2168 1870 2191 introire.
1891 2170 1934 2200 qui

1167 2206 1220 2222 mos
1237 2197 1433 2222 senatusconsulto
1455 2196 1553 2220 sublatus
1571 2197 1616 2223 est,
1632 2198 1722 2228 unique
1741 2199 1830 2228 Papirio
1846 2208 1935 2231 puero,

1167 2232 1208 2262 qui
1228 2237 1326 2253 matrem
1345 2229 1374 2252 de
1392 2236 1416 2252 re
1434 2229 1459 2252 in
1478 2227 1554 2252 striato
1568 2229 1613 2251 asta
1628 2229 1712 2259 cupide
1723 2237 1844 2260 rogantem
1854 2233 1936 2264 tepido

1168 2269 1307 2285 commento
1325 2259 1454 2286 fefellisset,
1470 2259 1602 2283 concessum
1621 2260 1667 2288 est,
1686 2268 1710 2284 ut
1722 2269 1776 2284 cum
1790 2270 1851 2292 patre
1863 2264 1888 2287 in
1903 2264 1936 2287 se-

1168 2301 1247 2317 natum
1266 2299 1409 2324 praetextatus
1427 2292 1599 2322 ingrederetur:
1617 2292 1686 2322 eique
1704 2295 1828 2317 rrasrextati
1845 2303 1936 2326 cogno·
1954 2317 1956 2320 ,

1169 2333 1222 2349 men
1236 2324 1339 2353 ejusdem
1351 2323 1439 2348 senatus
1451 2324 1544 2347 decrero
1556 2323 1588 2347 est
1601 2323 1704 2347 inditum
1713 2342 1718 2351 ,
1736 2325 1768 2348 ob
1782 2326 1884 2354 tacendi,
1897 2327 1934 2350 lo-

1168 2357 1306 2389 quendique
1325 2357 1350 2380 in
1368 2362 1497 2387 praetextata
1511 2362 1574 2378 atate
1587 2355 1741 2386 prudentiam.
1759 2357 1798 2380 sed
1809 2357 1884 2381 rursus
1896 2365 1934 2381 ve-

1166 2396 1240 2413 terem
1257 2395 1352 2413 morem
1371 2388 1453 2412 multis
1470 2386 1522 2419 post
1534 2387 1598 2411 annis
1612 2387 1728 2419 Augustus
1739 2389 1874 2416 renovavit,
1891 2389 1934 2419 qui

1874 2420 1935 2444 libe-
