2075 2734
406 112 459 141 336
867 105 1189 132 Pavnrll

403 155 649 189 temporisinrervatio
659 171 665 181 ,
674 152 759 186 quod’ir
768 152 858 180 Pisone,
867 153 890 176 ὃ(
899 152 1028 176 Glabrione
1035 151 1181 175 Consulibus

405 191 432 214 ad
444 189 606 213 Marcellinum
615 189 638 211 ὃς
649 187 786 217 Philippum
795 184 909 209 Consules
922 184 974 208 fuit.
987 192 1040 208 nain
1049 191 1099 208 ante
1107 183 1177 207 tribu-

403 229 485 247 natum
497 220 617 246 Cornelii,
638 225 710 250 quem
724 217 789 249 gessit
801 216 945 240 Consulibus
957 215 1039 240 Pisone
1048 233 1054 243 ,
1073 215 1181 239 Glabrio-

404 261 449 280 ne,
471 254 543 276 ullam
562 250 679 278 eiusmodi
699 249 765 273 surise
777 250 873 280 legem,
896 255 988 272 tantum
1001 247 1060 271 abest
1078 255 1103 271 ut
1117 249 1182 270 inve-

407 285 500 312 nerim,
518 291 542 308 ut
557 283 641 309 etiam,
659 289 698 305 cur
715 288 794 305 contra
813 279 879 304 suiss'c
895 281 983 304 nullam
1004 287 1099 311 putem,
1118 287 1182 310 argu-

408 324 492 341 mento
502 333 507 342 ,
526 314 590 347 quod
609 315 655 343 jam
669 312 750 345 posui,
767 312 833 336 facile
847 311 986 343 persuadear.
1021 315 1143 342 Pergamus
1157 311 1184 334 ad

408 350 460 372 alia.
479 347 615 371 Forestatem
635 344 860 369 senatusconsultum
874 343 940 367 dabat
952 343 1027 367 modo
1041 343 1183 370 absolutam,

408 380 484 405 modo
503 378 638 402 definitam:
656 376 800 403 absolutam,
818 383 855 400 aut
875 375 979 407 pluribus
997 374 1183 407 magistratibus,

409 418 447 435 aut
460 411 513 434 uni:
532 409 637 440 pluribus
650 409 691 432 fic:
711 410 774 431 ‘Dent
786 415 868 438 operam
884 407 996 437 Consulu,
1012 415 1126 439 pretores,
1142 407 1184 428 m*—

411 443 462 465 Imm
480 441 545 472 plebi,
565 450 589 463 ne
602 442 655 471 quid
668 441 784 472 respublica
802 441 925 462 detrimenti
937 440 1015 471 capiar,
1035 438 1121 469 quibus
1135 445 1184 461 ver-

411 475 448 497 bis
461 474 589 497 maximam
605 471 739 502 potestatem
753 471 922 501 magistratibus
935 470 982 494 sine
995 471 1083 501 populo
1097 469 1185 493 {enatus

411 505 491 528 dabat:
510 504 591 528 licebat
604 504 670 526 enim
684 504 712 526 iis
726 503 770 525 hoc
782 500 995 528 senatusconsulto,
1012 510 1134 524 exercitum
1145 508 1183 532 pa·

411 546 472 564 rare,
490 536 566 559 bellum
581 544 672 566 gerwe,
689 537 778 557 coe'tlere
798 534 895 557 ominbus
907 533 1061 562 modrsfimos,
1077 540 1143 562 nr‘jue
1156 533 1186 554 ci-

413 579 460 591 ves.
478 569 545 590 aliter
562 569 606 597 fine
622 568 696 598 pupuli
709 568 773 597 Jussn
791 574 865 588 earum
877 574 949 588 rerum
957 573 997 595 Jus
1011 564 1134 595 Consulisur
1147 571 1186 585 ηοη

405 600 485 630 fnisse.
496 599 611 623 sallustius
618 599 674 622 Bell.
684 599 798 624 Catil.29.
811 597 888 621 tradit.
907 604 955 628 quo
964 597 1017 620 loco
1032 597 1062 620 de
1075 595 1187 619 Consuli-

414 631 455 654 bus
475 638 564 654 tantum
583 630 703 660 loquitur,
721 630 763 660 qui
782 628 829 653 fere
849 630 893 653 soli
906 627 1021 652 Consules
1033 629 1056 651 in
1070 627 1188 657 ejusmodi

413 662 612 687 senatusconsulto
625 660 822 687 nominabantur,
839 668 894 684 cum
908 660 1080 684 iradecernebat
1088 659 1187 683 senatus:

415 698 473 718 Dent
488 703 569 720 ost-ram
582 695 676 724 Consules
685 710 690 720 ,
708 702 733 715 ne
744 694 798 722 qui-l
809 692 926 722 respublica
939 693 1064 714 detrimenti
1073 697 1186 721 patimur:

416 722 502 757 idque}
520 726 574 758 quia
588 725 675 748 tuenda:
688 724 820 754 reipublictc
833 731 885 747 cura
904 724 930 746 :id
944 723 1074 749 Consules,
1093 723 1135 754 qui
1148 729 1188 745 cx-

415 759 469 781 tetis
482 756 650 788 magistratibus
662 756 792 782 anteibant,
809 756 913 779 maxime
925 754 1078 786 pertinebant.
1097 754 1137 777 ubi
1151 760 1189 776 ve-

415 797 442 813 ro
463 790 535 817 majus
554 789 650 819 aliquod
672 787 752 811 instare
768 788 899 817 periculum
919 787 1049 813 videretur,
1067 793 1122 809 runc
1139 792 1189 808 non

415 821 531 844 Consules
542 820 632 847 modo,
649 819 687 842 scd
700 820 724 842 ὃ(
738 826 860 850 Ρῐεεῐοιεε,
878 819 901 840 ὃ(
915 819 1023 842 tribunes
1036 818 1110 848 plebis
1119 818 1139 839 Ξ(
1148 824 1190 839 eos

414 854 498 879 etiam,
519 853 561 883 qui
581 850 731 882 proconsules
750 850 777 872 ad
798 851 886 873 Urbem
899 850 984 877 essent,
1002 850 1140 873 nominatos
1152 849 1189 870 in-

414 885 498 908 venio:
519 890 543 907 ut
562 884 587 906 in
607 890 636 906 co
650 881 861 908 senatusconsulto,
879 881 945 911 quod
957 882 1028 905 initio
1042 881 1118 904 civilis
1131 879 1188 902 belli

415 914 427 938 Ξι
447 915 553 946 Pompeii
573 913 679 938 studiosis
698 920 777 937 contra
795 912 908 936 Caesarem
926 913 1015 936 fastum
1029 912 1080 936 est:
1097 912 1125 934 de
1139 918 1188 942 quo

417 955 472 970 cum
485 948 508 970 in
523 945 619 978 epistola
630 946 657 969 ad
670 946 801 971 Tironem,
820 945 844 967 δι
858 946 881 967 in
895 946 1002 968 oratione
1016 952 1057 974 pro
1072 944 1191 969 Deion-tro,

416 980 441 1001 δε
460 979 485 1001 in
504 981 531 1001 ll.
556 978 683 1008 Philippica
701 976 814 999 meminit
826 976 862 998 hic
875 976 952 999 noster
968 993 974 1002 ,
994 983 1045 998 tum
1058 977 1130 997 Czrlar
1144 973 1191 1004 ipse

415 1010 478 1033 libro
493 1009 521 1032 de
539 1009 604 1031 bello
622 1008 689 1032 civili
710 1016 730 1031 r.
745 1015 766 1034 5.
784 1008 889 1037 queritur
902 1006 938 1030 his
953 1007 1040 1029 verbis:
1062 1013 1126 1037 qux,
1143 1013 1192 1028 non

417 1049 443 1065 ut
457 1040 562 1071 impreffa
577 1043 642 1066 lunt,
661 1039 713 1065 sed,
732 1045 756 1061 ut
767 1038 851 1061 censeo
862 1037 1064 1069 essecorrigenda‚
1082 1036 1192 1060 recitabo.

418 1076 562 1099 Decimum,
581 1071 675 1102 inquit,
693 1071 722 1092 nd
739 1071 792 1092 iuud
809 1077 946 1096 extremum,
964 1078 1030 1101 arque
1042 1070 1149 1091 ultimum
1158 1069 1192 1098 se-

417 1104 601 1133 narizfi-cnsultum
616 1120 621 1129 ,
640 1111 697 1133 quo,
714 1103 754 1130 mſs
763 1108 816 1133 pene
830 1103 851 1123 i'n
865 1102 907 1133 {pr
922 1101 989 1124 Urbis
1002 1101 1095 1124 incendio
1105 1117 1111 1127 ‚
1127 1107 1193 1131 arque

417 1136 559 1165 desperatione
581 1136 678 1156 omnium
693 1135 788 1163 firlmu,
805 1135 898 1155 lazorum
917 1134 1009 1155 audacia
1020 1140 1132 1163 nunquam
1143 1139 1193 1154 ante

417 1169 536 1196 descensum
557 1166 597 1192 est:
617 1168 677 1188 Dent
695 1171 778 1194 operam
798 1166 908 1194 Consules,
924 1170 1037 1196 pretores,
1055 1163 1137 1186 mbum'
1146 1164 1194 1194 plt-

418 1198 449 1221 bis
458 1215 464 1223 ,
482 1206 564 1229 quique
573 1198 705 1228 proconsules
719 1198 747 1219 ad
759 1195 841 1218 ‘Urbem
851 1196 916 1224 sunt,
934 1205 958 1218 ne
971 1196 1025 1227 quid
1036 1194 1195 1228 respublicade-

416 1235 514 1253 rumenti
534 1236 613 1259 capiat.
644 1228 737 1252 Curavit
754 1228 820 1250 enim
838 1227 962 1258 Pompeius
975 1229 1005 1250 ita
1018 1227 1125 1254 decerni,
1144 1233 1193 1257 quo

418 1262 511 1292 gravior
528 1259 622 1287 exsui,
640 1259 703 1291 quali
721 1258 854 1282 domesticae
872 1257 996 1283 seditionis
1009 1258 1113 1285 authori,
1132 1265 1194 1289 φικ-

419 1299 507 1316 reretur
525 1291 621 1315 invidia.
636 1292 738 1323 legimus
750 1291 833 1316 etiam,
853 1298 902 1313 non
915 1291 1008 1322 utrique
1023 1289 1138 1317 consuli,
1155 1289 1194 1313 sed

418 1325 485 1348 alteri
501 1331 592 1347 tantum
612 1323 669 1346 hanc
690 1322 826 1354 potestatem
845 1320 912 1346 fuiffe
923 1323 1038 1347 delatam,
1057 1323 1113 1345 utin
1127 1323 1195 1344 Grac-

419 1356 495 1379 chano
510 1356 627 1381 tumultu,
645 1362 699 1378 cum
712 1354 816 1378 decrevit
829 1352 963 1381 senatus,ut
976 1357 1002 1378 L.
1012 1354 1196 1385 OpimiusCon-

419 1387 454 1411 sul
474 1387 576 1413 videret,
595 1394 625 1410 ne
644 1387 702 1418 quid
719 1385 847 1417 respublica
864 1385 1002 1410 detrimenti
1019 1392 1118 1417 caperet.
1129 1384 1195 1415 quod

419 1426 472 1444 non
489 1419 679 1445 consuetudinis,
698 1418 736 1442 sed
756 1418 870 1449 temporis
885 1418 948 1441 causa
960 1417 1047 1440 fastum
1060 1417 1103 1440 es't:
1122 1416 1196 1440 aberat

420 1452 488 1474 enim
501 1451 558 1474 alter
571 1449 662 1473 Consul
676 1452 708 1480 Q
718 1448 801 1473 Fabius
808 1450 939 1476 Maximus,
957 1450 1088 1480 utquidem
1096 1456 1142 1479 ego
1149 1450 1198 1472 exi-

419 1483 507 1506 ssimo:
525 1481 637 1505 existimo
656 1488 733 1504 autem
752 1487 850 1512 propter
868 1488 919 1504 eam
938 1479 1041 1503 causam:
1059 1481 1128 1512 quia,
1146 1487 1196 1510 quo

420 1521 484 1537 anno
502 1515 532 1536 C.
551 1513 667 1536 Gracchus
684 1512 715 1535 est
736 1512 870 1535 interfectus
884 1528 891 1538 ,
909 1512 997 1535 nullam
1008 1511 1072 1534 Fabii
1086 1512 1198 1534 Consulis

421 1545 541 1569 actionem
554 1543 665 1567 urbanam
680 1551 757 1574 neque
772 1543 904 1566 Plutarchus
917 1550 1001 1569 narrar,
1021 1550 1098 1574 neque
1112 1543 1197 1573 Appia-

422 1584 479 1603 nus,
496 1582 572 1606 neque
592 1574 719 1602 Asconius,
739 1582 818 1606 neque
835 1575 938 1598 omnino
955 1573 1087 1605 quisquam.
1105 1580 1196 1598 tantum

423 1609 452 1631 de
472 1608 573 1638 Opimio
587 1608 755 1630 meminerunt.
774 1613 801 1629 ut
812 1606 906 1629 abfuisse
919 1613 1028 1635 magnam
1042 1606 1095 1629 anni
1109 1612 1199 1636 partem

423 1639 549 1663 verisimile
567 1638 608 1664 sit,
625 1645 702 1670 eoque
722 1639 810 1668 magis,
827 1636 895 1668 quod
914 1638 1071 1667 Allobroges,
1090 1638 1113 1660 &
1127 1638 1199 1660 Bitui-

424 1679 475 1695 tum
489 1671 511 1694 δε
523 1674 671 1693 Avernorum
684 1672 776 1700 Regem
790 1668 816 1692 ab
826 1676 855 1692 eo
869 1667 972 1692 Consule
984 1669 1103 1692 devicitum
1117 1668 1161 1692 effe
1175 1671 1202 1692 L.

423 1705 506 1727 Florus
518 1709 546 1725 ex
561 1702 631 1725 Livio
643 1701 744 1731 colligit.
763 1702 809 1724 Uni
823 1701 893 1724 etiam
908 1701 1020 1730 Pompeio
1033 1699 1149 1723 summam
1159 1707 1200 1731 po-

423 1734 527 1759 testatem
541 1732 739 1757 senatusconsulto
746 1732 867 1759 traditam,
885 1739 934 1763 quo
942 1740 1003 1755 anno
1010 1731 1199 1763 solusipseCon-

424 1767 458 1790 sul
480 1766 576 1789 tertium
597 1765 744 1788 consulatum
757 1764 835 1794 gesfit,
853 1771 882 1786 ex
896 1765 1002 1787 oratione
1016 1764 1147 1787 Miloniana
1160 1771 1201 1786 co-

425 1799 563 1830 gnovimus.
579 1803 727 1828 quanquam,
745 1801 799 1819 mm
817 1795 1042 1819 senatusconsultum
1055 1795 1113 1819 illud
1125 1794 1156 1818 est
1169 1794 1200 1818 fa-

425 1833 506 1856 ctum,
524 1828 654 1852 Consulem
673 1827 782 1851 nondum
800 1826 866 1850 fuisse
878 1827 1031 1858 Pompeium,
1049 1826 1088 1850 sed
1100 1833 1201 1857 procon-

427 1861 500 1885 sulem
514 1860 541 1884 ad
556 1859 656 1886 Urbem,
677 1859 790 1883 Pedianus
801 1858 882 1885 tradit,
899 1866 976 1889 neque
988 1857 1157 1882 unisummum
1167 1859 1200 1884 ius

425 1893 470 1916 esse
482 1891 618 1923 permissum
627 1909 633 1919 ‚
651 1891 688 1914 sed
701 1891 814 1922 interregi
829 1891 915 1917 etiam,
933 1891 956 1913 ὅ(
970 1890 1070 1914 tribunis
1082 1888 1164 1921 plebis.
1176 1890 1198 1912 ὃ(

423 1925 492 1951 sane,
510 1931 565 1947 cum
584 1924 652 1946 creati
666 1923 790 1949 nondum,
808 1929 885 1953 neque
896 1921 1009 1945 Consules
1022 1921 1105 1949 essent,
1123 1928 1201 1953 neque

425 1963 546 1988 proteres,
565 1957 706 1985 interregem
720 1955 745 1978 in
758 1961 788 1977 eo
800 1952 996 1977 senatusconsulto
1009 1954 1114 1985 primum
1122 1955 1202 1976 nomi-

427 1990 490 2014 nari,
509 1987 594 2011 deinde
607 1985 714 2010 tribunos
725 1986 812 2018 plebis,
830 1985 1045 2016 tertiolocoipsum
1053 1985 1200 2016 Pompeium,

427 2021 469 2051 qui
486 2018 610 2050 proconsul
630 2018 657 2041 ad
672 2017 760 2041 Urbem
774 2024 834 2043 erat,
853 2024 946 2049 acquum
960 2017 1018 2044 fuir,
1035 2017 1101 2041 ficuti
1113 2017 1200 2040 factum

426 2051 465 2074 est.
483 2059 538 2074 cnm
558 2057 615 2074 vero
629 2051 719 2073 Consul
734 2049 781 2073 (ine
795 2049 885 2080 collega
897 2056 983 2073 creatus
996 2050 1120 2080 Pompeius
1132 2048 1200 2076 effer,

427 2083 454 2105 ad
468 2089 522 2106 eum
537 2081 634 2113 potessas
647 2082 697 2108 illa,
717 2087 741 2104 ut
755 2081 782 2104 ad
794 2081 927 2104 maximum
940 2081 1114 2112 magistratum,
1130 2087 1200 2104 trans-

425 2114 481 2137 ferri
494 2121 541 2136 rora
553 2113 598 2136 visa
610 2113 654 2137 est:
672 2113 751 2144 itaque
764 2114 788 2136 ὃ(
800 2113 863 2144 leges
874 2113 941 2140 tulit,
959 2113 982 2136 ὃ(
991 2115 1026 2136 Μ.
1039 2113 1121 2136 Coelio
1129 2111 1201 2136 tribu-

426 2152 461 2169 no
481 2145 555 2175 plebis
573 2144 680 2168 obsistere
690 2145 798 2171 conanti,
817 2152 878 2167 arma
891 2146 993 2168 minatus
1007 2143 1052 2172 est,
1069 2145 1093 2167 ὅ(
1104 2151 1202 2167 armatos

429 2177 540 2200 homines
556 2176 580 2198 in
597 2177 665 2203 foro,
683 2184 752 2208 arque
772 2177 796 2200 in
816 2176 929 2200 omnibus
947 2177 1057 2208 templis,
1075 2183 1126 2207 quae
1144 2176 1202 2199 circa

430 2211 509 2232 iorum
523 2207 574 2230 sunt
583 2224 588 2233 ‚
606 2208 633 2230 ad
645 2208 792 2232 cohibendos
802 2207 921 2232 Clodiana:
935 2207 1044 2231 factionis
1056 2208 1157 2239 impetus
1166 2207 1202 2234 ,ἀ

429 2241 532 2264 omnino
546 2239 572 2262 ad
583 2246 682 2261 omnem
693 2241 741 2268 vim
753 2240 908 2271 repellendam
922 2241 1056 2263 collocavit.
1071 2238 1130 2271 ipse,
1148 2246 1203 2262 cum

431 2272 530 2296 Milonis
544 2270 657 2299 judicium
671 2277 828 2298 exerceretur,
847 2273 910 2299 cujus
922 2270 984 2295 causa
997 2271 1097 2302 Ριπίῑάἰε
1110 2272 1134 2295 in
1148 2272 1203 2295 foro

428 2306 451 2328 ὃς
467 2304 494 2327 ad
507 2309 591 2326 omnes
604 2301 648 2325 fori
663 2301 735 2325 aditus
749 2302 904 2333 disposuerat.
921 2304 1202 2335 armatiscopiiscircum-

429 2334 492 2358 susus
509 2341 552 2366 pro
570 2334 647 2356 aerario
661 2332 726 2356 sedit.
741 2341 765 2357 ut
777 2334 893 2358 summam
907 2336 1043 2365 potestatem
1058 2335 1202 2358 senatuscon-

429 2367 490 2391 sulto
504 2364 637 2398 permistam
649 2372 708 2391 unus
722 2365 880 2392 administrare
887 2366 1018 2396 videretur,
1035 2374 1085 2394 non
1094 2367 1171 2392 solum
1178 2366 1204 2391 si-
1218 2383 1221 2391 ,

1193 105 1539 132 ῙΛΝυτιι

1214 158 1243 174 ne
1261 151 1388 182 interrege,
1407 152 1450 183 qui
1462 151 1507 180 iam
1521 150 1598 175 nullus
1610 157 1669 179 erat,
1688 150 1727 176 sed
1739 153 1811 179 etiam
1824 152 1872 178 fine
1884 155 1991 182 tribunis

1213 182 1302 214 plebis,
1319 182 1407 206 tametsi
1422 185 1446 207 in
1459 183 1503 207 illo
1517 182 1712 207 senatusconsulto
1724 185 1861 210 nominatis.
1879 188 1944 218 quod
1960 190 1986 214 in

1214 222 1238 238 ea
1251 215 1358 238 oratione
1371 215 1456 239 Cicero
1469 215 1589 247 fignificat,
1606 215 1667 239 iliud
1682 216 1832 241 mihivideor
1840 219 1986 244 animadver-

1214 246 1277 273 riss‘e,
1294 245 1430 276 hujusmodi
1450 245 1643 271 senatusconsulta
1657 255 1716 278 pene
1728 246 1930 280 sempercivilium
1938 252 1985 276 dis-

1213 278 1347 302 cordiarum
1360 279 1384 302 ὅ(
1396 278 1501 302 intestini
1521 278 1608 303 diffidii
1623 276 1685 302 causa
1697 280 1740 304 ess‘e
1752 280 1821 304 facta:
1839 289 1894 306 cum
1901 283 1986 308 dome-

1215 310 1268 334 stica
1281 311 1353 337 mala,
1371 317 1422 342 quae
1432 309 1480 334 fere
1492 310 1551 334 haud
1563 311 1631 343 paulo
1660 311 1695 335 lus
1703 311 1786 336 habent
1794 313 1987 347 periculi‚quam

1216 348 1307 365 externa
1315 359 1322 369 ,
1344 341 1389 375 hoc
1401 342 1504 366 maxime
1516 343 1623 367 remedio
1637 318 1707 368 (gnari
1720 344 1783 376 poffe
1792 346 1881 369 senatus
1887 353 1988 378 putaret,

1216 373 1231 396 sr
1257 374 1328 396 unico
1347 374 1542 398 ieiiatusconsuito
1560 381 1635 399 totam
1652 376 1823 406 rempublicam
1840 377 1989 403 Consulibus

1215 405 1406 428 commendaret:
1423 414 1463 428 unu
1481 408 1538 429 enim
1557 407 1667 438 arficulo,
1689 414 1714 431 ut
1732 408 1763 432 ait
1778 409 1862 432 cicero
1874 417 1918 441 pro
1932 411 1988 435 Mil.

1215 444 1264 467 cap,
1274 441 1314 460 26.
1324 437 1379 466 satir
1391 438 1473 459 armari
1482 439 1577 467 Confides
1590 445 1664 465 erant,
1681 440 1749 462 eriam
1764 441 1827 463 imHis
1839 443 1906 464 armis
1918 443 1986 468 daris.

1217 468 1260 491 hoc
1274 468 1359 491 Cicero
1376 468 1499 492 confirmat
1510 469 1535 492 in
1548 469 1676 501 Philippica
1688 473 1716 494 11.
1731 479 1783 498 επ,
1801 479 1856 495 cum
1866 473 1910 496 ait:
1928 477 1953 496 ln
1965 480 1987 497 te

1217 502 1259 523 dri.
1280 504 1384 525 almam,
1401 501 1498 522 decrevit
1511 502 1616 530 senatus,
1632 504 1689 534 quod
1708 504 1729 525 in
1747 503 1823 531 bostem
1836 511 1936 535 rugatum
1948 506 1987 528 de-

1216 532 1272 554 cerni
1289 531 1316 559 esl
1327 532 1419 560 silitum
1440 540 1498 554 mare
1516 532 1633 562 majorum.
1666 536 1694 556 Er
1705 535 1731 558 in
1744 536 1825 558 eadem
1839 537 1908 566 paulo
1922 536 1986 567 post,

1217 570 1301 587 omnes
1310 579 1316 588 ‚
1333 569 1413 586 contra
1425 569 1485 594 quos
1498 563 1522 586 id
1535 563 1654 587 decretum
1667 564 1713 592 est,
1730 566 1865 590 interfectos
1877 567 1991 599 fignificat

1218 594 1253 618 his
1266 594 1352 618 verbis:
1371 596 1429 617 Tum
1441 595 1495 617 iuud
1506 596 1585 618 multis
1596 603 1645 618 anre
1654 598 1757 624 tentaris,
1772 599 1880 627 mceffizri'o
1887 599 1928 622 tibi
1936 602 1991 624 vul-

1217 635 1256 649 nus
1269 626 1393 656 inflrstum,
1407 628 1465 658 quod
1472 628 1550 658 paucis
1560 633 1609 649 anre
1621 634 1655 654 re,
1672 636 1766 659 quorum
1777 630 1888 652 incolumis
1895 633 1991 661 fuitne-

1217 667 1259 680 mo.
1279 661 1343 681 Hanc
1355 664 1431 681 autem
1447 657 1583 688 potestatem
1597 659 1699 689 Opimio
1711 659 1813 684 Consuli
1825 662 1930 692 primum
1943 662 1989 687 effi:

1217 688 1362 720 permissam,
1372 688 1503 713 Plutarchus
1515 691 1540 713 in
1553 691 1648 715 Gracch.
1661 698 1684 721 p.
1693 696 1720 718 84
1728 699 1747 714 r.
1757 693 1782 716 Β.
1792 692 1894 717 tradidit.
1906 694 1972 725 quod
1980 712 1988 722 ,

1220 720 1236 744 fi
1249 721 1385 752 generaliter
1397 721 1488 744 distum
1501 722 1609 754 accipias,
1625 722 1709 746 falsum
1720 722 1761 747 esi.
1774 731 1829 747 nam
1842 725 1923 749 multis
1935 733 1988 751 ante

1219 753 1298 779 annis,
1316 752 1572 784 atqueadcoatatibus‚
1589 755 1762 782 euml-lemici,
1778 757 1991 787 Sp.1=uxiumcon-

1218 784 1293 819 sulem
1305 783 1318 807 a
1330 784 1463 813 Veientibus
1475 786 1522 808 acie
1534 785 1611 809 susum
1620 802 1626 813 ‚
1641 793 1697 809 cum
1709 787 1814 811 exercitu
1823 787 1924 812 obfideri
1931 797 1993 813 nun-

1218 816 1319 842 tiassent,
1336 823 1424 839 tantum
1443 823 1543 839 tevi-orem
1561 817 1784 849 incuffivreparribur,
1801 826 1826 842 ur
1842 820 1906 851 (qua
1915 821 1992 849 forma

1214 848 1390 876 senatusc‘oaeissislti
1407 849 1488 870 ultima
1497 850 1581 880 semper
1595 849 1715 879 ›ieceffiraeu
1729 850 1805 873 habita
1816 851 1843 879 est
1850 852 1867 880 )⁴
1889 852 1991 881 Postumio

1217 880 1283 904 alreu'
1301 881 1384 909 consuli
1400 880 1509 910 negotium
1528 883 1632 907 daretur,
1649 882 1745 907 videret,
1762 890 1787 904 ne
1808 885 1865 912 quid
1874 883 1990 913 respublica

1217 911 1341 932 detrimenti
1353 917 1443 941 caperet.
1471 914 1525 934 Haet:
1536 912 1615 934 Livius
1627 913 1666 934 111.
1674 919 1696 938 4.
1710 912 1859 937 Plutarchum
1870 920 1949 937 autem
1960 914 1991 939 fic

1218 939 1230 963 a
1250 941 1373 976 mendacio
1389 941 1517 966 tuebimur.
1531 943 1637 974 primurn
1649 941 1715 966 fuisse
1728 944 1855 974 Opimium
1868 945 1991 974 dicemus,

1219 979 1257 996 cui
1277 972 1382 996 adversus
1394 974 1455 996 cives
1467 974 1564 1004 potestas
1576 974 1705 998 Dictatoxis
1726 974 1775 999 dara
1789 975 1831 1004 fit,
1849 984 1896 1008 qua
1907 978 1948 1001 ille
1961 978 1993 1002 ita

1219 1003 1251 1027 est
1270 1002 1336 1030 usus,
1354 1011 1379 1027 ut
1395 1012 1444 1027 non
1463 1005 1539 1028 modo
1552 1006 1581 1029 C.
1594 1007 1762 1036 Sempronium
1774 1008 1906 1032 Gracchum
1919 1009 1994 1033 tribu-

1221 1042 1279 1071 num
1293 1034 1367 1066 plebis
1381 1036 1404 1059 δι
1418 1038 1450 1066 Q.
1462 1036 1571 1059 Fulvium
1588 1037 1696 1060 Flaccum
1708 1037 1878 1068 Consularem,
1896 1039 1994 1064 seditio-

1222 1075 1258 1090 nis
1272 1066 1391 1093 authores,
1408 1066 1447 1091 sed
1467 1068 1570 1091 omnino
1583 1068 1610 1091 ad
1624 1069 1665 1091 tria
1678 1068 1754 1092 millia
1766 1070 1856 1095 civium
1869 1073 1992 1097 occiderit.

1223 1101 1307 1129 Neque
1317 1106 1372 1122 vero
1383 1099 1465 1122 civiles
1478 1098 1598 1123 discordia:
1606 1116 1612 1126 ,
1629 1100 1755 1130 pracsertim
1763 1109 1814 1132 quat
1820 1103 1847 1127 ad
1854 1102 1993 1134 sanguinem

1221 1130 1358 1164 caedemque
1371 1137 1525 1161 pervenerunt
1537 1147 1543 1158 ,
1560 1138 1612 1155 ante
1625 1131 1762 1156 dictaturam
1775 1133 1799 1157 in
1812 1133 1929 1166 republica
1941 1137 1996 1159 runt

1222 1169 1321 1188 exortx,
1339 1163 1377 1185 led
1393 1162 1424 1185 ita
1437 1164 1515 1186 multo
1533 1162 1599 1194 post,
1617 1169 1642 1186 ut
1658 1161 1672 1186 Ξι
1684 1163 1796 1188 distatura
1805 1169 1835 1190 T.
1844 1167 1922 1197 Largii
1934 1168 1996 1191 Flavi.

1222 1195 1253 1223 (is
1266 1195 1333 1218 enirn
1345 1194 1435 1225 primus
1449 1195 1554 1218 Dictator
1565 1194 1597 1218 est
1613 1194 1700 1224 didius)
1712 1196 1741 1219 ad
1754 1197 1922 1228 QOpimium
1929 1200 1997 1222 con-

1223 1225 1310 1253 sulem,
1329 1227 1366 1249 cui
1384 1226 1491 1257 primum
1513 1227 1537 1250 in
1555 1227 1622 1250 civili
1632 1225 1748 1251 seditIone
1760 1227 1849 1252 senatus
1860 1229 1995 1258 commitit,

1223 1264 1248 1281 ut
1259 1258 1362 1286 videret,
1379 1265 1409 1281 ne
1421 1259 1480 1289 quid
1493 1257 1620 1289 respublica
1627 1258 1874 1292 derrimenficaperer,
1891 1262 1944 1285 anni
1953 1269 1998 1286 nu-

1224 1297 1342 1313 merentur
1357 1291 1533 1314 CCCLxxvu.
1549 1298 1599 1322 quo
1607 1291 1686 1315 minus
1693 1292 1791 1323 periculi
1803 1292 1830 1316 ab
1837 1294 1940 1317 externis
1951 1293 2000 1318 ho·

1223 1321 1295 1345 stibus
1308 1321 1352 1346 effe
1364 1322 1452 1353 coepit,
1470 1329 1500 1345 eo
1513 1323 1564 1354 plus
1577 1322 1838 1348 intercivesdiscordiae.
1846 1332 1893 1356 que
1900 1325 1996 1349 ferehu-

1224 1361 1345 1377 manarum
1355 1361 1435 1377 rerum
1448 1354 1522 1382 rario,
1540 1354 1699 1381 &naturaest,
1717 1355 1868 1380 utconfistere
1875 1364 1998 1389 nunquam

1226 1386 1318 1416 poffirit.
1327 1385 1386 1409 bella
1399 1385 1458 1409 dum
1471 1393 1594 1417 geruntur,
1614 1394 1664 1410 non
1676 1386 1743 1410 facile
1756 1386 1884 1412 seditiones
1894 1390 1919 1412 in
1934 1388 1998 1412 urbi-

1225 1418 1267 1440 bus
1277 1416 1398 1441 exsistunt:
1417 1417 1457 1440 ubi
1471 1417 1554 1441 sublata
1567 1418 1632 1445 sunt,
1649 1418 1727 1442 orium
1739 1419 1764 1442 &
1776 1420 1844 1450 copia
1855 1419 1997 1444 discordiam

1225 1449 1292 1479 parit.
1309 1456 1443 1480 propterea,
1461 1450 1576 1480 quamdiu
1594 1450 1703 1480 gerendis
1717 1450 1784 1474 bellis
1797 1458 1904 1481 occupata
1917 1454 1996 1475 Roma

1223 1481 1279 1507 fuit,
1298 1489 1347 1504 non
1360 1487 1504 1511 magnopere
1516 1480 1671 1504 seditionibus
1685 1480 1804 1505 laboravit.
1815 1481 1890 1505 eversa
1904 1483 1999 1506 Cartha-

1224 1513 1293 1542 gine,
1313 1512 1337 1534 &
1350 1512 1419 1534 omni
1432 1510 1523 1542 prorsus
1538 1511 1619 1534 hostili
1634 1518 1699 1535 metu
1711 1512 1813 1540 sublato,
1829 1512 1956 1537 seditiones
1968 1514 1998 1538 il-

1224 1544 1271 1566 lico
1286 1542 1336 1566 sunt
1354 1549 1439 1565 exortae
1449 1559 1454 1569 ,
1471 1543 1495 1566 ἃ
1508 1542 1624 1571 ejusmodi
1638 1544 1750 1575 quidem,
1768 1551 1793 1567 ut
1805 1544 1832 1568 ad
1844 1545 1997 1576 sanguinem,

1226 1575 1251 1598 δι’
1276 1575 1303 1597 ad
1328 1574 1399 1597 caedes
1414 1575 1533 1605 eruperint
1546 1592 1552 1602 ,
1580 1582 1642 1598 anno
1661 1575 1760 1598 demum
1779 1575 1806 1598 ab
1824 1576 1887 1600 Urbe
1902 1577 1999 1601 condita

1211 1619 1213 1638 t
1225 1607 1423 1629 ccccccxxt.
1443 1607 1521 1636 itaque
1535 1605 1669 1634 hujusmodi
1681 1605 1882 1631 senatusconsultis
1893 1607 1944 1632 sero
1960 1609 2000 1633 ad-

1210 1640 1213 1655 ¹
1225 1636 1327 1660 modum
1337 1635 1463 1667 respublica
1478 1637 1592 1668 indiguit,
1611 1644 1661 1660 tum
1670 1639 1770 1665 scilicet,
1784 1640 1946 1664 cumcivitatis
1958 1641 1999 1665 ali-

1211 1656 1213 1690 i
1224 1676 1294 1700 quam
1309 1667 1371 1700 quasi
1383 1668 1487 1699 corrupti
1496 1670 1603 1700 corporis
1614 1675 1700 1699 partem
1714 1669 1776 1693 ferro
1789 1672 1955 1700 amputandam
1963 1673 2003 1701 ju-

1226 1701 1319 1724 dicaret.
1337 1706 1363 1723 ut
1380 1700 1406 1723 in
1425 1699 1525 1724 homine
1542 1708 1571 1724 ex
1584 1701 1675 1731 ignavia
1687 1702 1711 1725 ὃς
1724 1701 1798 1725 nimia
1809 1702 1857 1726 cibi
1870 1704 1951 1735 copia,
1968 1703 1998 1727 fic

1227 1733 1252 1756 in
1266 1730 1381 1763 republica
1394 1739 1422 1754 ex
1435 1733 1488 1755 otio
1499 1734 1524 1757 δε
1538 1733 1613 1756 nimia
1626 1740 1704 1757 rerum
1718 1733 1856 1757 abundantia
1867 1735 1998 1766 gignuntur

1227 1763 1318 1787 morbi:
1336 1763 1402 1794 quod
1414 1764 1503 1787 malum
1515 1772 1570 1787 curn
1586 1765 1664 1787 multo
1677 1771 1846 1797 antetanquam
1854 1765 1918 1797 sagax
1927 1768 1998 1798 &pe-

1227 1796 1284 1819 ritus
1298 1796 1405 1818 medicus
1421 1796 1498 1825 Scipio
1512 1795 1590 1819 Natica
1605 1794 1743 1826 prospiceret
1756 1813 1763 1823 ,
1781 1797 1861 1820 author
1874 1798 1899 1821 in
1914 1798 1998 1828 primis

1225 1826 1282 1854 fuir,
1302 1833 1331 1849 ne
1344 1825 1459 1856 Carthago
1471 1826 1603 1854 tolleretur,
1621 1825 1735 1851 affirmans
1748 1835 1786 1854 ea,
1804 1836 1854 1859 qua:
1862 1836 1920 1853 mox
1928 1837 1999 1853 even-

1228 1865 1263 1881 tus
1280 1857 1462 1888 comprobavit:
1480 1859 1595 1882 Romanis
1613 1857 1673 1882 nihil
1692 1858 1736 1883 ess'e
1752 1859 1888 1884 timendum
1908 1862 1997 1892 magis,

1227 1897 1298 1921 quam
1311 1897 1340 1912 ne
1353 1889 1428 1912 hostes
1441 1897 1489 1912 non
1503 1889 1607 1913 haberet:
1624 1897 1677 1913 cum
1693 1891 1797 1921 primum
1805 1891 1832 1914 ab
1840 1893 1942 1915 externis
1950 1893 2002 1916 bel-

1224 1922 1255 1945 lis
1269 1920 1387 1952 quiescere
1398 1920 1533 1951 coepiss'ent,
1551 1921 1658 1944 futurum
1666 1929 1690 1944 ur
1698 1921 1832 1946 domesticis
1839 1922 1961 1947 discordiis
1968 1924 1999 1948 af-

1228 1954 1376 1984 fligerentur:
1394 1953 1472 1983 itaque
1483 1960 1534 1976 non
1547 1953 1591 1977 effe
1597 1953 1722 1977 delendam
1730 1961 1780 1977 eam
1789 1954 1871 1978 urbem
1881 1972 1886 1982 ,
1899 1955 2000 1986 quaeetfi

1230 1985 1286 2017 saepe
1306 1985 1384 2008 foedus
1403 1984 1529 2016 frangerer,
1547 1985 1604 2016 saepe
1618 1985 1676 2009 bella
1690 1992 1824 2013 renovaret,
1842 1986 1867 2010 id
1879 1987 1956 2018 ipsum
1969 1995 2001 2011 ra-
2039 1988 2042 1996 ”

1229 2025 1285 2041 men
1293 2015 1337 2040 eise
1350 2015 1541 2040 saluberrimum:
1555 2017 1650 2048 quando
1657 2034 1663 2044 ,
1671 2025 1699 2041 ne
1707 2025 1747 2049 per
1754 2018 1832 2041 otium
1840 2021 1946 2044 Romana
1954 2019 2001 2044 vir-

1229 2056 1265 2073 tus
1277 2047 1420 2075 hebesceret,
1430 2049 1536 2082 ¹exerceri
1549 2055 1600 2072 eam
1611 2049 1708 2076 affidue,
1726 2050 1868 2082 &tanquam
1880 2051 1906 2074 ad
1920 2058 2000 2076 cotem

1232 2082 1280 2105 acui
1301 2079 1387 2104 neccsse
1399 2080 1461 2103 esset,
1489 2082 1509 2102 0
1525 2086 1547 2103 te
1558 2081 1660 2104 nimium
1674 2080 1815 2112 sapientem,
1832 2082 1936 2109 nimium
1950 2090 2001 2108 vera

1230 2112 1394 2144 pradicentem
1414 2111 1491 2143 Scipio
1509 2111 1584 2136 Nasica
1599 2111 1604 2136 !
1628 2119 1653 2136 tu
1666 2114 1712 2136 tuis
1723 2113 1828 2140 civibus,
1846 2121 1871 2137 ut
1881 2113 2002 2139 Cassandra

1232 2145 1277 2168 suis
1289 2145 1359 2170 olim,
1368 2143 1409 2166 fata
1421 2143 1573 2167 concinebas:
1587 2151 1630 2168 nec
1642 2144 1687 2169 tibi
1700 2151 1778 2168 tamen
1788 2146 1876 2176 magis,
1893 2148 2002 2176 quamil-

1229 2177 1261 2202 li,
1278 2175 1334 2199 fides
1351 2175 1426 2198 habita
1445 2175 1485 2199 est.
1505 2176 1561 2199 hinc
1573 2177 1732 2201 Gracchorum
1745 2177 1790 2200 illae
1802 2184 1882 2201 contra
1894 2177 2001 2203 senatum

1229 2207 1374 2231 acerbiffimae
1392 2207 1570 2235 contentiones,
1587 2216 1637 2239 quae
1651 2209 1730 2236 justam
1742 2210 1843 2233 extremi
1854 2208 2003 2235 senatuscon-
2031 2223 2037 2226 -

1230 2239 1822 2264 sulticausamattulerunt:hincSnllanabellazhinc
1832 2241 1999 2269 adextremum
2034 2260 2036 2262 -
2074 2247 2075 2250 ’

1230 2270 1322 2295 Caesaris
1336 2272 1358 2293 ἃ
1372 2271 1477 2300 Pompeii
1490 2271 1617 2302 perniciosa
1629 2272 1761 2303 reipublicae
1768 2271 1889 2297 discordia.
1897 2274 2001 2299 Sedlou-

1229 2304 1280 2335 gius
1287 2301 1376 2327 fortaffc
1383 2303 1505 2333 provestus
1512 2301 1571 2330 sum,
1579 2311 1651 2335 quam
1657 2304 1745 2336 resipsa
1752 2305 1843 2335 patirur.
1856 2312 1998 2337 quamquam

1230 2343 1270 2359 cur
1282 2343 1332 2358 non
1346 2335 1442 2370 paritur?
1458 2342 1485 2357 an
1499 2341 1580 2358 eventa
1594 2335 1662 2360 timul
1673 2344 1726 2360 cum
1734 2335 2001 2368 caufisintelligereinu-

1230 2368 1272 2392 tile
1285 2367 1329 2392 est?
1347 2365 1442 2391 modice
1455 2373 1533 2392 tamen
1545 2366 1674 2399 digrediar,
1692 2374 1735 2393 nec
1747 2367 1791 2392 nifi
1798 2369 1822 2392 in
1829 2375 1868 2397 ea,
1885 2375 1935 2400 qua·
1942 2376 2000 2392 con-

1941 2407 1999 2425 116Χὲ
