2075 2734
419 92 912 146 'DEMvs'r‘ER1
959 110 1446 152 DEDICATIO.

185 171 281 208 nostri
297 172 458 207 Buchaniae
483 170 770 212 STUART1‚
800 170 1196 213 SCHR1MGER1‚
1233 173 1504 210 PORBRSSI
1519 201 1529 218 ‚
1562 178 1707 216 &LE-

186 223 206 255 S
218 223 244 255 L
254 223 300 257 AE
311 225 342 263 1,
369 222 477 256 devota
484 218 602 264 sceptro
619 228 676 252 tuo
686 219 800 265 capita,
826 220 938 261 junffis
953 231 1077 254 mecum
1092 221 1191 261 votis,
1217 218 1367 268 supplices
1381 224 1583 260 contendunt.

236 269 350 304 Movit
363 269 474 307 Patria,
501 267 642 314 civesque
658 279 691 300 ac
709 266 821 301 subditi
836 268 898 308 tui,
924 279 960 300 ut
968 268 1183 315 qualecunque
1201 268 1260 304 110⁶
1278 268 1348 303 eslet
1358 296 1367 311 2
1394 272 1454 305 mis
1469 273 1502 305 D
1513 274 1704 312 ONHNE

186 317 324 364 auspiciis
337 316 487 363 prodiret:
515 316 609 361 patria
625 338 634 353 ‚
660 316 788 361 inquam
801 341 811 356 ,
838 328 907 362 quae
921 326 989 349 ante
1006 328 1182 363 nongentos
1197 330 1294 350 annos
1310 345 1319 360 ,
1348 321 1497 353 emortuis
1513 321 1631 371 ubique
1647 338 1705 372 pe-

184 378 225 399 ne
241 365 378 413 gentium
395 364 505 404 literis,
532 363 661 396 Lutetiae
677 364 840 409 primum,
867 376 901 397 ac
918 376 992 397 rnox
1008 363 1119 398 Ticini
1137 364 1331 399 clarissimum
1348 367 1559 404 mansuetioris
1577 373 1703 408 culturae

185 413 314 447 instituit
327 412 521 458 emporium,
535 410 740 458 pharumque
755 409 982 457 disciplinarum
1002 412 1095 458 longe
1111 413 1232 459 lateque
1246 412 1417 461 fulgentem
1436 418 1549 460 erexit,
1560 419 1596 454 ad
1607 433 1701 467 quam

183 460 206 494 fi
219 460 390 494 studiorum
407 458 533 493 suorum
553 457 655 492 cursus
673 457 875 493 adolescentes
889 459 1069 506 dirigerent,
1096 472 1221 506 portum
1239 473 1390 508 occupare
1399 463 1556 500 honorum
1571 469 1701 514 possent,

181 520 282 555 neque
300 508 409 541 Helice
425 506 628 548 Atheniensi,
654 518 706 541 aut
723 505 884 553 Cynosura
905 508 1048 541 Romana
1066 508 1247 553 indigerent.
1298 513 1345 543 At
1362 524 1445 546 nunc
1459 539 1468 552 ,
1496 514 1584 549 Deus
1599 515 1697 551 bone!

181 568 274 602 quam
290 556 383 602 longe
400 555 438 589 ab
455 555 509 588 illo
525 565 643 589 remota
665 556 767 595 cultu,
794 568 888 602 quam
906 554 951 589 sui
966 554 1140 589 dissimilis?
1167 569 1236 603 quae
1253 556 1329 591 nihil
1345 557 1436 593 hodie
1453 559 1644 598 scientiarum
1661 566 1701 599 il-

181 603 357 637 lustriorum
385 602 603 646 (humaniores
618 601 669 636 has
683 614 759 637 artes
776 604 934 648 intelligo,
962 604 1153 637 Medicinam
1169 630 1177 644 ,
1204 607 1236 638 δέ
1252 605 1547 652 Jurisprudentiam)
1574 612 1699 659 publica

179 651 287 699 Regiae
303 650 486 685 liberalitatis
499 663 569 684 cura
584 650 784 685 hauriendum
800 650 956 692 exhibeat,
983 653 1075 698 inops
1092 664 1202 685 eorum
1213 678 1222 693 ,
1248 666 1316 700 quae
1331 653 1484 700 splendide
1497 659 1574 692 olim
1585 661 1617 694 in
1627 662 1699 696 alias

203 711 306 741 entes,
332 701 398 733 imo
417 702 449 732 &
466 699 612 745 prodiga,
639 697 809 733 transfudit.
839 700 938 737 Quod
953 698 974 732 si
992 701 1047 746 qui
1064 699 1120 733 tibi
1135 701 1167 733 in
1182 701 1315 735 literatos
1331 715 1419 737 amor
1433 703 1585 744 est‚idem
1595 710 1698 744 otium

1722 198 1788 223 Tacit.
1795 200 1834 227 lib.

1719 234 1834 258 2.-ΛιυιαΙ.

1673 760 1679 765 .
1710 745 1775 768 '‘I‘lin.
1782 746 1822 769 lib.

178 746 358 795 professores
371 746 547 781 instituendi
564 746 635 780 estet
650 773 659 788 ,
686 759 720 780 ut
734 759 816 781 nunc
834 759 885 781 tua
907 750 1050 790 juventus
1067 774 1076 790 ,
1103 747 1217 782 castius-
1230 746 1286 782 sub
1299 751 1397 785 oculis
1411 764 1572 798 parentum
1590 760 1622 790 &
1636 771 1697 792 rni-

177 797 248 830 nori
262 795 387 842 sumptu
403 794 490 829 domi
513 793 715 836 instituenda,
741 794 880 829 Athenas
898 796 1027 843 inquirit
1048 798 1220 844 peregrinas
1235 821 1246 839 ‚
1273 799 1313 831 ita
1331 811 1404 832 mox
1430 801 1596 837 Maffiliam
1613 817 1696 841 tuam

177 844 353 890 alienigenae
368 844 505 877 certatim
518 843 723 877 confluerent.
770 844 888 890 Neque
903 857 976 878 vero
991 856 1072 891 quos
1088 844 1145 878 tibi
1161 844 1299 886 debitos,
1324 844 1379 879 sub
1395 859 1424 881 tc
1439 848 1594 885 hausimus
1608 851 1697 900 spiri-

175 902 242 934 tus,
269 893 301 925 in
318 902 439 926 externa
454 892 615 926 erudienda
630 895 790 934 juventute
809 891 896 925 turba
919 903 971 926 tua
997 893 1244 938 impenderemus
1263 920 1273 935 ‚
1301 894 1415 941 quibus
1431 899 1463 930 ἃ
1480 909 1562 943 parta
1577 899 1696 936 secura.

174 951 237 987 que
253 937 334 973 fama
348 966 359 982 ‚
385 943 417 974 &
433 937 508 987 saepe
529 952 594 974 non
612 941 677 974 leve
699 940 930 988 compendium.
982 940 1033 974 En
1055 952 1118 974 tota
1142 941 1249 988 passim
1275 942 1401 989 Europa
1425 946 1536 980 Scotos
1562 947 1694 985 ostentat

174 985 376 1033 professores,
403 989 459 1035 qui
481 1001 552 1022 cum
571 989 659 1022 inviti
682 989 746 1022 aliis
762 987 952 1035 principibus
976 990 1108 1023 militant
1125 1013 1135 1026 ‚
1160 989 1313 1036 splendori
1332 1003 1364 1024 ac
1388 992 1529 1039 dignitati
1547 1005 1606 1030 tuae
1623 998 1693 1032 illu.

173 1034 343 1070 strandaese
357 1047 442 1070 totos
460 1063 469 1077 ,
494 1036 654 1083 studiaque
679 1035 729 1071 sua
752 1036 951 1071 lubentiffimi
974 1037 1161 1071 devoverent
1178 1065 1187 1079 ,
1222 1050 1273 1072 tua
1296 1038 1378 1086 figna
1403 1039 1623 1087 sequerentur,
1658 1050 1693 1081 &

172 1085 200 1117 L
210 1084 238 1117 E
248 1084 281 1119 O
291 1085 361 1118 NE
371 1087 389 1118 S
415 1085 484 1119 illos
501 1096 572 1119 tuos
587 1086 758 1132 gentilitios
776 1086 904 1132 Aquilis
919 1085 1151 1119 venerabiliores
1174 1086 1341 1134 posteritati
1359 1087 1557 1133 exhiberent,
1584 1105 1691 1129 verum

172 1130 227 1165 ista
243 1131 265 1165 si
284 1134 392 1167 mereri
408 1146 472 1167 non
486 1132 642 1179 possumus
653 1159 662 1174 ,
687 1146 717 1167 at
733 1132 846 1180 sperare
863 1144 941 1166 certe
959 1146 1022 1167 non
1038 1133 1227 1168 desinemus:
1254 1136 1310 1182 qui
1328 1137 1446 1170 Italiam
1459 1164 1468 1178 ,
1495 1138 1691 1187 Hispaniam,

170 1180 313 1228 Belgium
330 1180 574 1229 Germaniasque
598 1194 733 1222 omnes,
759 1181 797 1215 ab
815 1180 951 1227 Alpibus
970 1181 1008 1215 ad
1028 1182 1185 1216 Maeotidis
1202 1184 1323 1229 paludes
1338 1209 1348 1224 ‚
1382 1182 1461 1219 fama
1484 1187 1693 1234 implevimus.

170 1225 285 1263 Taceo
301 1229 437 1263 Galliam
448 1231 569 1263 unicam
578 1254 587 1269 ‚
599 1254 602 1257 Δ
613 1231 725 1263 artium
742 1241 896 1275 parentem
910 1242 971 1271 iam
989 1241 1022 1263 ac
1039 1231 1189 1264 nutricem
1198 1257 1207 1271 ,
1234 1229 1373 1277 auspiciis
1398 1236 1426 1266 C
1437 1235 1468 1267 H
1481 1236 1511 1270 R
1522 1238 1536 1268 I
1547 1238 1565 1269 S
1575 1238 1608 1270 T
1618 1241 1629 1270 1
1641 1241 1692 1272 A..

173 1275 389 1311 NISSIMI
425 1279 454 1312 R
468 1278 592 1310 EGIS
612 1304 637 1318 ,γ
657 1276 861 1311 sollicitudine
886 1276 1082 1311 lllustriffimi
1117 1279 1189 1313 CA
1203 1279 1457 1315 RD‘IN-ALI
1471 1281 1493 1315 S
1528 1285 1688 1320 PERO-

172 1322 214 1357 N
224 1326 282 1364 11⁷,
308 1325 409 1369 plures
435 1325 495 1358 SC
506 1326 658 1359 OTOS
694 1324 760 1358 finu
782 1326 837 1359 suo
858 1328 963 1359 fovere
978 1351 987 1366 ,
1021 1325 1117 1359 bonas
1139 1338 1215 1360 artes
1240 1327 1349 1361 celebri
1370 1331 1498 1364 nomine
1522 1333 1689 1378 professos,

171 1384 266 1419 quain
284 1370 345 1417 ipsa
365 1374 468 1406 Scotia
486 1373 578 1407 hodie
592 1374 659 1406 alat.
711 1375 793 1418 Quis
807 1375 890 1407 enim
906 1373 1016 1407 Musas
1026 1375 1132 1415 novit,
1159 1378 1266 1409 &non
1283 1389 1386 1410 earum
1402 1377 1532 1425 insignes
1548 1381 1690 1416 alumnos

171 1425 227 1465 (ut
243 1418 259 1452 ἐ
277 1420 381 1454 multis
396 1433 510 1466 paucos
526 1447 534 1462 ‚
563 1433 619 1454 nec
635 1433 737 1455 tamen
753 1423 853 1455 meriti
867 1432 919 1455 aut
933 1421 1086 1468 dignitatis
1105 1421 1220 1456 servato
1239 1425 1349 1458 ordine
1369 1424 1547 1470 proferam)
1569 1429 1689 1464 inaudi-

168 1470 233 1503 vit?
259 1468 477 1510 Bellendenos,
503 1469 716 1510 Blacuodaeos,
743 1469 926 1505 Balfuraeos‚
945 1469 1188 1512 Abrencthaeos‚
1215 1472 1387 1513 Sanchros,
1416 1474 1578 1517 Cadanos,
1604 1479 1688 1512 Stra-

168 1515 299 1557 chanos,
326 1518 496 1557 Barclaios,
523 1517 704 1564 Scharpios,
732 1517 885 1564 Leythos,
911 1519 1102 1561 macanos,
1132 1517 1347 1560 Andr-esonos,
1359 1522 1517 1568 Hegaros,
1528 1525 1684 1566 -Vimoeos,

166 1566 336 1605 Rumam,
364 1564 548 1604 Chreistios‚
576 1567 718 1608 Ridaeos,
743 1565 916 1607 Rumsaeos,
943 1564 1099 1607 sibaldos,
1126 1567 1288 1608 Hirtia-os,
1315 1568 1544 1614 nlattliisonos,
1570 1573 1685 1608 Dazel-

168 1613 230 1653 los,
247 1612 454 1655 Primroseos,
474 1614 626 1653 Melinos,
654 1614 786 1654 Gelios,
814 1613 1021 1654 Ihonstonos,
1047 1614 1201 1661 Cragffls,
1230 1616 1399 1658 Cui-crios,
1425 1620 1458 1652 V
1460 1619 1575 1661 allaeos,
1601 1624 1686 1656 Lau-

168 1670 265 1702 taeos,
292 1662 447 1703 Smarros,
471 1661 693 1701 Lumisdanos,
718 1662 864 1703 Lessaeoe,
884 1661 1098 1703 Pemdrichos,
1125 1663 1322 1705 Tamsonos,
1350 1667 1513 1712 Magillos,
1541 1667 1682 1712 Bruseos,

167 1710 222 1756 qui
239 1710 382 1742 omnium
398 1708 591 1744 scientiarum
606 1722 717 1756 genere
732 1710 927 1745 excultissimi
944 1737 955 1752 ‚
980 1721 1032 1744 aut
1048 1711 1239 1758 principibus
1256 1714 1288 1746 in
1305 1716 1441 1747 maximo
1458 1713 1526 1749 sunt
1545 1716 1683 1760 honore,

164 1758 262 1791 autin
279 1756 495 1792 celebrioribus
511 1758 687 1793 Academiis
709 1760 821 1805 primas
837 1769 991 1806 occupant
1008 1772 1016 1792 ε
1043 1771 1179 1805 quorum
1202 1759 1222 1793 fi
1239 1771 1354 1805 partem
1369 1760 1473 1796 saltem
1496 1765 1628 1811 aliquam
1648 1767 1684 1801 ad

164 1814 196 1838 te
209 1818 318 1846 voces,
344 1818 415 1840 nam
431 1808 576 1840 nonnulli
593 1819 700 1840 eorum
717 1808 819 1842 vocari
837 1820 901 1841 non
916 1805 1041 1853 possunt
1056 1832 1066 1848 ,
1093 1820 1186 1854 quam
1204 1808 1368 1854 pulchrum
1386 1811 1541 1857 elogium,
1569 1816 1601 1845 δε
1620 1826 1682 1847 no-

164 1851 243 1895 stro,
272 1857 304 1887 &
319 1866 450 1888 venturo
467 1854 575 1889 saeculo
589 1854 782 1902 consequeris
792 1881 801 1897 ‚
811 1854 1043 1889 literatiffimum
1059 1857 1235 1902 Principem
1246 1883 1254 1897 ‚
1281 1856 1473 1892 doc‘ftissimos
1485 1858 1680 1905 professores,

164 1902 299 1948 ingenti,
326 1905 359 1937 &
374 1915 444 1937 vere
470 1906 550 1950 reg‘a
567 1902 703 1937 libertate
719 1905 755 1941 ad
776 1903 805 1937 se
828 1904 988 1950 pellexiffe.
1038 1905 1159 1938 Verum
1180 1904 1217 1938 de
1235 1904 1282 1938 his
1298 1906 1383 1951 plura
1405 1904 1536 1942 fortaffis
1549 1934 1559 1950 ‚
1586 1921 1681 1955 quana

162 1951 264 1993 volui,
290 1952 431 1997 pauciora
447 1964 541 1998 quam
558 1951 668 1991 debui,
696 1954 746 1986 cui
762 1954 890 1987 unicum
907 1952 967 1986 hoc
990 1952 1023 1984 in
1040 1953 1119 1986 votis
1131 1978 1140 1993 ,
1165 1965 1231 1986 non
1247 1966 1295 1986 me
1311 1954 1407 1987 modo
1423 1967 1551 2002 meaque
1565 1958 1683 2004 Augu-

161 1995 292 2033 stiffimae
308 2011 366 2033 tuae
386 1999 536 2042 Maiestati
555 2027 563 2040 ,
590 1999 640 2034 sed
656 2002 687 2033 Se
707 2002 787 2034 cives
805 2013 874 2034 tuos
890 2027 898 2042 ‚
934 2004 965 2034 δι
985 2001 1088 2033 Pau-iae
1112 1999 1302 2047 splendorem
1320 2003 1544 2037 commendare.
1599 2005 1681 2047 Vale

161 2046 223 2080 aliis
240 2046 448 2093 potentissime
460 2073 469 2088 ‚
496 2047 572 2081 mihi
599 2049 690 2082 etiam
707 2048 878 2082 dodiffime
905 2047 1074 2082 Monarcha
1089 2073 1098 2088 ‚
1126 2053 1157 2082 δε
1177 2050 1208 2082 in
1226 2049 1363 2083 humanae
1383 2050 1539 2097 dignitatis
1553 2052 1677 2101 fastigio

160 2093 275 2138 positus
290 2094 507 2137 excelsxffimo,
533 2095 650 2130 sumina
664 2096 859 2143 eloquentia,
885 2095 1003 2130 summa
1022 2096 1193 2130 eruditione
1209 2098 1350 2144 praeditus
1367 2123 1376 2138 ‚
1403 2097 1489 2132 effice
1505 2125 1514 2140 ,
1549 2112 1584 2134 ut
1608 2115 1676 2149 quae

161 2139 218 2175 tibi
234 2143 388 2185 dicantur,
416 2154 441 2177 tt
454 2144 546 2191 digna
563 2143 637 2185 lint,
666 2145 751 2190 quod
766 2144 975 2193 consequutus
991 2143 1157 2186 censebor,
1183 2143 1204 2178 si
1220 2157 1252 2179 tu
1268 2158 1381 2180 munus
1390 2159 1454 2180 non
1471 2145 1565 2183 fueris
1575 2149 1677 2196 asper-

160 2199 257 2223 natus
306 2192 333 2225 E
348 2190 470 2227 Mufaeo
489 2205 560 2227 mco
584 2192 756 2228 Gzaffinaeo
774 2195 903 2230 Lutetiae
931 2205 981 2229 12.
998 2192 1068 2228 Kal.
1085 2192 1276 2230 Decembres
1292 2197 1392 2230 Anno
1409 2207 1548 2242 reparatae
1566 2199 1676 2233 Salutis

159 2239 235 2272 clo.
259 2240 333 2272 Iac.
357 2251 416 2277 κῃ,

1027 2386 1143 2442 *2³3
1412 2374 1676 2432 LECTOg,

1710 777 1804 809 4.Epist.

1713 815 1750 837 13-
