2075 2734
1 0 115 116 Γ

4 126 5 136 Ν

398 151 1500 194 DrPnoconsqunusLCAr.42.s
1664 171 1718 203 533

133 205 278 243 ccnfichitus
292 213 377 238 anno,
399 211 443 233 aut
457 203 499 232 sua
514 203 620 240 sponte,
640 207 684 230 aut
698 200 922 229 senatusconsulto
931 201 1049 235 paludati
1063 202 1178 232 exibant.
1208 208 1312 233 Verum
1326 213 1470 243 antequam
1486 207 1511 235 id
1528 207 1663 242 facerent,
1684 212 1712 239 in

136 245 295 281 Capitolium
311 243 460 274 venientes,
475 241 511 269 ibi
523 241 636 269 solennia
649 249 700 276 pro
713 239 845 274 republica
860 247 922 267 vota
937 240 1136 276 nuncupabant,
1152 250 1230 279 atque
1244 245 1307 272 inde
1315 244 1642 278 paludamento‚lib?oribm
1650 249 1710 276 duo-

133 285 224 312 deam,
246 292 308 310 cum
330 281 445 310 totidem
459 279 588 307 securibus
600 287 630 305 ac
644 276 769 308 fascibus,
790 277 983 315 iniignibusque
997 280 1096 307 caeteris
1111 279 1216 317 imperii
1231 282 1381 318 assumptis,
1402 284 1473 312 recta
1488 286 1518 312 ad
1535 293 1642 321 portam
1657 289 1708 314 Ur-

131 322 171 350 bis
183 320 268 351 ibant,
289 320 321 347 ad
336 328 416 357 quam
431 318 514 346 veteri
527 316 646 344 instituto
655 315 771 345 salutati,
792 316 854 343 inde
866 324 910 344 aut
924 317 1067 348 continuo,
1088 319 1181 345 amicis
1189 320 1493 358 officiicausaaliquanto
1502 324 1549 350 viae
1557 323 1639 360 spatio
1648 334 1709 360 pro-

132 358 312 396 sequentibus,
333 367 362 385 ae
373 356 440 383 bene
450 354 631 383 ominantibus
641 355 670 381 -in
683 355 850 391 provinciam
861 355 912 381 iter
923 355 1150 391 ingrediebantur:
1172 365 1215 384 aut
1230 358 1247 384 fi
1264 359 1325 394 quid
1341 361 1476 396 negotiiin
1485 361 1709 394 Urbehaberent‚

133 399 166 425 ad
182 397 283 424 Urbem
298 405 344 432 per
357 394 456 431 aliquot
466 393 535 424 dies,
557 400 600 420 aut
609 392 712 419 menses
722 392 879 422 manebant,
900 393 973 428 quod
981 401 1044 420 cum
1053 393 1170 428 imperio
1178 396 1204 421 in
1213 395 1286 422 Urbe
1293 396 1344 423 effe
1353 407 1406 424 non
1414 399 1526 435 poffent.
1547 402 1608 428 Hoc
1617 408 1708 428 tamen

133 437 215 464 etiam
230 434 381 463 sciendum,
402 439 431 459 ut
440 430 733 464 finatusconficltoexire
746 431 862 465 Consicles
876 430 936 466 Juffi
952 429 1024 461 sunt,
1046 430 1095 462 fic,
1117 440 1151 458 ne
1171 433 1254 463 irent,
1275 433 1442 462 tribunorum
1466 437 1548 473 plebis
1562 439 1651 466 edidio
1663 446 1708 466 aut

91 500 95 503 ‚
132 474 250 501 dirarum
264 469 463 499 obnuntiatione
477 468 611 505 prohiberi
624 469 746 505 potuiss‘e:
767 469 859 505 Itaque
874 472 912 494 M.
925 467 1027 505 Craffies
1041 477 1103 495 cum
1120 470 1148 495 P.
1160 470 1253 505 Attejo
1267 472 1386 505 primum
1402 474 1531 506 edicenffi,
1551 476 1648 504 deinde
1659 476 1707 504 ob-

14 1772 16 1776 :
12 1691 21 1759 ww

9 2180 16 2262 -—“·-
8 1983 28 2173 ’‘qv-*⁹7⁵⁹*
10 1972 19 1978 .-

132 511 264 539 nuntianti
275 519 331 537 non
343 507 478 543 paruiilet,
499 506 553 543 ipse
567 507 640 544 post,
660 516 689 534 ac
702 507 769 534 filius
783 516 845 535 cum
861 505 962 533 Parthis
974 506 1118 538 dimicans,
1138 507 1217 542 justas
1229 508 1326 536 dedisse
1340 518 1430 544 poenas
1448 514 1609 542 existimatus
1621 515 1666 542 est.

173 553 275 577 Verum
288 547 332 573 ubi
344 546 394 573 iter
407 545 434 572 in
446 546 612 580 provinciam
629 546 684 580 jam
701 553 773 573 erant
788 545 893 582 ingressi
908 564 915 575 ‚
936 545 1021 571 moris
1036 544 1085 572 fuit
1096 565 1103 576 ‚
1124 553 1152 572 ut
1159 545 1307 579 proconjicles
1321 556 1366 573 eos
1382 569 1388 579 ,
1410 550 1504 585 quibus
1517 551 1710 586 fiiceedelcant,¹

134 588 168 615 de
179 587 293 614 adventu
306 583 352 611 suo
366 583 484 610 facerent
497 585 636 611 certiores:
656 582 768 615 scilicet,
789 591 818 611 ut
832 592 893 611 cum
909 582 940 609 iis
954 582 1170 620 congredientes,
1191 584 1224 610 de
1238 584 1302 610 statu
1315 586 1475 621 cognoscere
1489 591 1631 624 provinciae
1647 590 1706 628 pos-

131 626 203 653 sent:
223 632 277 660 quo
291 631 356 650 vero
375 622 418 648 die
431 622 458 648 in
474 622 642 657 provinciam
654 622 814 650 accedebant
825 641 832 652 ,
852 620 948 648 eodem
962 621 1132 656 provincialis
1147 623 1264 648 muneris
1283 622 1388 650 initium
1404 626 1547 659 capiebant.
1588 629 1649 657 Erat
1663 638 1706 656 au-

131 670 188 691 tem
206 662 232 689 id
247 662 273 688 in
288 660 350 688 duas
363 667 450 695 partes
462 659 631 688 distributum
646 680 652 691 ‚
674 660 700 687 in
709 658 855 697 potestatem
870 661 896 687 ὃ(
910 658 1055 693 imperium.
1096 658 1205 696 Potestas
1218 659 1267 687 fuit
1283 659 1390 688 facultas
1404 664 1579 698 cognoscendi
1594 686 1601 697 ‚
1629 665 1707 701 impe-

129 701 198 729 rium
216 699 345 727 exercitui
363 698 534 733 imperandi,
560 697 712 735 bellumque
732 698 842 735 gerendi
857 708 862 723 z
889 705 1004 734 quorum
1021 697 1135 724 alterum
1149 698 1220 733 pacis
1232 716 1238 728 ‚
1260 697 1372 726 alterum
1387 699 1447 727 belli
1462 704 1626 738 temporibus
1643 714 1707 732 con-

150 739 209 766 mit.
248 735 367 774 AEstatem
380 735 435 762 fere
449 737 488 762 rei
502 735 610 764 militari
622 757 630 769 ,
655 737 765 774 hyemem
778 735 906 772 praetoriae
919 735 1067 772 cognitioni
1080 756 1086 767 ‚
1110 744 1167 772 quae
1180 736 1207 763 in
1220 735 1404 771 jurilditftione
1417 739 1581 774 potissimum
1599 743 1633 769 est
1647 753 1707 770 ver-

127 781 195 809 iata,
215 776 344 804 dicabant.
364 772 577 811 Jurifliasiionem
592 772 698 806 autern,
722 773 768 807 (de
783 773 897 809 imperio
913 774 987 800 enim
1004 773 1110 801 militari
1124 773 1184 801 alibi
1198 775 1301 809 dicam)
1316 775 1355 802 rita
1370 776 1552 809 instituebant,
1572 788 1600 807 ut
1615 782 1706 808 autin-

129 823 170 844 tra
188 814 343 851 praetorium
358 833 365 843 ‚
392 814 418 840 ὃς
432 814 466 839 in.
475 812 596 840 cubiculo
609 811 725 849 querelas
739 811 942 848 provincialium
958 811 1080 839 audirent
1093 832 1100 843 ‚
1128 812 1294 840 ministrante
1307 820 1386 849 atque
1401 815 1562 843 admittente
1577 818 1706 846 cubicula-

127 854 177 881 rio.
220 853 339 889 Qaeque
351 850 388 877 ibi
401 850 610 886 traniigebantur
621 869 629 881 ,
656 860 686 877 ea
700 849 756 878 fere
769 858 816 885 per
830 849 977 885 diplomata
990 849 1089 877 annulo
1105 849 1239 887 obsignata
1252 850 1455 886 perficiebantur
1469 864 1473 880 z
1494 862 1538 881 aut
1553 855 1579 881 in
1593 854 1705 893 bifiz'ica,

126 900 206 928 atque
227 892 254 918 in
274 887 396 917 tribunali
409 907 416 918 ,
434 887 520 922 scribla
535 908 542 919 ,
567 897 636 915 accen
646 898 667 914 ts
679 908 685 917 .
705 886 850 923 pracombus
869 889 895 915 ὃς
917 886 1047 914 liei‘oribus
1059 888 1242 925 apparentibus
1256 909 1262 919 ‚
1290 889 1331 924 jus
1343 890 1470 918 dicerent.
1510 894 1572 920 Hoc
1585 901 1613 920 ut
1629 904 1705 921 com-

127 930 212 957 mode
230 928 316 956 facere
333 925 451 962 possent,
471 926 620 953 institutum
640 933 709 957 erat,
730 934 759 954 ut
773 925 909 960 proconfid.
930 925 1099 962 posteaquam
1121 927 1148 954 in
1167 927 1334 963 provinciam
1355 937 1477 960 venerat,
1498 930 1530 957 in
1539 930 1654 967 aliquam
1670 933 1706 959 ci—

128 968 238 996 vitatem
253 987 260 997 ,
287 963 330 992 vel
344 964 371 991 in
384 963 471 1000 plures
486 973 519 991 ex
531 964 562 990 iis
574 984 581 996 ‚
608 964 634 990 in
650 963 743 1001 quibus
757 971 904 992 conventus
919 964 961 1000 agi
975 963 1074 992 solebat
1087 984 1094 995 ‚
1117 971 1281 992 conventum
1298 965 1351 992 sive
1366 966 1456 994 forum
1472 968 1499 995 in
1515 976 1615 996 certam
1631 970 1705 998 diem

128 1003 374 1034 edietorindiceren
395 1010 481 1038 eoque
487 1000 650 1036 provinciales
663 1002 786 1030 homines
801 1009 938 1033 evocaret,
958 1009 1036 1038 atque
1051 1002 1088 1028 ita
1100 1010 1145 1030 aut
1158 1011 1214 1030 uno
1227 1003 1253 1030 in
1265 1004 1366 1039 oppido
1377 1004 1464 1040 plures
1476 1014 1623 1035 conventus
1632 1029 1641 1039 ,
1662 1015 1710 1036 aut

125 1044 154 1072 in
169 1043 273 1079 lingulis
285 1039 399 1078 singulos
414 1047 516 1076 ageret,
539 1049 727 1077 atqueomnes
739 1047 913 1078 percurreret.
933 1042 980 1077 Jus
995 1049 1065 1067 vero
1073 1040 1215 1071 reddebat,
1237 1043 1261 1068 ὅ(
1275 1041 1407 1076 judicium
1424 1043 1501 1072 dabat
1510 1045 1590 1072 velex
1597 1045 1705 1083 legibus,

127 1091 191 1119 quas
208 1089 253 1109 aut
266 1082 416 1115 Imperator
428 1078 460 1105 ab
474 1078 552 1106 initio
565 1087 596 1105 ex
610 1078 704 1106 decem
719 1078 867 1115 legatorum
882 1077 1011 1106 sententia
1023 1079 1167 1114 provinciae
1178 1079 1286 1106 dederat
1299 1099 1306 1110 ‚
1333 1088 1377 1108 aut
1391 1082 1480 1117 postea
1495 1081 1509 1110 ὲ
1526 1093 1555 1110 re
1566 1092 1626 1112 nata
1640 1089 1705 1111 Con-

119 1120 188 1156 Jides
202 1140 209 1151 ,
235 1127 278 1146 aut
297 1116 393 1144 tribum'
406 1115 485 1150 plebis
497 1116 611 1143 tulerant
623 1137 629 1148 ,
660 1126 714 1153 quo
727 1119 807 1144 etiam
819 1116 1029 1150 senatujc‘onficlta
1043 1117 1178 1152 pertinent
1193 1127 1197 1143 :
1225 1117 1266 1144 vel
1280 1126 1311 1144 ex
1326 1119 1420 1147 ediffis
1433 1129 1483 1157 qua
1498 1121 1543 1156 ipsi
1555 1122 1582 1148 in
1596 1124 1704 1158 provin-

127 1160 183 1190 cia,
202 1156 308 1194 ingressi
323 1154 428 1192 singulis
442 1155 474 1182 de
486 1154 565 1181 rebus
581 1154 722 1192 diligenter
736 1154 831 1190 scripta
846 1153 1050 1190 proposuerant:
1071 1163 1128 1191 quae
1142 1155 1159 1181 fi
1175 1164 1207 1182 ex
1221 1155 1327 1182 urbanis
1341 1165 1385 1184 aut
1402 1159 1606 1193 provincialibus
1613 1161 1708 1189 edictis

128 1195 306 1232 sumpfiss‘ent,
325 1191 496 1230 translatitia:
517 1193 554 1220 fin
574 1195 663 1220 minus
677 1203 740 1220 nova
759 1192 923 1220 dicebantur.
962 1193 1034 1219 Tota
1047 1201 1136 1219 aurem
1151 1193 1318 1227 judiciorum
1330 1194 1418 1222 forma
1432 1196 1525 1223 eadem
1540 1207 1596 1226 erat
1610 1199 1637 1226 in
1648 1208 1704 1232 pro-

127 1235 216 1262 w'nffls
228 1254 236 1264 ,
262 1241 318 1269 quae
338 1239 393 1258 erat
414 1231 530 1257 Romae:
553 1239 582 1258 ut
603 1241 635 1258 ex
653 1230 723 1258 libro
738 1231 769 1257 de
775 1229 878 1264 judiciis
890 1228 1002 1265 intelligi
1017 1229 1093 1257 facile
1106 1231 1213 1265 poterit.
1254 1232 1288 1258 Et
1307 1234 1470 1267 privatarum
1490 1236 1600 1271 quidem
1620 1236 1706 1265 causa-

125 1282 187 1299 rum
209 1271 394 1306 cognitionem
413 1277 607 1304 nonnunquam
627 1269 728 1295 vicariis
748 1266 903 1304 quibusdam
918 1287 926 1298 ‚
954 1275 1016 1302 puta
1031 1267 1122 1303 legam
1141 1267 1191 1295 suis
1209 1268 1363 1306 questortbus
1381 1271 1422 1298 vel
1436 1271 1492 1298 aliis
1507 1292 1513 1303 ‚
1540 1274 1704 1310 delegabant.

126 1309 293 1337 Publicasum
307 1314 397 1334 autem
410 1305 544 1333 causarum
560 1306 612 1334 five
624 1306 797 1343 quaestionum
812 1305 1030 1333 exercitationem
1046 1306 1171 1333 mandare
1184 1305 1239 1334 aliis
1252 1316 1307 1334 non
1320 1316 1444 1344 poterant
1457 1330 1464 1340 ,
1484 1310 1530 1337 nisi
1544 1310 1615 1339 forte
1628 1312 1704 1350 lege,

127 1357 184 1384 quae
197 1348 231 1374 de
244 1345 385 1382 quaestione
399 1343 442 1370 illa
455 1343 550 1379 scripm
563 1344 625 1372 esset
638 1365 644 1376 ‚
663 1344 827 1371 nominatim
842 1350 950 1371 cautum
966 1342 1029 1371 esset
1041 1363 1049 1375 ‚
1068 1345 1147 1377 ntis,
1170 1345 1212 1372 cui
1225 1347 1381 1374 exercitatio
1395 1356 1450 1383 ejus
1465 1349 1612 1384 quaestionis
1631 1351 1701 1380 obti-

123 1386 213 1423 giiset,
233 1383 318 1420 posset
331 1392 389 1409 eam
406 1382 448 1409 alii
461 1382 596 1411 mandare.

165 1419 467 1456 Praeterjurtsirflionem
478 1420 609 1450 habebant
621 1421 701 1448 etiam
716 1421 884 1453 curationem,
904 1429 962 1457 quae
974 1421 1128 1449 consistebat
1141 1421 1167 1449 iri
1183 1422 1283 1450 caeteris
1297 1422 1374 1450 rebus
1386 1425 1506 1453 curandis
1519 1447 1525 1457 ‚
1547 1433 1627 1464 atque
1639 1437 1702 1465 pro-

123 1462 216 1489 vincia:
233 1459 394 1495 imperandis
405 1479 413 1490 ,
434 1466 464 1486 ut
476 1457 503 1485 in
516 1469 543 1485 re
549 1459 737 1494 frumentaria,
759 1460 908 1489 tributaria,
929 1459 1066 1496 veffigali,
1088 1462 1114 1488 ὅ(
1128 1459 1227 1487 viarm:
1248 1469 1304 1496 quae
1325 1463 1418 1489 omnia
1437 1471 1483 1499 per
1501 1465 1587 1493 edicta
1600 1466 1643 1494 sua
1656 1468 1701 1495 ad-

124 1498 315 1527 ministrabant.
347 1497 523 1524 Frumentum
537 1498 611 1524 aliud
621 1497 771 1526 vendebant
782 1518 789 1529 ,
810 1498 877 1525 aliud
892 1497 1032 1528 emebant,
1052 1498 1120 1525 aliud
1133 1498 1160 1525 in
1176 1497 1268 1525 cellam
1283 1498 1354 1526 suam
1369 1501 1545 1532 aestimabant,
1566 1503 1634 1532 aliud
1650 1506 1706 1533 im->

125 1537 251 1574 perabant
263 1556 271 1568 ,
298 1534 367 1562 aliud
381 1533 492 1562 honoris
504 1534 578 1562 cauta
591 1535 755 1571 accipiebant
768 1546 774 1562 ι
800 1536 872 1571 quod
881 1535 1043 1571 frumentum
1058 1536 1216 1562 honorarium
1228 1556 1235 1566 ‚
1261 1536 1324 1564 sicut
1337 1538 1418 1564 etiam
1434 1539 1526 1566 vinum
1540 1560 1547 1571 ,
1567 1542 1640 1577 quod
1654 1542 1704 1570 ho-

127 1576 200 1602 noris
218 1574 292 1601 causa
309 1572 473 1608 accipiebant
486 1593 493 1604 ‚
520 1572 608 1600 vinum
627 1572 785 1600 honorarium
805 1573 950 1601 dicebatur.
990 1574 1072 1600 Extra
1086 1574 1209 1600 ordinem
1224 1581 1314 1601 autem
1329 1575 1466 1603 interdurn
1481 1577 1618 1614 vectigalia
1631 1589 1702 1609 nova

127 1611 294 1640 instituebant
308 1630 315 1642 ‚
339 1619 369 1637 ac
382 1610 480 1637 tributa
493 1611 659 1647 imperabant
669 1632 676 1643 ,
704 1621 800 1639 verum
812 1621 867 1639 non
881 1612 936 1639 sine
949 1611 1073 1639 crimine.
1112 1612 1186 1648 Saepe
1197 1612 1280 1640 etiarn
1294 1621 1373 1640 naves
1386 1634 1393 1644 ‚
1415 1622 1506 1642 nautas
1520 1636 1527 1647 ,
1549 1616 1701 1655 militesque

126 1650 269 1686 provinciae
281 1647 431 1676 civitatibus
445 1656 477 1674 ex
492 1647 594 1676 foedere
607 1650 744 1684 imperasse
757 1659 803 1677 eos
812 1670 819 1680 ‚
838 1649 974 1686 sumptum
989 1657 1125 1678 autemrex
1138 1650 1233 1677 ordine
1247 1649 1379 1677 navarcho
1392 1650 1405 1678 a
1420 1652 1463 1679 sua
1477 1662 1580 1689 quaque
1592 1656 1708 1684 civitate·

124 1688 319 1724 suppeditatum
341 1684 429 1716 fuisse,
449 1684 531 1711 Cicero
550 1686 643 1714 alicubi
661 1687 756 1715 docet:
778 1687 828 1714 Sed
846 1695 951 1719 tamen,
971 1695 1001 1715 ut
1013 1686 1125 1724 praeficies
1144 1688 1235 1719 multi,
1256 1688 1365 1716 libidine
1385 1698 1464 1726 atque
1482 1692 1590 1719 avar-itia
1608 1693 1706 1722 οὖρα--

125 1727 192 1757 cati,
213 1734 283 1752 nova
303 1723 456 1760 veetigalia‚
478 1732 507 1750 ac
521 1733 591 1751 nova
606 1724 704 1752 tributa
717 1725 861 1761 provinciis
875 1724 1071 1761 imposuerunt,
1091 1725 1191 1763 aliaque
1204 1727 1236 1753 ad
1250 1727 1398 1762 perniciem
1414 1737 1504 1755 earum
1518 1728 1633 1764 plurima
1648 1733 1701 1759 im-

124 1771 250 1801 pcrarunt
264 1774 269 1790 :
295 1763 328 1790 fic
342 1761 464 1789 nonnulli
476 1768 548 1790 tanta
561 1763 670 1790 caritate
682 1784 689 1794 ‚
716 1772 794 1800 atque
805 1763 960 1791 abstinentia
972 1765 1078 1792 fuerunt
1091 1784 1099 1796 ,
1127 1772 1156 1792 ut
1170 1774 1225 1792 non
1241 1764 1326 1792 iolum
1335 1764 1432 1799 publica
1446 1766 1579 1803 vedi‘igalm
1592 1767 1700 1797 sustule-

124 1803 191 1833 rint,
212 1801 256 1829 sed
270 1802 349 1828 etiam
365 1800 520 1835 praemium
533 1800 619 1837 ipsum
634 1801 756 1838 vectigali
766 1821 772 1831 ‚
794 1802 819 1828 in
835 1810 889 1838 quo
904 1802 1035 1837 praecipue
1048 1803 1132 1829 Cicero
1144 1802 1286 1839 gloriatur,
1306 1802 1473 1834 remiserint,
1496 1814 1580 1841 neque
1596 1806 1640 1833 ulli
1654 1808 1698 1836 alii

124 1841 177 1871 rei,
196 1849 278 1877 quarn
295 1838 464 1869 commodis,
484 1837 700 1875 ornamentisque
713 1839 846 1866 iociorum
860 1840 1011 1868 studuerint.
1041 1841 1120 1868 Unde
1133 1839 1247 1868 honores
1260 1840 1380 1868 stimmos
1395 1841 1426 1867 ab
1442 1841 1494 1877 ipsa
1507 1844 1644 1877 provincia
1658 1856 1699 1873 re-

123 1878 255 1909 tulerunt,
274 1875 407 1915 legationes
427 1877 548 1904 Romam
562 1876 672 1904 honoris
684 1877 721 1906 sui
736 1876 809 1905 causa
823 1878 909 1906 miffiis
918 1899 925 1910 ,
938 1876 1052 1916 statuas,
1068 1878 1150 1915 ᾔτηη,
1168 1881 1221 1906 dies
1225 1877 1315 1916 festos,
1335 1878 1485 1915 cujusmodi
1498 1884 1523 1908 le
1537 1880 1606 1909 affici
1620 1893 1700 1912 orna..

125 1917 224 1944 mentis
238 1916 292 1951 ipse
305 1917 332 1942 in
347 1915 438 1942 Cilicia
453 1914 537 1942 Cicero
548 1914 693 1952 prohibuit.

164 1956 313 1986 Caeterum,
334 1954 474 1989 quomodo
487 1954 569 1981 etiam
583 1954 618 1982 de
630 1955 765 1990 provincia
779 1955 934 1983 decesserint
944 1954 1106 1989 proconfhles‚
1120 1955 1293 1991 aperiendum
1306 1956 1357 1982 est:
1377 1964 1428 1993 qua
1441 1956 1473 1984 de
1488 1966 1517 1984 re
1530 1956 1584 1985 haec
1597 1958 1609 1987 ὲ
1625 1968 1697 1990 vete-

121 1993 192 2021 ribus
210 1991 379 2028 scriptoribus
398 1992 546 2020 traduntur.
585 1994 683 2020 Annuo
701 1993 869 2028 provincialis
888 1994 996 2030 imperii
1016 2002 1126 2020 munere
1144 1994 1289 2021 terminato
1301 2013 1309 2024 ‚
1326 1994 1450 2028 praconstd
1466 1993 1638 2025 lucceilbrem
1651 2020 1658 2031 ‚
1678 2000 1705 2028 fi*

122 2039 228 2060 mature
242 2037 367 2057 venturus
380 2037 449 2061 erat,
460 2031 501 2057 rin.
509 2031 645 2066 provincia
657 2031 825 2066 expectabat‚
846 2038 926 2068 atque
938 2033 962 2058 ei
975 2031 1126 2058 advenienti
1140 2031 1246 2057 obviam
1262 2031 1401 2066 prodibat,
1421 2041 1451 2059 ac
1459 2033 1577 2068 praesenti
1585 2037 1700 2071 praeiens*

121 2069 288 2107 provinciam
304 2088 311 2099 ,
337 2070 573 2104 atque-exercitum
587 2067 706 2096 tradebat
718 2089 724 2099 ,
746 2069 842 2096 deinde
856 2070 925 2096 intra
938 2069 1046 2105 triginta
1059 2069 1114 2095 dies
1127 2069 1183 2103 (tot
1197 2069 1269 2095 enim
1283 2068 1324 2094 lex
1337 2069 1452 2096 Cornelia
1467 2071 1535 2108 Sylla
1549 2073 1635 2109 dedit)
1650 2076 1695 2104 de-

121 2108 244 2135 cedebat:
265 2115 359 2133 verum
370 2107 469 2133 interea
481 2106 545 2134 nihil
557 2107 584 2134 in
599 2107 750 2143 provincia,
770 2107 841 2144 quod
855 2107 887 2134 ad
902 2107 1156 2134 administrationem
1172 2107 1310 2137 attineret,
1334 2108 1485 2144 attingebat.
1521 2111 1601 2148 Qod
1616 2113 1634 2140 li
1649 2114 1695 2142 de-

121 2146 205 2174 cessor
218 2152 279 2172 ante
291 2143 438 2172 successoris
450 2145 595 2172 adventum
608 2145 765 2176 deceffiffet‚
780 2154 839 2174 tum
858 2155 924 2173 vero
936 2144 1050 2181 aliquem
1059 2166 1068 2176 ‚
1084 2146 1128 2181 qui
1142 2145 1286 2180 provinciae
1299 2145 1430 2181 praeeffer,
1446 2147 1620 2185 utquastorem
1629 2171 1635 2181 ,
1649 2160 1694 2181 aut

120 2184 232 2221 legatum
251 2192 312 2211 cum
328 2182 443 2218 imperio
455 2183 490 2209 est
502 2182 649 2219 relinquere
663 2183 776 2211 coaestus.
817 2183 971 2211 Constituto
975 2182 1103 2220 fhccaeffore
1112 2203 1118 2213 ‚
1131 2191 1183 2210 -aut
1197 2183 1303 2218 imperii
1316 2183 1422 2215 vicario,
1446 2186 1566 2213 Romam
1583 2188 1695 2218 decede-

119 2222 179 2253 bat,
200 2221 218 2248 fi
231 2229 302 2252 ante,
316 2220 387 2258 quod
403 2221 434 2246 C.
443 2219 526 2251 Julius
540 2222 620 2255 Caeffir
631 2221 763 2258 inprimo
776 2221 921 2250 Consulatu
934 2220 1056 2252 saneivit,
1078 2221 1192 2249 rationes
1205 2222 1323 2257 pecuniae
1337 2221 1471 2250 confeCras
1484 2226 1552 2259 apud
1561 2227 1624 2254 duas
1630 2237 1693 2264 pro-

118 2261 212 2290 vinciae
225 2261 343 2287 civitates
357 2257 498 2294 reliquisset
511 2269 516 2285 z
543 2259 635 2295 quibus
648 2260 725 2288 rebus
738 2261 851 2296 peractis
864 2259 879 2286 e
891 2258 1029 2296 provincia
1040 2259 1147 2286 decessit
1160 2279 1168 2289 ‚
1195 2269 1226 2287 ac
1242 2261 1360 2286 Romam
1376 2261 1448 2288 venit
1458 2282 1466 2292 ‚
1493 2264 1519 2290 ὅ(
1537 2264 1584 2291 nili
1598 2267 1694 2294 trium-

118 2299 203 2337 phum
218 2307 309 2335 petere
324 2299 351 2325 in
364 2297 457 2324 auimo
470 2295 596 2324 habuiffet
608 2317 615 2328 ‚
639 2297 765 2325 [moribus
777 2297 882 2332 dimiffis
892 2318 900 2328 ‚
927 2297 1142 2331 &paludamento
1155 2297 1274 2333 depofito
1288 2319 1295 2329 ‚
1317 2298 1419 2325 Urbem
1435 2300 1552 2336 privatus
1568 2303 1694 2339 ingrezlus

119 2339 164 2366 est.
204 2339 358 2364 Sinautem
379 2335 413 2362 de
431 2334 569 2371 triumpho
588 2335 742 2371 postulando
762 2338 906 2374 cogitaret,
929 2335 1078 2372 aliquandiu
1100 2336 1132 2363 ad
1153 2337 1256 2362 Urbem
1271 2336 1409 2367 manebat,
1430 2340 1456 2364 δε
1469 2337 1563 2365 Ιη-Ῑῖονω
1573 2342 1695 2380 fustesque

119 2376 243 2404 laureatos
263 2374 391 2411 quamdiu
410 2373 608 2408 triumphasset,
628 2371 753 2408 habebat,
773 2384 803 2402 ac
822 2374 912 2401 senatu
932 2374 960 2400 in
979 2374 1064 2400 aedem
1085 2374 1188 2400 Bellona
1208 2381 1333 2405 evocato,
1354 2384 1395 2401 res
1413 2374 1427 2402 a
1446 2374 1472 2401 se
1485 2378 1567 2413 gestas
1580 2372 1696 2415 expone-

118 2413 176 2448 δαῖς
193 2423 223 2443 ae
244 2412 411 2450 triumphum
430 2411 546 2448 petebat.
585 2409 640 2439 Ubi
652 2421 732 2445 vero,
751 2412 805 2442 five
820 2411 1000 2448 triumphans,
1022 2412 1074 2478 ίὶὶιξε
1088 2413 1206 2448 privatus
1219 2412 1322 2440 Urbem
1337 2412 1491 2446 introiiss‘ct,
1516 2422 1573 2442 tum
1588 2417 1639 2444 alio
1653 2419 1696 2445 die

1066 2459 1107 2479 xx
1129 2461 1142 2487 3
1617 2463 1697 2484 ratio-2
