2075 2734
407 90 461 120 508
674 80 1719 117 AuriQurrATuuRoMAuAnuML112.vm.

1085 151 1221 187 Claudia
1245 153 1306 187 lex.

448 214 491 242 De
504 212 656 242 senatorum
669 215 765 252 quaestu
779 214 868 251 legem
883 212 943 241 tulit
956 212 1127 252 QCllmdius
1139 213 1255 241 tribunus
1268 213 1364 251 plebis,
1385 218 1416 241 P.
1429 213 1540 241 Cornelio
1554 213 1663 249 Scipione
1675 234 1682 246 ,
1702 217 1734 241 T.
1751 215 1888 249 Sempronio
1903 220 1984 258 Longa

411 251 484 280 Coss.
498 261 568 280 anno
586 261 695 280 mxxxv.
714 253 858 288 adjuvante
875 261 929 278 uno
942 260 1048 288 patrum
1065 256 1096 278 C.
1114 251 1237 279 Flaminio
1254 263 1262 278 :
1288 253 1332 279 Ne
1346 253 1404 289 quis
1417 252 1522 280 senator
1534 273 1542 284 ‚
1562 254 1643 290 quive
1656 252 1782 279 senatoris
1795 260 1868 288 pater
1881 254 1985 289 fuiffet,

410 291 577 318 maritimam
592 300 703 322 navem,
723 300 781 328 quae
795 290 852 328 plus
865 299 945 326 quam
958 297 1138 318 trecentarum
1154 289 1344 326 amphorarum
1359 290 1436 322 eiset,
1457 290 1576 318 haberet.
1595 291 1624 318 Id
1636 290 1695 318 fiatis
1709 288 1828 318 habitum
1844 292 1876 318 ad
1889 292 1989 322 fruetus

409 337 444 356 ex
458 328 526 364 agris
542 328 701 357 ve&andos:
722 329 831 365 quaestus
846 328 935 356 omnis
949 328 1064 363 patribus
1077 328 1216 355 indecorus
1233 327 1300 355 viius
1314 327 1358 355 est.
1388 327 1479 356 Livius
1492 327 1562 355 libro
1577 338 1621 356 21.
1641 327 1724 356 Cicero
1739 329 1851 356 Verrina
1865 339 1890 365 7.
1909 334 1987 360 Hanc

410 365 502 403 legem
518 366 599 400 Caefizr
611 365 729 395 Didasor
741 367 831 404 postea
843 367 870 394 in
884 365 983 404 Juliam
998 366 1032 393 de
1047 367 1198 403 repetundis
1210 366 1355 398 transtulit,
1376 366 1409 394 de
1422 375 1472 403 qua
1487 366 1564 394 infra.

1093 437 1226 484 Sulpitia
1252 437 1312 471 lex.

452 497 604 528 Voluerunt
622 501 704 529 etiam
720 500 851 529 senatores
863 500 946 529 vitare
966 510 999 528 aes
1011 499 1126 528 alienum
1140 521 1148 532 ‚
1176 501 1242 527 ideo·
1250 498 1352 527 Servius
1371 497 1493 533 sulpitius
1511 498 1625 526 tribunus
1642 498 1725 536 plebis
1744 508 1815 528 anno
1832 508 1939 530 inctxv.
1960 502 1994 532 L:

412 535 525 564 Cornelio
545 538 636 569 sulla,
663 543 707 578 Q
720 541 832 576 Pompejo
852 540 917 576 Ruso
931 559 937 571 ‚
968 539 1039 566 Coss]
1059 539 1147 574 legem
1167 538 1243 570 tulit,
1267 540 1311 565 Ne
1330 538 1387 574 quis
1408 536 1511 565 senator
1530 536 1604 573 supra
1623 538 1677 565 duo
1697 537 1779 565 millia
1797 539 1989 568 drachmarum

416 573 533 618 deberet.
570 576 723 642 llf’lurarchus
740 578 768 605 in
788 577 865 605 Sulla.
904 576 962 614 Ipse
977 583 1068 604 tamen
1082 576 1229 614 legissator,
1251 585 1315 604 cum
1329 577 1382 604 vita
1396 575 1516 607 excessit,
1536 574 1604 603 ultra
1617 582 1746 604 trecentas
1760 577 1893 612 myriades
1907 577 1990 607 debiti

414 619 528 644 nomine
541 623 570 642 re
581 623 658 652 iqult.

1098 654 1220 688 ownia
1243 653 1306 688 lex.

460 711 503 740 De
515 712 645 751 legendo,
666 717 694 744 &
707 714 853 753 supplendo
863 715 951 743 senatu
964 714 1003 742 hae
1015 715 1084 753 leges
1098 714 1250 752 loquuntur.
1288 713 1383 742 Orinia
1397 735 1404 745 ,
1425 713 1499 749 cujus
1519 712 1605 749 Festus
1618 712 1764 744 meminit,
1784 720 1814 742 ut
1828 714 1947 743 censores
1960 724 1992 742 ex

419 751 497 778 omni
510 753 605 780 ordine
617 754 754 789 optimum
769 762 904 791 quemque
916 754 1038 782 curiatim
1053 755 1080 781 in
1093 753 1182 781 senatu
1193 754 1323 791 legerent.
1345 754 1408 789 Qo
1422 751 1523 780 saetam
1538 752 1588 784 est,
1608 757 1637 780 ut
1650 751 1694 788 qui
1708 752 1835 788 praeteriti
1848 752 1945 785 essent,
1966 755 1993 782 ὃς

417 784 480 821 loco
491 790 577 822 moti,
596 789 753 820 haberentur
765 790 926 830 ignominiosi.

1116 829 1215 876 Caffia
1239 829 1301 863 lvx.

459 889 543 924 Caffi'a
555 899 635 928 quam
651 891 711 920 tulit
724 897 755 921 C.
767 893 863 928 Cassius
870 901 973 927 prator,
994 893 1132 920 metatore
1147 891 1225 928 Julio
1239 893 1345 927 Caeffire,
1366 892 1404 919 Ut
1421 892 1448 918 in
1462 900 1607 918 numerum
1621 892 1794 928 patriciorum
1811 912 1818 923 ,
1838 893 1882 929 qui
1897 890 1996 920 senatui

420 928 551 959 deessent,
571 929 614 956 alii
627 929 831 966 sublegerentur.
868 930 970 958 Tacitus
985 929 1029 957 lib.
1047 940 1055 956 ι
1065 940 1086 956 1.
1107 930 1259 956 Annalium.
1296 928 1427 956 Suetonius
1440 937 1530 957 autem
1545 931 1572 956 in
1587 930 1658 966 Julio
1671 928 1772 956 Caesare
1783 929 1888 961 scribit,
1908 929 1996 965 ipfiim

422 963 542 993 stnatum
552 964 719 1002 supplevisse,
737 969 863 1006 patricios
875 966 1001 1004 allegiffe.
1020 974 1164 1002 praetorum
1175 987 1181 998 ,
1202 965 1333 999 aedilium,
1353 967 1528 1003 quaestorum,
1548 967 1685 994 minorum
1700 969 1780 994 etiam
1796 968 1999 1005 magistratuum

419 1011 571 1031 >numerum
586 1004 728 1041 ampliasse.
750 1010 849 1034 Utrum
863 1013 953 1034 autem
968 1005 1009 1033 illa
1024 1002 1101 1040 Gnffii
1109 1003 1176 1041 lege,
1196 1014 1228 1032 an
1243 1004 1291 1032 alia
1305 1004 1332 1031 id
1346 1003 1454 1036 fecerit,
1475 1005 1616 1032 incertum.

1110 1076 1220 1108 >&ntia
1244 1074 1306 1108 lex.

461 1137 565 1171 sentia,
585 1147 665 1176 quam
679 1140 752 1173 tulit,
773 1146 803 1169 ut
814 1141 937 1179 opinatur
950 1143 1136 1168 Hortommmus
1150 1160 1156 1170 ‚
1177 1143 1210 1166 C.
1230 1137 1330 1166 Sentius
1344 1138 1407 1167 Cos.
1422 1148 1485 1167 cum
1500 1142 1540 1177 Q
1553 1137 1668 1168 Lucretio
1681 1148 1750 1167 anno
1767 1146 1925 1167 mccxxxrv.
1945 1136 1999 1165 Au:

423 1176 500 1243 {usto
515 1176 677 1214 imperante,
698 1186 727 1207 ut
741 1180 768 1207 in
782 1188 926 1207 numerum
939 1179 1112 1216 patriciorum
1122 1199 1131 1210 ,
1152 1178 1197 1215 qui
1210 1177 1310 1205 senatui
1322 1177 1453 1209 deessent,
1473 1178 1515 1206 alii
1527 1176 1733 1215 sublegerentur.
1768 1176 1869 1206 Tacitus
1883 1175 1952 1203 libro
1970 1185 1995 1202 2.

419 1224 421 1228 ·
449 1214 567 1243 nnalium
577 1236 584 1247 ‚
605 1215 650 1244 ubi
665 1223 755 1245 tamen
769 1218 796 1245 in
811 1217 921 1255 vulgatis
935 1225 1060 1254 corrupte
1073 1215 1170 1254 legitur
1183 1215 1275 1245 Senia,
1293 1225 1343 1253 pro
1356 1214 1454 1243 Sentia.

1102 1268 1239 1304 Gabinia
1261 1269 1324 1303 lex.

463 1326 506 1354 De
520 1325 610 1357 senatu
627 1328 751 1357 habendo
764 1329 872 1358 Gabinia
891 1331 942 1360 lata
957 1331 994 1359 est
1012 1331 1045 1359 ab
1060 1333 1097 1359 A.
1112 1328 1218 1358 Gabinio
1234 1328 1294 1357 trib.
1307 1330 1375 1366 pleb.
1397 1332 1428 1358 L.
1446 1329 1538 1358 Caecilio
1552 1329 1652 1357 Meteffo
1662 1349 1669 1361 ,
1689 1333 1727 1368 Q
1739 1327 1833 1356 Marcio
1846 1332 1912 1366 Rege
1926 1327 1998 1356 Coss.

424 1373 495 1392 anno
512 1373 635 1395 iocxxcv.
656 1370 694 1395 Ut
707 1377 740 1396 ex
754 1368 881 1397 Kalendis
896 1369 1029 1398 Februarii
1043 1370 1075 1397 ad
1090 1369 1222 1398 Kalendas
1238 1370 1347 1397 Martias
1358 1370 1479 1405 quotidie
1486 1370 1590 1403 ftnatus
1602 1377 1758 1406 cogeretur,
1780 1370 1806 1396 ὃ(
1820 1367 1912 1405 legatis
1925 1370 2019 1400 exte-f
2056 1364 2058 1387 ἕ

427 1410 519 1432 rarum
534 1405 675 1435 nationum
689 1406 806 1434 daretur.
826 1406 913 1436 cicero
926 1407 995 1436 libro
1013 1419 1034 1436 ι.
1048 1407 1225 1444 Epistolarum
1239 1407 1271 1434 ad
1287 1407 1436 1445 Qndtum
1449 1406 1569 1435 fratrem.

1118 1459 1219 1506 Pupia
1243 1458 1304 1491 lex.

468 1516 529 1542 Huc
540 1519 657 1552 pertinet
670 1518 768 1551 Pupia,
789 1528 840 1555 qua
852 1520 937 1547 latum
951 1519 987 1546 est
1000 1539 1007 1550 ‚
1029 1517 1074 1545 Ne
1088 1517 1190 1546 senatus
1210 1517 1243 1544 ab
1257 1525 1306 1545 xvi
1317 1527 1356 1545 11.
1374 1517 1485 1546 Kalend.
1504 1518 1639 1546 Februarii
1658 1516 1690 1544 ad
1704 1515 1786 1552 usque
1805 1516 1935 1544 Kalendas
1951 1516 2001 1543 Fe:

425 1553 542 1580 bruarias
553 1553 702 1582 haberetur.
724 1557 768 1582 Ne
781 1557 828 1583 nifi
839 1557 977 1592 perfeetis,
997 1562 1042 1583 aut
1054 1556 1159 1592 rejcfitis
1172 1554 1362 1592 legationibus,
1377 1556 1432 1583 aliis
1445 1556 1478 1583 de
1491 1557 1567 1584 rebus
1582 1556 1683 1583 senatus
1696 1554 1846 1580 haberetur.
1863 1552 1946 1580 cicero
1955 1552 2002 1581 lib.

432 1600 454 1617 1.
468 1590 574 1626 epist.4.
587 1593 618 1619 ad
630 1592 792 1620 Lentulum:
811 1593 857 1622 lib.
867 1603 891 1621 2.
905 1594 978 1631 epist.
995 1603 1019 1621 2.
1033 1594 1065 1621 ad
1080 1593 1254 1631 eratrem‚
1275 1595 1301 1622 δι
1312 1593 1406 1620 Coelius
1417 1593 1486 1621 libro
1501 1597 1524 1622 S.
1534 1594 1604 1629 epist.
1615 1595 1640 1621 S.
1653 1592 1685 1618 ad
1699 1592 1875 1622 Ciceronem,
1894 1590 1939 1618 ubi
1951 1590 2000 1618 hac

427 1628 487 1665 lege
495 1627 594 1657 solutos
606 1630 658 1658 effe
672 1631 837 1668 magistratus
850 1631 948 1660 scribit.
1504 1645 1506 1647 ’

1121 1669 1230 1704 ‘Tullia
1254 1670 1317 1703 lex.

467 1729 510 1758 Ad
519 1728 654 1758 ‘senatores
666 1731 783 1767 pertinet
797 1732 878 1760 etiam
893 1730 934 1758 lex
947 1729 1032 1759 Tullia
1045 1731 1075 1758 de
1088 1729 1252 1769 legationibus
1265 1727 1353 1757 liberis.
1374 1730 1445 1757 Cum
1459 1729 1532 1757 enim
1549 1727 1712 1758 consuetudo
1726 1728 1879 1756 obtinuisset
1893 1748 1899 1759 ‚
1919 1733 1950 1756 ut
1963 1726 2002 1764 Ιές

429 1773 550 1800 natores,
570 1769 664 1806 quibus
676 1770 784 1806 negotia
796 1769 882 1798 futura
896 1776 970 1797 erant
983 1770 1010 1797 in
1022 1769 1179 1806 provinciiS,
1199 1775 1229 1796 ut
1238 1769 1284 1805 qui
1297 1767 1461 1795 haereditates
1473 1767 1610 1803 persequi,
1629 1766 1671 1793 vel
1685 1766 1782 1803 legata,
1802 1774 1845 1793 aut
1858 1765 1999 1801 quinomi-

428 1815 461 1833 na
476 1807 581 1844 exigere
592 1807 714 1835 volebant
727 1811 755 1834 in
766 1809 924 1843 provinciis,
943 1806 998 1844 quo
1011 1806 1306 1835 commemorabiliores
1320 1813 1399 1842 atque
1414 1804 1612 1833 favorabiliores
1626 1802 1814 1831 controversias
1826 1802 1966 1835 haberent,
1988 1801 2001 1830 a

429 1843 536 1876 senatu,
556 1846 710 1873 ornamenti
723 1845 796 1873 caufiz
811 1845 960 1883 legationem
973 1845 1077 1872 hbe-ram
1087 1851 1222 1881 peterent,
1242 1853 1292 1881 qua
1306 1843 1386 1871 semel
1398 1844 1540 1880 impetrata
1553 1864 1562 1875 ‚
1583 1842 1708 1878 deinceps
1718 1848 1863 1876 perpetuo,
1885 1842 2001 1882 quoties·-

428 1892 534 1920 cunque
546 1882 678 1919 ejusmodi
690 1884 798 1920 negotia
811 1884 973 1915 inciderent,
993 1883 1102 1913 honoris
1116 1885 1143 1911 δε
1159 1882 1301 1910 commodi
1312 1881 1349 1909 sui
1362 1881 1436 1909 causa
1448 1881 1602 1911 utebantur,
1622 1879 1711 1917 legem
1726 1878 1786 1906 tulit
1798 1878 1948 1912 M>Tull1us
1955 1881 2001 1906 Ct-

428 1929 493 1953 τενο,
513 1920 611 1949 Consul
625 1931 687 1948 cum
702 1926 740 1947 M.
750 1921 875 1950 Antonio,
895 1931 966 1948 anno
983 1929 1069 1949 mcxc.
1092 1922 1150 1953 Ne,
1170 1920 1235 1948 ficut
1247 1927 1337 1951 antea,
1357 1919 1508 1950 infinitum,
1531 1917 1572 1946 sed
1581 1927 1698 1945 annuum
1711 1924 1917 1958 tempuslearum
1928 1916 2000 1944 esset.

428 1958 515 1986 Cicero
528 1959 572 1988 lib.
588 1970 611 1997 3.
630 1960 664 1987 de
679 1958 795 1996 Legibus
814 1959 921 1987 testatur
936 1980 943 1991 ‚
969 1958 994 1986 se
1008 1959 1153 1996 legationes
1170 1958 1232 1987 tales
1247 1978 1254 1989 ‚
1281 1957 1444 1994 approbante
1456 1956 1669 1997 frequentissimo
1681 1955 1771 1995 senatu
1791 1955 1801 1989 (
1810 1954 1871 1996 licet
1884 1954 1915 1981 ad
1927 1953 2001 1997 sena-

430 2004 471 2025 tus
483 1998 626 2027 utilitatem
641 1998 774 2033 pertinere
792 1997 962 2032 viderentur)
983 1998 1165 2025 extineturum
1182 1997 1256 2024 fuisse
1270 2017 1276 2028 ,
1296 1996 1343 2023 nisi
1362 1994 1541 2025 intercessisset
1554 1996 1644 2021 Livius
1663 1993 1776 2020 tribunus
1791 1992 1890 2028 plebis:
1912 1991 1999 2035 fecisle

431 2039 536 2068 tamen,
553 2045 619 2066 ,eum
630 2036 712 2063 essent
724 2042 800 2063 antea
811 2035 934 2069 infinitae,
956 2037 982 2064 &
995 2043 1128 2072 perpetuae
1141 2056 1150 2067 ,
1169 2041 1200 2062 ut
1212 2044 1304 2062 annuae
1318 2037 1411 2062 fierent
1423 2054 1430 2065 ‚
1451 2041 1529 2070 atque
1543 2033 1579 2060 ita
1592 2032 1730 2068 turpitudo
1745 2036 1879 2062 maneret,
1899 2029 2000 2065 diuturff

434 2073 516 2101 nitate
531 2073 637 2105 sublata.
657 2074 786 2102 Meminit
803 2073 859 2110 ejus
873 2074 910 2102 rei
924 2074 1005 2102 ctiam
1019 2074 1140 2102 oratione
1150 2074 1269 2110 Agraria.
1287 2073 1421 2101 Hactenus
1432 2072 1462 2100 de
1466 2071 1565 2107 senatu.

1117 2144 1141 2170 C
1166 2153 1183 2170 Α
1209 2153 1233 2170 r‘.
1279 2145 1314 2171 V.

962 2200 1015 2232 Dc
1033 2194 1255 2244 magistratibus
1272 2195 1447 2243 majoribus.

431 2263 562 2326 Nulla
576 2263 629 2305 fere
638 2273 701 2306 *pars
715 2267 865 2304 reipublicae
878 2268 927 2297 fuit
941 2289 948 2301 ‚
969 2269 1002 2297 de
1014 2277 1066 2306 qua
1080 2276 1135 2294 non
1149 2266 1248 2295 fuerint
1266 2266 1358 2304 aliquae
1370 2265 1434 2304 leges
1448 2265 1505 2293 lm
1517 2285 1524 2296 ‚
1545 2264 1573 2293 id
1587 2264 1658 2302 quod
1674 2263 1799 2292 hactenus
1817 2263 1844 2290 in
1853 2259 1950 2302 fieris.
1969 2262 1996 2289 in

523 2305 583 2337 jure
592 2311 704 2330 cantans
715 2325 724 2336 ,
744 2306 772 2332 in
784 2306 902 2337 comitiis,
922 2308 950 2335 in
955 2307 1049 2342 senatu
1064 2305 1187 2333 vidimus.
1217 2308 1279 2333 Hoc
1293 2305 1378 2341 capite
1390 2314 1433 2332 eas
1447 2303 1662 2342 consignabimus
1675 2323 1683 2336 ,
1704 2312 1760 2340 quae
1771 2302 1802 2330 de
1811 2298 1996 2337 magstratibus

430 2342 458 2373 jm
469 2349 581 2378 genere,
602 2343 627 2372 ὅ(
641 2342 669 2370 in
682 2341 783 2379 specie,
799 2344 831 2372 de
844 2345 979 2380 majoribus
992 2341 1179 2384 magistratibus
1192 2342 1250 2373 latae
1261 2344 1436 2384 reperiuntur.
1930 2376 1957 2404 D
1976 2376 1997 2402 F

2057 2424 2062 2490 l

2058 2504 2060 2553 l

2058 2556 2060 2626 ἔ

2058 2629 2060 2669 ι
