2075 2734
374 93 1373 131 DfiAcrioiiiiius3&c.c1iv.16:
1610 106 1669 142 557

81 154 239 193 possessione
251 154 321 184 inter
334 153 436 192 aliquos
451 152 670 182 contendebat-ur.
690 151 752 193 Erat
766 156 856 177 autem
868 146 974 192 ppffi’ffio
985 147 1023 175 rei
1036 149 1290 193 corpore-praeditae,
1306 157 1335 178 ut
1341 149 1445 183 domus,
1465 152 1536 190 quasi
1543 154 1665 190 poffeffio

83 196 124 223 rei
136 204 248 231 corpore
261 195 391 225 vacantis,
411 199 441 220 ut
454 190 616 228 ufiagfrudus.
653 189 693 232 1²51<
707 187 802 225 quibus
815 186 902 215 verbis
915 193 1037 223 apparet,
1058 188 1199 232 interdieta
1214 187 1289 231 fuisl‘e
1304 189 1411 232 decreta
1422 198 1570 226 praetorum
1583 194 1617 221 de
1632 195 1663 222 iis

83 233 174 264 rebus,
194 242 256 269 quas
269 233 392 268 judicum
407 230 556 268 cognitioni
570 227 780 256 committendas
794 236 850 254 non
865 232 1003 262 putarunt,
1014 225 1058 254 sed
1073 227 1187 268 sibiipsis
1201 235 1252 263 pro
1265 235 1382 263 imperio
1394 227 1570 258 reservarunt.
1593 233 1667 261 Cum

13 271 15 277 ¹
47 290 50 292 .
84 271 158 298 enim
172 271 275 298 dietum
289 271 333 303 sit,
352 279 391 296 res
400 269 460 296 alias
464 269 564 303 fixeras,
584 268 611 294 δε
626 264 765 303 νεΙζξὶρρὶς,
784 264 845 293 :ilias
851 262 964 299 publicas
978 284 986 296 ,
1007 263 1068 292 :ilias
1076 274 1196 299 pravatus
1209 265 1285 292 fuisse
1296 286 1303 297 ,
1323 265 1435 302 reliquas
1447 267 1565 296 astiones
1579 290 1585 300 .
1608 280 1666 307 quae

84 309 120 336 de
131 307 171 336 his
185 309 303 337 incidere
318 315 457 344 poterant,
476 304 673 343 cognoscendas
685 304 818 340 judicibus
832 303 1009 332 tradiderunt.
1050 305 1117 341 Qa:
1130 314 1195 332 vero
1208 304 1240 330 de
1255 303 1283 330 ri
1295 325 1301 335 ,
1324 304 1365 331 vel
1371 304 1462 340 fizt't'a,
1482 305 1525 333 vel
1539 316 1596 344 quae
1611 310 1668 338 fieri

85 347 114 374 in
130 345 171 374 his
181 349 277 384 postet.
299 345 462 376 incidissent,
483 352 612 381 quatenus
625 343 657 370 :id
673 343 860 379 poffeffionem
873 340 960 368 ferme
972 341 1153 378 pertinerent,
1173 342 1220 378 ipfi
1234 342 1420 371 decreverunt.
1452 347 1588 372 Decretum
1603 356 1669 375 vero

83 384 147 412 illud
159 393 285 413 vocatum
299 384 336 412 est
347 383 481 420 praecipuo
495 383 607 410 nomine
619 380 791 409 interdiffum.
811 382 905 418 Itaque
918 380 1039 414 decreta,
1060 389 1117 417 quae
1132 382 1166 407 de
1177 381 1232 408 aliis
1244 381 1322 408 rebus
1339 382 1493 418 interposita
1507 384 1581 415 sunt,
1600 385 1670 414 arbi-

85 423 140 451 trio
155 433 248 451 eorum
261 421 395 459 pei-missa:
416 420 472 449 hrec
486 431 551 448 vero
561 441 569 454 ‚
590 430 646 458 quae
655 418 794 447 interdie&
807 426 902 447 vocata
914 417 974 445 sunt
986 438 993 449 ,
1014 419 1129 455 propriis
1142 418 1266 447 formulis
1282 428 1412 456 concepta
1425 441 1432 452 ,
1455 422 1480 449 &
1492 429 1522 450 ut
1539 431 1669 461 concepta

84 467 174 494 erant,
194 462 221 489 in
233 461 343 487 ediaum
356 458 453 490 relata,
474 462 501 488 8<
515 459 611 486 deinde
625 468 657 487 ex
670 457 762 487 edicio,
782 465 865 494 prout
879 465 920 483 res
932 456 1070 492 poposcit,
1089 467 1139 493 pro
1152 456 1276 485 tribunali
1290 460 1468 493 pronuntiata.
1488 461 1582 498 Itaque
1591 460 1673 489 inter.

83 499 182 526 Ateium
198 499 248 527 fuit
259 497 376 529 aelionis,
397 497 451 525 five
458 497 554 533 judlci'i
566 497 636 534 quasi
649 497 821 533 principium.
842 497 916 522 Nam
930 502 960 522 ut
974 493 1064 522 scribit
1078 497 1157 529 Cujus
1171 495 1198 522 ff.
1210 495 1243 523 de
1259 496 1385 524 vindicat.
1403 498 1424 525 is
1438 517 1445 528 ‚
1467 499 1512 535 qui
1526 500 1666 528 destinavit

86 546 146 565 rem
158 546 263 574 petere,
283 536 497 564 animadvertere
509 535 615 568 debuit,
637 545 670 563 an
683 536 772 573 aliquo
783 532 917 561 interdicto
929 532 1016 569 posset
1028 533 1141 560 nancisci
1149 533 1350 569 posseffionem:
1371 536 1432 571 quia
1445 534 1527 574 longe
1540 547 1668 566 commo.

83 576 141 603 dius
155 576 204 606 est,
225 573 310 610 ipsum
325 575 471 610 possidere,
493 576 518 602 ἃ
533 573 711 602 adversarium
725 574 758 601 ad
771 582 838 600 onus
850 571 974 608 petitoris
986 571 1166 607 compellere,
1187 580 1268 608 quam
1283 572 1334 599 :iiio
1347 574 1495 608 poffidente
1508 583 1607 612 petere.
1627 577 1668 605 Ita

81 614 153 641 inter
163 620 268 641 caeteras
283 611 348 650 legis
362 613 478 641 actiones
494 613 564 641 recte
577 613 717 649 reponitur
727 612 807 639 etiaim
821 609 984 638 interdicere:
1005 610 1077 647 quod
1092 610 1141 641 est,
1164 619 1220 637 non
1234 617 1290 637 tam
1305 611 1665 650 intei‘die'tuminterponere.

57 678 59 680 .
82 651 154 687 quod
168 651 204 678 est
213 659 339 685 pratorts.
360 660 441 688 quam
456 651 629 680 interdictum
642 651 784 687 postulare,
804 649 858 677 five
871 648 1015 688 interdicto
1032 649 1195 676 contendere
1207 668 1215 679 ‚
1236 649 1309 690 quod
1323 650 1357 675 est
1371 649 1521 686 litigatoris.
1558 652 1669 680 smerdi-

80 688 151 717 ‹Jum
164 699 255 718 autem
268 688 347 716 dabat
354 698 456 723 prator,
478 699 541 718 cum
557 689 679 718 mittebat
693 690 720 717 in
732 687 929 724 poffeffionem.
949 691 1058 713 Mutare
1072 695 1164 714 autem
1178 687 1206 713 in
1214 685 1379 726 paffefflqnem
1397 687 1471 716 fuitle
1488 688 1501 716 ὲ
1517 691 1604 718 danda
1619 691 1667 718 bo-

81 737 180 755 norum
198 727 356 764 poss'efl'ione
372 728 521 760 diversum,
542 730 569 757 ὃ(
584 735 675 756 tamen
688 735 794 764 pai-tem
807 725 996 762 jurisdictionis
1009 724 1083 752 fuifle
1095 747 1102 758 ,
1124 725 1241 753 declarat
1262 725 1385 759 Ulpmmls
1397 746 1405 756 ,
1426 735 1489 754 cum
1504 729 1606 766 inquit,
1624 738 1669 765 Jus

82 765 217 793 dicentem
234 768 260 794 ἃ
275 765 409 793 bonorum
424 768 610 803 poss‘essionem
624 765 736 794 dedisse,
758 766 784 792 Sc
795 765 822 792 in
835 763 1023 800 poss'cffionem
1038 763 1144 791 misisse.

121 805 256 832 Caeterum
269 803 420 837 interdic‘h,
441 815 498 842 quae
512 807 544 833 ad
559 804 642 832 sacras
655 806 682 832 ἃ
695 802 812 840 publicas
824 811 866 829 res
879 802 1080 837 pertinuerunt,
1100 810 1145 829 aut
1160 801 1217 829 fieri
1230 800 1327 838 aliquid
1339 800 1548 838 prohibuerunt,
1568 814 1613 834 aut
1626 815 1667 834 re.

79 842 165 874 stimi,
185 850 231 870 aut
242 842 359 870 exhiberi
371 843 508 879 juss'ei-unt:
531 852 589 880 quae
601 842 632 869 ad
650 843 779 878 prix-atas,
799 848 844 867 aut
856 840 890 868 de
902 839 1082 877 adipiscenda,
1102 847 1147 868 aut
1160 840 1194 867 de
1209 840 1361 872 retinenda,
1383 848 1428 868 aut
1441 841 1474 868 de
1487 845 1667 879 recuperanda

79 881 197 909 fuerunt.
234 882 277 908 De
290 881 354 909 locis
366 880 442 908 iactis
455 883 480 909 &
497 880 623 918 religiosis
637 881 673 909 ita
686 878 854 907 inm-dimin
868 879 903 905 est
917 888 922 905 2
943 881 1016 915 Qa,
1037 889 1120 918 quave
1131 878 1171 906 illi
1183 886 1313 905 mortuum
1326 878 1419 918 inferre
1431 877 1512 906 imm
1524 889 1550 907 te
1557 883 1602 917 jus
1615 881 1649 919 est
1658 902 1667 914 ‚

80 928 129 957 quo
141 917 225 945 minus
235 917 273 944 ill!
287 929 313 945 eo
326 928 387 945 eave
400 927 528 946 mortuum
540 918 631 955 inferre
639 938 646 948 ,
666 917 707 951 Θ·
721 916 756 944 Ab)
757 917 865 952 sepelire
879 915 966 948 liceat,
986 916 1111 955 vim-fieri
1122 925 1186 945 veto.
1206 917 1292 944 Item:
1311 920 1369 954 Qco
1382 915 1471 951 tuijus
1483 916 1530 954 est,
1549 928 1576 946 te
1586 919 1668 949 inv-izo

81 963 210 983 mortuum
221 955 325 991 rnfhtre,
345 967 393 995 quo
404 955 488 984 minus
502 956 539 985 illi
551 956 579 984 in
591 967 617 984 eo
631 957 678 984 loco
681 956 840 991 sepulchrum
844 954 901 993 fine
914 955 967 982 dolo
981 955 1048 982 malo
1061 953 1181 993 adificare
1193 954 1282 987 liceat,
1303 965 1357 982 ‘tvm
1363 954 1428 992 fieri
1437 964 1503 984 veto.

119 994 161 1021 De
175 992 258 1021 libem
272 995 381 1030 pet-finis
395 996 430 1023 ita
445 1007 450 1023 :
476 999 561 1034 φωνή
573 995 684 1023 liberam
697 994 751 1022 delo
764 994 830 1022 malo
842 992 936 1020 retines
949 1014 957 1025 ,
975 992 1090 1020 exhibeas
1096 993 1171 1029 jubeo
1185 1005 1193 1019 :
1219 994 1275 1030 Qi
1289 1014 1298 1027 ‚
1319 1002 1411 1030 quaeve
1431 995 1460 1022 in
1476 996 1608 1031 potestate
1621 1002 1668 1025 tua

80 1032 133 1066 est,
154 1031 172 1059 fi
185 1033 220 1065 is,
242 1042 306 1061 eave
320 1034 389 1070 apud
402 1041 428 1061 te
441 1035 491 1066 est,
513 1034 611 1061 dolove
626 1033 699 1060 malo
714 1042 760 1062 tuo
776 1032 876 1060 fatitum
893 1032 944 1062 est,
965 1040 1020 1068 quo
1031 1033 1120 1060 minus
1132 1032 1201 1068 apud
1218 1040 1244 1060 te
1256 1032 1334 1064 esset,
1356 1033 1392 1060 ita
1405 1041 1469 1060 cum
1484 1042 1580 1062 eamve
1594 1034 1669 1064 exhi-

79 1070 136 1099 beri
146 1070 240 1106 jubeo:
262 1071 286 1098 Si
300 1071 404 1100 Stichus
418 1073 445 1100 in
458 1073 588 1108 potestate
600 1079 644 1099 tua
657 1072 708 1104 est,
728 1081 783 1109 quo
795 1071 884 1099 minus
898 1071 1010 1098 Maevius
1028 1080 1091 1098 eum
1105 1072 1202 1098 ducere
1213 1069 1305 1102 liceat,
1325 1071 1380 1098 vim
1396 1070 1454 1098 fieri
1467 1078 1541 1100 veto.

119 1113 161 1136 De
173 1108 353 1143 loctspublicis:
375 1111 420 1137 Ne
433 1112 496 1147 quid
510 1111 538 1138 in
550 1110 612 1138 loco
625 1109 733 1146 publico
745 1109 836 1140 facias,
852 1110 915 1136 inve
926 1118 988 1136 eum
1005 1108 1094 1136 locum
1112 1109 1259 1139 immittas,
1282 1117 1333 1145 qua
1347 1118 1379 1137 ex
1392 1119 1422 1136 re
1430 1109 1493 1146 quid
1508 1109 1558 1138 illis
1572 1111 1666 1140 damni

81 1147 173 1181 detur,
192 1154 369 1185 praeterquam
384 1149 457 1186 quod
469 1150 542 1186 lege,
562 1147 802 1179 senatusconsulto,
823 1147 929 1180 edicto,
949 1147 1094 1174 decretove
1108 1147 1156 1175 tibi
1170 1146 1324 1175 concessum
1339 1148 1391 1182 est,
1411 1148 1445 1175 de
1459 1157 1493 1176 eo
1504 1169 1514 1183 ‚
1540 1151 1614 1186 quod
1629 1150 1668 1177 fa-

81 1186 155 1213 ἔωσι
168 1187 220 1214 erit
233 1206 240 1216 ,
261 1187 435 1215 interdic‘tum
448 1197 504 1215 non
517 1187 587 1215 dabo
602 1197 608 1213 ε
629 1196 683 1224 quo
697 1188 785 1214 minus
799 1185 836 1213 illi
856 1186 928 1213 viam
943 1185 1078 1221 publicam
1094 1207 1103 1220 ,
1122 1188 1208 1215 iterve
1216 1184 1354 1222 publicum
1368 1187 1471 1223 aperire
1484 1207 1494 1219 ,
1512 1189 1623 1215 reficere
1634 1188 1667 1215 li-

80 1230 138 1251 ceat
150 1244 159 1257 ,
177 1224 245 1251 dum
258 1233 292 1251 ne
308 1235 337 1253 ea
353 1226 410 1257 via.
436 1227 497 1253 idve
510 1226 561 1254 iter
574 1225 689 1253 deterius
703 1225 765 1256 fiat,
791 1224 849 1251 vim
864 1224 919 1251 fieri
936 1230 999 1251 veto
1013 1234 1018 1250 z
1042 1224 1087 1250 Ne
1101 1225 1165 1262 quid
1185 1225 1213 1251 in
1226 1224 1340 1252 flumine
1354 1224 1478 1262 publico,
1498 1225 1590 1263 ripave
1606 1227 1666 1263 ejus

80 1261 172 1294 facias,
194 1271 228 1289 ne
241 1262 305 1299 quid
319 1264 347 1291 in
361 1264 474 1291 flumine
486 1264 607 1300 publico,
629 1265 720 1300 ripave
733 1263 790 1300 ejus
805 1262 952 1292 immittas.
973 1270 1027 1298 quo
1042 1262 1132 1295 statio,
1152 1263 1237 1290 iterve
1249 1263 1371 1299 navigio,
1391 1263 1510 1290 deterior
1525 1264 1570 1293 fit,
1591 1264 1647 1292 fiat.

122 1299 290 1327 [merdifflum
308 1301 340 1328 de
357 1300 512 1336 adipfienda
519 1300 657 1340 poffeffione
670 1301 779 1330 dabatur
793 1302 817 1329 ei
831 1321 839 1335 ‚
865 1301 907 1328 cui
921 1300 1056 1327 bonorum
1069 1300 1193 1336 possessio
1211 1298 1225 1327 ὲ
1240 1307 1342 1334 praetore
1355 1301 1464 1329 decreta
1478 1309 1534 1330 erat
1552 1303 1581 1330 in
1595 1302 1669 1331 hunc

83 1338 200 1366 modum
215 1349 220 1365 :
240 1339 319 1376 Qod
329 1338 446 1367 bonorum
461 1350 493 1367 ex
505 1334 586 1367 edn‘lb
598 1350 652 1367 meo
670 1340 707 1367 illi
715 1338 821 1376 pfffflo
839 1338 902 1365 data
914 1337 948 1375 est
961 1359 968 1369 ‚
989 1339 1058 1376 quod
1069 1339 1101 1365 de
1113 1338 1151 1366 his
1160 1337 1227 1366 bonis
1237 1347 1283 1372 pro
1296 1338 1403 1370 hai-ede,
1424 1346 1471 1366 aut
1479 1348 1526 1374 pro
1540 1339 1666 1378 poffiffore

75 1374 194 1411 poffides‚
214 1377 402 1412 possideresve,
423 1378 441 1406 fi
454 1378 519 1406 nihil
533 1378 688 1414 ushcaptum
704 1378 780 1410 estet,
801 1377 1020 1415 quandoquidem
1035 1376 1099 1405 dolo
1111 1377 1183 1405 malo
1198 1376 1281 1404 fecisti
1297 1397 1305 1409 ‚
1331 1384 1361 1404 ut
1373 1376 1504 1405 desineres
1517 1380 1667 1415 possidere,

80 1415 108 1447 id
123 1413 160 1442 illi
173 1415 300 1442 restituas.
338 1417 474 1444 Caeterum
489 1425 538 1452 pro
552 1415 654 1444 haerede
666 1416 825 1453 possidebat:
846 1416 893 1451 qui
904 1415 1014 1451 putabat
1027 1414 1052 1442 se
1067 1415 1201 1443 haeredem
1215 1414 1266 1442 effe
1276 1435 1282 1444 ,
1306 1423 1386 1453 atque
1401 1425 1434 1443 eo
1445 1416 1538 1444 animo
1552 1417 1668 1454 posside-

81 1451 140 1480 bat:
160 1461 212 1488 pro
223 1453 382 1490 possessore,
401 1455 448 1491 qui
460 1455 533 1483 nullo
546 1455 606 1490 jure
618 1464 694 1487 rem,
711 1453 893 1481 haereditatem
902 1473 909 1484 ,
918 1452 959 1479 vel
972 1461 1058 1481 totam
1072 1453 1254 1481 haereditatem
1268 1451 1351 1481 sciens
1364 1454 1397 1481 ad
1413 1452 1440 1480 se
1454 1463 1509 1481 non
1520 1456 1666 1491 pertinere,

81 1490 234 1528 possideret.
273 1491 337 1519 Erat
353 1499 442 1521 autem
457 1493 522 1520 utile
534 1493 586 1520 hoc
598 1492 772 1520 interdictum
788 1493 812 1519 ei
825 1512 834 1525 ,
854 1492 900 1528 qui
914 1498 973 1519 tum
988 1492 1108 1527 primum
1123 1500 1264 1519 conaretur
1284 1491 1394 1527 adipisci
1411 1492 1450 1519 rei
1462 1492 1664 1531 poffitffionem-¹

85 1529 177 1565 Itaque
189 1528 207 1556 fi
222 1529 332 1565 adeptus
348 1530 486 1563 amisisset,
505 1530 558 1559 hoc
572 1529 795 1566 nihiljuvabatur.

122 1565 264 1593 Retimndae
271 1567 417 1605 pffffiom's
429 1568 567 1597 interdic7a
580 1569 654 1598 fuere
673 1569 727 1596 duo
740 1589 748 1600 ‚
770 1577 826 1604 quae
839 1574 899 1595 tum
913 1565 1105 1603 usurpabantur
1116 1588 1125 1602 ‚
1146 1577 1207 1596 cum
1222 1567 1294 1595 inter
1309 1576 1355 1594 eos
1368 1588 1377 1600 ,
1397 1568 1443 1605 qui
1455 1567 1489 1596 de
1501 1569 1667 1606 proprietate

82 1603 189 1640 litigare
202 1604 340 1636 volebant,
360 1616 416 1634 non
430 1608 604 1635 conveniebat
618 1628 627 1639 ‚
646 1615 705 1634 uter
716 1607 858 1642 possideret
870 1616 876 1632 :
897 1615 981 1632 unum
996 1607 1035 1633 ad
1044 1616 1082 1632 rei
1094 1605 1232 1634 immobiles
1242 1606 1372 1642 pertinuit
1385 1624 1392 1636 ,
1413 1605 1528 1634 alterum
1542 1607 1579 1634 ad
1590 1608 1668 1636 mobi-

83 1642 127 1670 les.
155 1641 272 1670 Primum
288 1643 349 1672 fuit:
369 1645 418 1672 Uti
433 1654 474 1672 eas
486 1646 554 1672 aedes
565 1665 575 1678 s
593 1644 687 1682 quibus
700 1646 734 1671 de
748 1646 835 1681 agitur
845 1664 853 1676 ,
877 1653 926 1671 nec
939 1644 982 1674 vi,
1003 1654 1054 1672 nec
1071 1644 1138 1672 clam
1155 1666 1161 1677 ,
1183 1654 1233 1673 nec
1246 1644 1367 1681 precario
1381 1643 1447 1672 alter
1460 1645 1493 1672 ab
1505 1645 1589 1673 altero
1605 1646 1666 1683 posi

83 1680 172 1708 sideris
188 1701 195 1711 ‚
216 1690 270 1717 quo
284 1682 374 1709 minus
393 1682 430 1711 ita
441 1683 593 1720 possideatis
607 1703 614 1715 ‚
637 1681 756 1718 vimfieri
769 1690 833 1709 veto.
874 1684 936 1709 Hoc
949 1682 1073 1709 vincebat
1084 1703 1091 1713 ‚
1115 1684 1160 1720 qui
1174 1683 1309 1710 interdicti
1324 1690 1449 1718 tempore
1462 1684 1622 1718 poffidebat‚
1645 1684 1664 1713 fi

84 1719 171 1746 modo
183 1728 232 1746 nec
245 1720 272 1747 vi
284 1740 290 1751 ‚
307 1730 357 1748 nec
369 1719 437 1748 clam
446 1742 453 1753 ,
474 1731 524 1749 nec
537 1721 657 1758 precario
670 1721 761 1748 metus
774 1727 831 1748 erat
844 1719 876 1747 ab
890 1719 1038 1747 adversario
1051 1721 1247 1756 possessionem.
1278 1720 1434 1747 Secundum:
1454 1721 1545 1749 Utribi
1558 1721 1604 1750 hic
1616 1722 1666 1750 ho-

83 1766 147 1788 rno,
167 1765 222 1793 quo
236 1758 269 1785 de
281 1760 381 1795 agitur,
402 1760 508 1796 majore
520 1768 594 1796 parte
605 1759 683 1795 hujus
699 1760 760 1786 anni
771 1758 838 1789 fuit5
859 1766 914 1795 quo
926 1759 1016 1786 minus
1029 1767 1092 1786 cum
1106 1760 1200 1792 ducas,
1218 1759 1275 1787 vim
1288 1759 1346 1786 fieri
1359 1766 1432 1786 veto.
1452 1760 1516 1787 Hoc
1524 1761 1663 1793 vincebat,

83 1794 129 1833 qui
142 1795 246 1831 majore
258 1804 332 1831 parte
345 1798 408 1825 anni
423 1798 477 1825 fine
488 1798 556 1825 viiio
570 1798 727 1833 possederat.

120 1833 290 1861 Interdiffi‘um
300 1836 465 1868 recuperanda
471 1835 616 1872 poffeffionis
626 1835 787 1864 reddebatur
798 1836 850 1866 eis,
872 1834 917 1872 qui
931 1834 957 1862 vi
971 1835 1070 1871 dejecti
1083 1835 1165 1865 essent
1179 1837 1212 1865 de
1219 1836 1376 1873 possessione
1390 1833 1480 1867 fundi,
1501 1835 1662 1866 velaedium:

83 1880 170 1908 neque
183 1873 256 1899 enim
271 1873 386 1908 dejectio
400 1874 436 1901 est
449 1874 482 1902 de
494 1874 570 1902 rebus
584 1874 742 1905 mobilibus,
755 1884 818 1901 cum
832 1874 860 1901 in
876 1883 917 1901 cas
931 1873 1002 1901 aCtio
1015 1874 1046 1901 sit
1060 1874 1102 1902 vel
1114 1874 1178 1902 furti
1187 1875 1243 1905 ,vel
1258 1876 1284 1902 vi
1297 1874 1434 1901 bonorum
1447 1882 1599 1910 raptorum,
1621 1876 1663 1904 Vis

81 1918 173 1937 autem
184 1910 280 1946 duplex
288 1910 350 1943 fuit,
370 1921 430 1939 vem
442 1914 466 1940 ἃ
470 1910 605 1950 simulata.
625 1916 695 1940 Vera
707 1914 773 1940 item
786 1912 899 1948 duplex,
920 1920 1039 1943 armata,
1061 1915 1087 1940 ὃς
1100 1911 1155 1949 sine
1165 1912 1254 1940 armis.
1275 1912 1455 1940 Interdictum
1469 1913 1503 1940 de
1520 1914 1547 1941 vi
1559 1922 1663 1944 armata

84 1947 150 1976 fuit:
170 1948 242 1974 Unde
254 1957 286 1975 tu
297 1949 369 1976 illum
383 1950 411 1977 vi
421 1949 540 1988 dejecisti,
559 1961 586 1978 eo
601 1950 674 1979 illum
685 1949 892 1988 restatuasjubeo.
911 1951 973 1977 Sine
987 1951 1081 1978 armis:
1101 1951 1174 1977 Unde
1188 1959 1220 1977 m
1231 1949 1305 1977 illum
1318 1949 1347 1977 iii
1359 1948 1480 1986 dejecisti,
1500 1961 1563 1980 cum
1575 1953 1621 1981 abs
1634 1960 1662 1981 te

83 1996 134 2014 nec
151 1985 192 2020 vi,
213 1996 262 2014 nec
273 1987 341 2014 clam
350 2008 359 2019 ‚
379 1998 429 2017 nec
441 1990 562 2025 precario
575 1990 730 2026 possideret,
750 1999 777 2015 eo
789 1988 863 2016 illum
875 1987 991 2026 testlluas
996 1986 1080 2022 jubeo.
1119 1988 1247 2016 Simulata
1260 1997 1352 2015 veram
1366 1989 1402 2016 est
1416 1988 1521 2019 imitata
1533 2011 1542 2024 ,
1562 1991 1658 2020 eadem

82 2024 166 2054 civilis
180 2027 206 2052 δ’.
223 2026 376 2062 quotidiana
390 2027 426 2054 est
441 2028 525 2059 dieta,
545 2035 576 2055 ut
587 2028 648 2064 post
657 2029 788 2055 dicemus.
1043 2062 1047 2066 .

124 2065 187 2101 Jam
199 2062 462 2092 vei·oimerd1c70rum
475 2066 524 2093 alia
525 2065 653 2104 fimplicm
668 2066 793 2097 fuerunt,
813 2064 863 2093 alia
873 2063 989 2100 duplicia.
1017 2062 1161 2099 simplicia,
1180 2065 1207 2092 in
1222 2065 1317 2102 quibus
1330 2065 1397 2095 alter
1409 2067 1501 2099 actor,
1523 2068 1591 2097 alter
1601 2078 1663 2099 reus

84 2101 136 2133 est,
158 2101 241 2139 qualia
253 2101 358 2130 fuerunt
370 2105 464 2132 omnia
474 2105 649 2136 restitutoria,
668 2112 712 2133 aut
725 2103 891 2133 exhibitoria.
920 2104 994 2131 Nam
1010 2103 1085 2131 ae'tor
1100 2104 1121 2131 is
1136 2103 1186 2136 est,
1207 2105 1253 2141 qui
1266 2105 1393 2133 desiderat
1406 2114 1451 2135 aut
1463 2105 1595 2140 exhiberi,
1615 2115 1663 2137 aut

85 2141 195 2168 restitui:
216 2150 276 2168 reus
287 2147 377 2168 autem
391 2143 427 2175 is,
447 2142 460 2170 ὲ
474 2153 528 2181 quo
540 2143 715 2175 desideratur,
736 2151 766 2172 ut
779 2143 911 2173 restituat,
932 2150 978 2170 aut
991 2141 1123 2170 exhibeat·
1149 2141 1313 2170 prohibitoria
1325 2143 1374 2171 alia
1387 2143 1531 2181 simplicia,
1550 2146 1599 2175 alia
1613 2147 1661 2174 du-

83 2179 160 2216 plicia
170 2186 253 2207 erant.
273 2179 410 2215 Simplicia
421 2181 502 2210 veluti
515 2192 578 2210 cum
593 2190 691 2219 praetor
702 2181 842 2218 prohibeat
856 2182 883 2208 in
896 2181 957 2208 loco
968 2180 1056 2211 sacro,
1076 2181 1118 2208 vel
1131 2181 1158 2208 in
1172 2181 1286 2209 flumine
1298 2182 1418 2220 publico,
1436 2185 1527 2220 ripave
1543 2186 1600 2222 ejus
1616 2185 1662 2213 ali-

84 2218 150 2255 quid
161 2217 226 2245 fieri.
266 2218 340 2245 Nam
353 2218 422 2246 affor
435 2220 471 2248 est
485 2221 529 2257 qui
543 2221 688 2253 desiderat,
709 2230 743 2248 ne
757 2221 820 2258 quid
835 2220 892 2248 fiat:
913 2229 969 2246 reus
982 2220 1026 2256 qui
1040 2219 1138 2257 aliquid
1153 2220 1239 2248 facere
1253 2228 1372 2249 conatur.
1410 2221 1540 2257 Duplicid,
1561 2223 1661 2252 veluti:

84 2260 130 2286 Uti
143 2255 283 2292 poffla'etis‚
299 2258 324 2285 &
335 2278 342 2289 ‚
355 2256 455 2285 Utrubi.
474 2259 539 2287 ldeo
547 2269 611 2287 vero
617 2259 724 2294 duplicia
732 2259 908 2291 vocabantur,
923 2259 982 2296 quia
989 2267 1035 2295 par
1045 2258 1179 2297 utriusque
1186 2258 1327 2297 litigatoris
1339 2261 1367 2289 in
1374 2259 1414 2289 his
1423 2262 1544 2290 conditio
1552 2263 1661 2294 est‚nec

85 2295 223 2334 quisquam
232 2296 363 2331 praecipue
375 2306 431 2323 reus
439 2297 480 2325 vel
490 2296 559 2324 ad'r'or
568 2298 737 2336 intelligitur‚
754 2297 798 2326 sed
807 2306 918 2335 uterque
931 2306 988 2325 tam
996 2297 1051 2330 rei,
1062 2307 1144 2336 quam
1153 2298 1250 2327 actoris
1260 2305 1348 2336 partes
1357 2299 1473 2328 sustinet.
1491 2300 1553 2334 Ufiaes
1566 2310 1659 2330 autem

83 2333 277 2361 imerduffwum
290 2332 426 2373 antiquus,
441 2344 503 2363 cum
513 2336 644 2365 ordinaria
651 2338 751 2373 judicia
762 2338 857 2369 essent,
870 2337 935 2367 t‘ui't,
949 2344 978 2365 ut
984 2345 1106 2373 primum
1115 2338 1148 2366 de
1155 2337 1310 2375 possessione
1322 2347 1460 2377 ageretur,
1477 2341 1504 2368 &
1512 2338 1543 2366 ad
1551 2339 1662 2375 interdi-⁴

83 2373 158 2401 etum
167 2371 372 2410 confugeretur,
384 2374 481 2402 deinde
493 2374 609 2414 dominii
621 2376 691 2406 actio
703 2377 890 2408 institueretur.
910 2378 974 2406 Haec
989 2374 1077 2404 ferme
1088 2375 1255 2416 Jtfiminnus
1268 2378 1297 2409 in
1306 2377 1527 2409 Institutionibus.
1551 2416 1576 2444 C

957 2416 1052 2453 PPPP
1071 2425 1088 2455 ²:
1596 2426 1614 2444 Α
1633 2427 1661 2448 ¹²⁵
