2075 2734
264 103 315 130 Da
335 99 471 132 Dii-:aus
494 104 643 135 Fceris,
666 100 738 132 Nou
757 111 874 131 ετΑτο
896 110 965 130 Aur
985 111 1100 132 can-ro
1121 102 1227 135 remp]
1245 115 1364 135 CELEB-
1405 107 1487 137 (ἴῃ.
1511 108 1552 146 ιγζ
1648 121 1701 151 ²99

153 152 308 182 'Ambarvale
323 152 490 191 sarificium,
509 155 546 183 ait
558 154 672 184 Seruius,
695 153 807 183 dicitur,
829 152 977 191 quodrarva
992 152 1093 182 ambiat
1106 155 1226 183 vidtima.
1266 158 1331 184 Haec
1346 157 1454 185 victima
1467 158 1521 186 five
1535 158 1618 188 hostia
1633 164 1701 189 Am-

114 191 226 222 bafflalis
238 192 382 220 dicebatur,
398 195 469 220 Sext,
485 193 642 229 pompejus3
663 188 837 218 Ambarvales
849 188 926 232 hosta
941 191 1152 227 appellabantur,
1173 203 1230 231 quae
1244 202 1294 229 pro
1308 195 1400 223 arvisa
1416 206 1447 223 xr
1457 206 1478 224 1.
1492 196 1616 225 fratribus
1624 198 1700 228 sacri-

115 230 267 260 ficabantur.
289 231 380 258 Idem:
399 230 562 258 Ambarvalis
578 231 661 258 hostia
674 229 723 260 est,
746 236 804 264 quae
817 229 857 255 rei
869 228 965 256 dwiuae
979 230 1053 257 caula
1073 231 1175 258 circum
1190 241 1250 259 arva
1261 234 1380 265 ducitur,
1399 233 1484 266 abiis,
1506 237 1607 272 quipro
1615 237 1698 275 frugi-

114 269 162 297 bus
176 268 285 296 faciunt.
305 269 372 305 Qae
385 269 464 296 verba
479 270 559 297 etiam
574 268 587 295 a
600 266 708 295 Macrob.
721 266 767 293 lib.
778 276 801 302 3.
815 267 918 294 Sarurn.
931 276 988 303 cap.
999 278 1023 301 ς.
1039 270 1167 300 citantur,
1188 271 1232 307 qui
1248 271 1330 298 etiam
1344 271 1399 300 haec
1411 272 1499 301 addit:
1521 274 1608 310 Hujus
1622 276 1699 304 sacri.

115 307 169 337 ficii
183 308 352 335 mentionem
368 306 454 345 Virgil.
465 308 494 336 in
507 306 635 334 Bucolicis
647 305 740 336 habet,
763 304 808 331 ubi
820 304 854 331 de
867 304 1002 345 apotheofi
1018 305 1165 342 Daphnidis
1177 307 1311 345 loquitur:

422 348 480 372 Hac
490 343 538 372 tibt
543 346 639 380 semper
652 351 725 371 erunt
733 363 740 374 ‚
761 341 803 375 ξς
813 351 868 370 cum
874 343 988 377 ftlenma
1000 352 1060 371 vota

423 383 564 409 Reddemus
578 382 698 418 Nymphis
708 402 714 413 ,
735 380 776 413 ζῇ·
789 390 844 407 cum
860 379 1018 419 lustrabimus
1031 392 1110 420 agros.
1391 404 1393 407 .

153 421 208 449 Ubi
221 420 327 459 lustrare
339 419 467 458 fignificat
481 421 600 448 circuire.
619 422 690 448 Hinc
703 421 778 447 enim
793 418 916 447 videlicet
932 422 958 448 ὃς
973 429 1075 448 nomen
1089 419 1178 447 hostiae
1192 421 1347 457 acquisitum
1363 425 1399 452 est
1414 424 1445 452 ab
1460 424 1609 454 ambiendis
1616 427 1694 454 arvis.

114 460 240 488 Haecille.
261 461 393 487 Caeterum
408 457 460 485 hoc
474 457 810 496 sacrumitaperagebatur.
831 457 975 490 Vistimas,
996 458 1069 486 suem
1078 457 1191 491 scilicet,
1212 462 1458 493 ovem&taurum,
1478 466 1696 491 undeSuonetau-

112 496 173 524 rilm
186 499 211 526 id
225 497 378 524 sacrificium
392 495 584 532 appellabatur,
605 498 715 525 maturis
728 496 849 534 frugibus
862 503 904 524 ter
916 497 1018 524 circum
1033 506 1095 525 arva
1108 496 1253 527 ducebant,
1274 499 1420 536 omnesque
1434 501 1491 537 post
1507 501 1650 531 clamantes
1659 502 1696 530 se-

114 535 274 571 quebantur:
295 543 327 561 ex
341 535 434 571 quibus
446 544 513 564 unus
525 545 625 572 querna
636 545 736 563 corona
748 541 872 566 ornatus,
893 543 956 562 cum
973 534 1073 563 solenni
1088 534 1226 562 saltatione
1240 537 1392 571 composito
1405 539 1524 566 carmine
1541 541 1631 567 Cereri
1646 540 1692 568 de-

113 573 254 601 cantabant
266 571 368 600 laudes:
388 583 418 600 ac
432 574 571 610 postquam
588 575 666 606 vino,
688 577 715 602 &
726 573 794 601 ladie
802 572 935 605 libassem,
954 581 1097 616 antequam
1105 572 1195 616 fruges
1203 580 1351 605 meterent,
1371 583 1481 610 porcam
1491 578 1583 605 Cereri
1593 579 1694 606 immo-

112 609 209 639 labant.
228 609 360 638 Discimus
373 611 425 639 hoc
440 621 471 639 ex
488 612 589 650 Vngilio
603 612 648 640 lib.
662 623 683 640 1.
700 612 914 649 Georgicorum,
936 609 981 638 ubi
996 615 1029 639 iic
1044 611 1148 641 icr1b1t5

188 648 286 675 Cumffa
298 647 345 674 nbi
359 653 474 676 Cererem
482 651 558 684 pubes
569 648 671 688 agrestis
683 651 784 681 adoret,
959 653 995 676 ,Et
1008 654 1125 676 Cererem
1137 649 1243 676 clamore
1258 657 1341 677 rotent
1354 659 1381 676 tn
1395 651 1461 678 [θεῖα
1469 664 1476 678 :
1495 663 1573 692 neque
1586 661 1646 680 ante

189 684 241 712 Cui
253 694 282 712 tu
293 685 453 722 lad'kfizvos,
475 688 516 721 Θ
528 688 588 716 min
597 689 664 715 dilue
675 689 781 721 Bacchei
960 687 1059 715 Falcem
1072 686 1182 715 maturis
1194 687 1327 726 quisquam
1334 690 1455 722 supponat
1469 690 1549 723 ariſs’ts
1557 712 1563 723 ,

186 728 285 762 Terque
296 735 372 751 novas
385 735 475 754 circum
482 726 549 763 jelix
563 735 605 754 eat
617 724 693 764 hostia
701 726 801 764 fruges,
954 730 1043 765 Qum
1057 725 1145 752 Cereri
1157 734 1224 752 torta
1238 725 1372 752 redrmitus
1384 735 1492 761 tempora
1506 737 1595 766 quercu
1604 750 1611 760 ,

187 764 277 789 omnir
294 773 373 800 quam
383 764 467 791 chorus
480 765 521 798 <9⁶
527 764 588 800 socii
599 772 749 792 comttentur
761 771 878 793 ovantes,
958 769 1010 792 Det
1023 772 1104 791 motus
1114 762 1277 801 incompofitos
1282 784 1291 796 ,
1311 763 1353 797 (⁶5¹
1366 765 1478 793 carmina
1489 767 1571 798 drcar,
1591 766 1651 798 &a

148 799 313 828 Ambarvalia
327 801 408 830 etiarn
420 807 445 830 T
443 802 533 830 ibullus
545 803 590 830 lib.
604 813 628 830 2.
642 802 726 840 elegia
746 814 766 831 ι.
781 803 886 830 videtur
899 802 1061 834 describere,
1082 802 1117 830 fic
1131 802 1267 838 incipiens.

416 841 537 880 Qtfiluis
549 840 630 876 adest,
645 842 753 876 favent:
765 840 854 877 fruges
868 839 1016 877 lustramus,
1036 840 1076 873 ᾧ
1089 849 1174 877 agros,

475 878 550 905 Ritus
562 887 591 905 ut
605 878 625 906 ὰ
635 880 708 914 prtfio
721 877 833 906 traditus
846 887 921 905 extat
935 889 992 906 avo.

418 917 511 943 Bacche
526 927 583 944 vem
591 939 597 949 ,
616 916 741 955 dulcisque
754 916 806 943 ruis
816 915 829 942 ἑ
839 916 951 944 cornibus
961 926 1012 944 uva

476 956 602 988 Pendeat,
623 956 664 987 (ς’
668 957 741 990 Jp1cts
751 963 862 989 tempora
873 953 943 993 cinge
957 958 1047 986 Ceres,
1066 953 1127 987 &a

148 993 249 1020 Caetera
256 1002 288 1020 ex
296 992 352 1029 ipso
360 992 457 1021 Tibullo
464 1001 533 1030 pete.
554 995 652 1031 Neque
659 1002 724 1021 vero
731 993 783 1021 hoc
790 992 947 1021 sacrificium
956 992 970 1020 a
978 993 1078 1021 rusticis
1086 1000 1192 1020 tantum
1201 992 1280 1022 fiebat
1287 1014 1295 1025 ,
1310 991 1354 1021 fied
1363 995 1389 1022 ὃ(
1397 992 1410 1022 ὲ
1419 996 1550 1024 Romanis
1559 996 1623 1025 fines
1631 998 1689 1035 agri

111 1031 230 1058 Romani
238 1031 412 1063 lustrantibus,
421 1033 541 1069 quiinter
548 1033 671 1069 quintum
682 1034 708 1061 8<
716 1031 819 1059 sextum
828 1031 953 1068 lapidem,
961 1038 989 1059 ut
997 1031 1092 1059 author
1099 1031 1135 1058 est
1141 1029 1229 1058 Strabo
1237 1032 1253 1059 1.
1265 1038 1287 1067 5.
1295 1039 1380 1064 erant,
1389 1035 1461 1070 quod
1470 1033 1571 1062 sacrum
1582 1035 1689 1063 Amban

108 1068 186 1100 valia,
194 1076 223 1097 ut
231 1069 326 1106 inquit,
334 1070 474 1101 vocabant,
482 1071 563 1107 quod,
571 1071 668 1108 opinor
675 1071 776 1098 circum
786 1071 841 1108 agri
849 1070 968 1097 Romani
975 1071 1106 1097 terminos
1113 1068 1215 1097 sacrum
1225 1069 1310 1098 fieret.
1327 1071 1457 1098 Adrianus
1465 1072 1591 1099 Turnebus
1598 1074 1642 1101 lib.
1650 1076 1690 1102 18.

109 1106 328 1136 Adversariorum
338 1118 394 1145 cap.
406 1119 415 1136 1
421 1119 444 1144 7.
457 1110 545 1145 Atque
552 1109 612 1137 huic
619 1107 693 1136 {acro
702 1113 804 1136 Fratres
811 1108 908 1135 arvales
915 1115 1051 1144 praeerant,
1060 1108 1104 1144 qui
1112 1109 1144 1134 ad
1152 1107 1205 1135 hoe
1213 1109 1294 1136 creati
1302 1115 1385 1139 erant,
1393 1117 1422 1136 ut
1430 1111 1560 1138 terminos
1568 1113 1623 1148 agri
1632 1113 1688 1139 Ro-

108 1145 182 1172 mani
193 1146 378 1173 suovetaurilia
384 1146 597 1175 circumferrent.
610 1151 631 1174 V
636 1148 679 1174 ide
684 1147 810 1181 Joftphum
816 1145 969 1182 &aligerum
976 1145 1197 1182 Castigationibus
1204 1147 1230 1173 in
1240 1147 1344 1173 Festum
1355 1168 1363 1178 ‚
1377 1148 1408 1174 ad
1418 1157 1513 1175 rocem
1522 1149 1690 1177 Amtermini.

148 1183 197 1210 Sed
212 1186 239 1211 δε
255 1184 457 1212 Patresfamilias
470 1184 646 1221 unusquisque
659 1186 686 1211 in
697 1193 762 1220 agro
776 1183 836 1214 fiio,
857 1184 922 1210 fines
933 1182 1009 1210 fundi
1022 1182 1239 1210 suovetaurilibus
1250 1183 1385 1215 lustrabat,
1407 1194 1486 1221 quam
1502 1185 1687 1215 lustrationem

109 1219 145 1246 ita
160 1219 284 1247 describit
303 1225 367 1247 Cato
388 1230 445 1257 cap.
465 1231 522 1255 14¹·
544 1223 577 1248 de
591 1231 620 1248 re
637 1222 742 1248 Rustica
755 1232 760 1247 :
789 1224 892 1258 Agrum
906 1221 1013 1248 lustrare
1028 1220 1061 1247 fic
1074 1228 1191 1256 oportet.
1223 1222 1329 1256 Impera
1341 1223 1526 1249 Suaremurilia
1542 1225 1688 1262 circumagi

109 1266 172 1284 curn
193 1258 261 1285 divis
280 1258 441 1289 volentibus,
461 1259 587 1296 quodque
600 1259 669 1286 bene
681 1259 798 1292 eveniat,
820 1259 920 1286 mando
935 1258 984 1285 tibi
999 1259 1087 1288 Mani,
1106 1265 1135 1285 ut
1148 1257 1191 1285 illa
1202 1257 1402 1290 Stcovetaurilia,
1423 1259 1553 1292 fundum,
1573 1271 1686 1299 agrum,

105 1301 260 1332 terramque
274 1305 363 1323 meam
372 1316 378 1327 ‚
400 1305 481 1333 quota
494 1306 526 1324 ex
539 1304 627 1333 parte,
647 1297 700 1324 five
708 1297 854 1333 circumagi
865 1297 916 1324 five
929 1296 1140 1324 circumferenda
1153 1295 1269 1325 censeas,
1289 1297 1328 1324 uti
1343 1305 1418 1324 cures
1430 1297 1547 1325 lustrare:
1567 1301 1665 1336 Janum
1676 1320 1685 1332 ,

106 1333 260 1369 Jovcmque
280 1333 337 1360 rino
350 1334 492 1370 prajamino
511 1334 562 1362 iic:
589 1339 662 1361 Mars
683 1338 760 1361 Pater
780 1343 805 1361 te
820 1344 904 1368 precor
916 1355 924 1366 ‚
952 1334 1091 1371 quaesoquc
1106 1354 1113 1365 ,
1142 1334 1181 1361 uti
1202 1334 1248 1361 lies
1268 1334 1372 1365 volens,
1392 1336 1522 1371 propitius
1537 1337 1618 1368 mihi,
1637 1339 1687 1366 do„

107 1379 172 1402 mo,
193 1371 354 1409 familiaeque
367 1373 474 1403 nostrae,
494 1372 589 1409 quojus
603 1373 642 1399 rei
656 1381 720 1409 ergo
728 1381 839 1409 agrum,
853 1380 952 1400 terram
963 1391 970 1400 .
987 1371 1154 1408 fundumque
1163 1380 1255 1398 meum
1264 1372 1448 1399 Suovemunlm
1455 1374 1666 1411 circumagijuffi
1675 1396 1683 1408 ‚

105 1408 144 1434 uti
159 1418 187 1437 tu
203 1411 313 1437 morbos
328 1409 408 1439 visos,
430 1410 590 1447 invisosque,
611 1410 784 1441 viduitatem,
807 1410 1062 1446 vastitudinemque,
1082 1409 1243 1436 calamitates
1253 1429 1259 1440 ‚
1280 1410 1502 1447 intemperiasque
1512 1412 1683 1447 prohibessis,

103 1445 243 1478 defendas,
265 1446 486 1484 aven-uocesque,
506 1449 598 1485 utique
612 1455 639 1475 tu
653 1447 756 1484 fruges,
777 1447 926 1479 frumenta,
947 1447 1047 1478 vineta,
1068 1447 1233 1483 virgultaque
1245 1447 1383 1484 grandire,
1404 1447 1524 1486 beneque
1537 1451 1681 1478 evenirefi-

103 1492 158 1510 nas.
181 1486 310 1516 Pastores‚
330 1494 465 1522 pecuaque
476 1485 546 1514 salva
558 1486 687 1517 iervaffis,
708 1485 816 1522 duisque
829 1485 929 1512 bonam
945 1484 1068 1516 salutem,
1090 1484 1321 1521 valetudinemque
1331 1485 1410 1515 mihi,
1431 1487 1517 1514 domo
1525 1487 1685 1525 familiaeque

104 1522 206 1549 nossrae.
233 1525 369 1551 Harumce
380 1533 471 1550 rerum
487 1533 564 1561 ergo,
589 1524 678 1555 fundi,
699 1532 788 1555 terrae,
809 1524 918 1560 agrique
933 1524 988 1550 mei
1000 1523 1139 1554 lustrandi,
1160 1522 1284 1560 lusti-ique
1298 1523 1413 1551 faciundi
1428 1533 1506 1561 ergo,
1526 1526 1599 1552 sicuti
1613 1527 1684 1560 dixi,

107 1560 197 1586 macie
210 1560 280 1587 histe
292 1560 506 1588 ,ruffam-ilibus
519 1562 675 1590 lactentibus
689 1562 862 1590 immolandis
876 1563 938 1589 esto.
959 1563 1030 1589 Mars
1043 1570 1118 1597 pater
1131 1561 1250 1597 ejusdem
1265 1562 1303 1588 rei
1316 1570 1395 1598 ergo,
1418 1563 1505 1588 macte
1517 1562 1584 1590 hisce
1590 1562 1689 1590 Suovess*

109 1596 242 1624 murmbus
255 1597 411 1626 lactentibus
425 1600 487 1626 ello.
508 1601 578 1627 Item
588 1601 673 1628 cultro
681 1600 762 1627 facito
770 1601 866 1627 struem
876 1620 884 1631 ‚
904 1602 930 1627 δε
940 1599 1055 1626 feretum
1065 1600 1102 1626 uti
1114 1599 1201 1626 adfiet.
1222 1600 1287 1626 Inde
1295 1599 1452 1626 obmoveto.
1461 1600 1622 1637 ubiporcam
1632 1603 1683 1629 im-

108 1635 235 1668 molabis,
254 1645 354 1673 agnum
363 1658 371 1669 ‚
389 1637 557 1674 vitulumque
570 1638 604 1665 slC
617 1646 733 1674 oportet.
756 1638 871 1675 Ejusque
884 1639 922 1665 rei
936 1646 1002 1674 ergo
1017 1637 1105 1664 maete
1118 1636 1188 1664 hisce
1201 1636 1413 1664 Suoretaurilrbus
1427 1638 1598 1666 immolandis
1611 1640 1681 1671 esto,

106 1674 249 1701 nominare
265 1682 335 1702 vetat
349 1677 481 1706 Martem,
501 1685 587 1712 neque
599 1685 699 1713 agnum
713 1676 888 1713 vitulumque.
907 1678 934 1704 Si
949 1676 1037 1703 minus
1049 1676 1076 1702 in
1091 1685 1185 1703 omnes
1193 1675 1292 1706 litabit,
1312 1675 1346 1703 fic
1355 1675 1433 1703 verba
1440 1677 1587 1713 concipite:
1607 1681 1682 1704 Mars

108 1715 189 1738 Pater
202 1733 209 1743 ,
229 1712 247 1739 fi
263 1713 327 1748 quid
343 1713 391 1741 tibi
403 1714 430 1740 in
444 1713 525 1741 illisce
543 1713 754 1741 Suozemurtlibus
769 1713 926 1743 laetentibus
940 1735 946 1745 ‚
972 1723 1058 1750 neque
1075 1713 1238 1741 satisfactum
1256 1714 1292 1741 est
1304 1733 1312 1743 ,
1341 1721 1369 1742 te
1383 1713 1451 1741 hisce
1471 1715 1682 1742 Suoretaurtlrbus

106 1749 220 1785 piaculo.
262 1751 287 1777 Si
300 1760 354 1779 uno
366 1772 373 1783 ‚
394 1751 548 1789 duobusque
562 1752 723 1780 dubitaverit
733 1773 740 1784 ‚
760 1753 794 1780 iic
805 1753 884 1780 verba
899 1753 1053 1788 concipito,:
1070 1757 1143 1779 Mars
1156 1756 1235 1779 Pater
1247 1773 1254 1784 ‚
1276 1753 1349 1789 quod
1360 1752 1408 1779 tibi
1420 1752 1482 1780 illoc
1496 1762 1580 1789 porco
1594 1762 1680 1790 neque

104 1787 267 1817 fitisffietum
281 1790 331 1820 est,
353 1797 380 1817 te
393 1789 444 1817 hoc
457 1800 540 1827 porco
551 1790 664 1826 piaculo.
705 1793 768 1819 Haec
781 1795 853 1818 Caro.

146 1827 243 1858 Porca,
264 1826 320 1864 qu'ae
333 1833 356 1855 C
355 1838 417 1854 erert
431 1837 492 1855 ante
506 1829 617 1855 melscm
632 1829 741 1856 maCtari
754 1829 868 1859 solebat,
889 1828 1026 1858 dicebatur
1040 1827 1196 1856 Pracidanea
1206 1837 1291 1862 porca,
1313 1830 1385 1865 quod
1400 1831 1470 1856 Sext,
1479 1828 1623 1864 pompejus
1631 1829 1679 1857 do.

105 1870 148 1891 cet
162 1863 201 1890 his
215 1865 312 1893 verbis:
334 1866 489 1893 Praeadanea
501 1877 567 1904 agna
581 1867 738 1899 vocabatur,
759 1877 816 1904 quae
828 1875 890 1895 ante
897 1867 957 1895 alias
964 1867 1120 1895 caedebatur.
1140 1867 1209 1894 Item
1219 1875 1298 1902 porca
1307 1887 1314 1897 ,
1335 1877 1392 1903 quae
1406 1867 1497 1893 Cereri
1512 1867 1678 1895 mactabatur

105 1901 138 1928 ab
148 1911 197 1933 eo,
217 1904 262 1939 qui
274 1912 383 1932 mortuo
395 1905 461 1940 justa
470 1915 523 1933 non
540 1905 653 1936 fecisset,
674 1905 699 1932 id
714 1906 764 1937 est,
784 1906 890 1943 glebam
911 1914 967 1933 non
980 1906 1130 1941 objecisset:
1151 1906 1221 1941 quod
1232 1914 1291 1931 mos
1299 1914 1353 1932 erat
1361 1906 1397 1932 eis
1404 1904 1500 1936 facere,
1523 1904 1677 1941 priusquam

106 1949 188 1967 novas
200 1940 287 1977 fruges
299 1943 478 1978 praeciderent.
505 1944 629 1971 Sacrificii
643 1943 720 1978 hujus
726 1952 801 1978 porca
808 1943 959 1978 praectdanee
971 1943 1117 1971 formulam
1133 1941 1200 1970 hanc
1213 1942 1291 1969 habet
1303 1947 1367 1969 Caro
1383 1951 1438 1978 cap.
1457 1953 1465 1969 1
1475 1952 1515 1977 ³4-
1531 1943 1564 1970 de
1577 1951 1605 1971 re
1621 1944 1677 1971 Ru-

105 1978 179 2005 stica:
202 1979 354 2016 Priusquam
370 1982 480 2008 messem
496 1980 585 2011 facies,
608 1991 717 2018 porcam
726 1983 906 2016 practdanerrm
925 1982 978 2008 hoc
993 1982 1078 2008 modo
1093 1980 1149 2007 fieri
1162 1988 1277 2016 oportet.
1297 1982 1390 2007 Cereri
1403 1989 1483 2016 porca
1497 1981 1676 2016 praecidanea,

105 2024 216 2052 porcam
223 2016 372 2052 foeminam,
391 2019 541 2056 priusquam
550 2018 890 2056 hascefrugescondantur‚
910 2019 963 2050 far,
984 2020 1119 2048 triticum,
1141 2017 1288 2049 hordeum,
1310 2017 1412 2049 fabam,
1432 2018 1522 2046 iernen
1530 2019 1677 2055 rapiciurn,

105 2053 197 2085 thure,
211 2056 290 2087 vino,
305 2058 388 2093 Jano,
401 2059 477 2094 Jovi,
492 2059 592 2096 Junoni
607 2057 725 2094 praefato.
747 2057 899 2094 Priusquam
907 2066 1008 2091 porcam
1014 2055 1149 2092 stt-minam
1164 2054 1331 2087 immolabis,
1351 2058 1421 2093 Jano
1436 2056 1533 2083 struem
1550 2066 1682 2091 commo-A

103 2099 167 2120 veto
181 2093 227 2120 iic:
243 2095 309 2131 Jane
324 2095 412 2123 Pater,
425 2102 452 2122 te
463 2095 512 2123 hac
524 2096 591 2124 strue
605 2095 805 2124 commovenda
817 2095 900 2122 bonas
911 2104 1003 2131 preces
1015 2103 1109 2132 precor
1118 2115 1124 2124 ‚
1139 2095 1179 2122 uti
1193 2093 1239 2120 sies
1247 2093 1472 2130 volenspropitius
1480 2094 1560 2123 mihi¹
1576 2094 1676 2123 liberis-

100 2138 153 2167 que
169 2132 251 2163 meis,
264 2132 364 2163 domo,
377 2132 534 2170 familiaeque
548 2144 614 2161 mae
629 2134 731 2161 mactus
745 2134 796 2161 hoc
809 2132 905 2162 fereto.
925 2133 1048 2160 Ferffim
1063 2133 1126 2170 Jovi
1138 2139 1264 2163 moveto,
1278 2134 1305 2160 &
1320 2132 1438 2160 mactato
1449 2151 1457 2165 .
1470 2132 1515 2160 fic:
1532 2134 1639 2170 Jupiter
1648 2140 1675 2160 te

101 2168 155 2196 hoc
169 2170 254 2197 ferc'to
267 2170 440 2197 obmovendo
454 2171 534 2199 bonas
542 2181 632 2208 preces
640 2182 748 2209 precor,
769 2171 862 2199 utifies
870 2171 961 2199 volens
968 2171 1097 2207 propitius
1108 2169 1175 2197 mihi
1185 2190 1192 2201 ‚
1212 2169 1350 2207 liberisque
1358 2171 1438 2202 meis,
1459 2171 1545 2198 domo
1554 2171 1673 2198 ramilis:-

102 2215 155 2243 que
170 2217 236 2235 mex
249 2209 352 2235 mastus
365 2207 417 2236 hoc
431 2209 523 2237 ferCto.
544 2211 633 2238 Postea
644 2213 713 2248 Jano
729 2212 820 2237 vinum
836 2211 898 2238 dato
912 2209 958 2237 fiet
979 2213 1043 2241 June
1051 2212 1144 2240 Pater,
1164 2208 1203 2236 uti
1211 2216 1238 2235 te
1245 2209 1312 2236 strue
1319 2209 1518 2236 commovenda
1525 2209 1607 2237 bonas
1615 2219 1679 2245 pre-b

103 2254 146 2272 ces
160 2245 226 2273 bene
241 2256 360 2283 precatus
374 2246 448 2279 sum,
467 2247 585 2282 ejusdem
598 2250 636 2276 rei
650 2258 715 2286 ergo
729 2248 817 2275 macie
832 2250 895 2276 vino
907 2247 1004 2275 inferio
1014 2248 1077 2275 esto,
1098 2245 1298 2284 PosteaJovific
1330 2251 1429 2281 Jupiter
1436 2247 1517 2273 macie
1524 2248 1604 2284 jez-{lo
1611 2246 1673 2284 esto,

103 2285 184 2310 maHe
197 2295 254 2311 vino
267 2287 353 2320 mjerro
367 2283 422 2321 esto.
453 2285 543 2312 Postea
552 2295 661 2321 porcam
675 2287 866 2324 praecidaneam
881 2285 1033 2313 immolato.
1061 2283 1113 2312 Ubi
1125 2292 1185 2312 exta
1198 2283 1317 2320 profesta
1329 2291 1405 2312 erunt
1417 2296 1422 2312 :
1443 2286 1479 2313 ita
1490 2287 1560 2322 Jano
1575 2286 1674 2312 struem

102 2331 293 2355 commovero,
315 2324 484 2360 mactatoque
496 2324 563 2350 item
576 2325 614 2351 uti
627 2326 699 2361 prius
713 2325 880 2352 obmoveras.
899 2325 961 2361 Jovi
973 2325 1040 2351 item
1055 2322 1169 2350 feretum
1184 2322 1333 2351 obmoveto
1345 2323 1514 2360 maCtatoque
1522 2325 1629 2360 utprius
1638 2322 1675 2350 fe—

101 2369 180 2389 ceras.
199 2362 270 2389 Item
302 2370 352 2388 ano
367 2362 459 2388 vinum
469 2361 546 2391 dato,
568 2364 594 2389 ὃ(
604 2364 667 2399 Jovi
676 2363 767 2390 vinum
777 2363 840 2390 dato
849 2384 856 2394 ,
876 2363 912 2390 ita
919 2362 1036 2398 utiprius
1043 2361 1136 2389 datum
1145 2360 1195 2388 fuit
1203 2361 1237 2388 ob
1246 2361 1344 2390 struem
1353 2361 1554 2389 obmovendam
1563 2382 1570 2392 ,
1586 2364 1611 2389 ὃς
1622 2361 1684 2387 fer--

100 2399 175 2428 &um
187 2399 339 2431 libandum,
359 2400 450 2438 postea
460 2399 552 2430 Cereri
565 2407 625 2430 exta
639 2403 666 2432 &
681 2402 774 2441 vinum
788 2401 861 2434 dato.
893 2400 1027 2431 Hactenus
1040 2403 1103 2468 lC)ato
1115 2411 1124 2425 .·
1141 2399 1210 2438 apud
1226 2409 1308 2439 quem
1323 2401 1526 2440 tamen'madus
1543 2407 1675 2465 perlpetuo

1071 2446 1088 2476 p
1108 2447 1124 2468 2
1597 2446 1679 2478 cgenffi
