2075 2734
387 120 444 151 5¹4
675 99 1705 138 AanumA-rumRomananuML12.v11.

387 156 598 188 redhibitionum
613 174 620 186 ‚
640 153 667 181 id
681 152 718 180 est
733 173 740 184 ‚
760 152 788 179 in
802 149 897 188 quibus
913 149 1040 187 agebatur
1055 150 1089 178 de
1103 150 1141 177 rei
1155 156 1287 185 corruptae
1302 147 1370 176 vitio
1382 167 1391 179 ,
1412 156 1494 185 quam
1508 148 1567 185 quis
1580 154 1626 176 aut
1639 149 1816 184 vendidisset,
1837 157 1882 181 aut
1899 153 1977 183 com2

388 194 530 226 mutasset,
551 193 679 221 dirimere
691 201 697 217 ·.
718 191 832 227 ideoque
849 188 893 215 ubi
908 187 1033 216 Kalendis
1046 186 1187 225 Januariis
1201 185 1377 224 magistratum
1397 186 1511 214 inierant
1525 206 1533 217 ‚
1553 195 1608 214 non
1623 186 1699 215 aliter
1711 196 1790 226 atque
1798 191 1909 225 pratortae's
1921 193 1976 222 edi-

388 234 466 262 etum
479 231 681 270 proponebant,
702 229 729 256 in
745 238 798 266 quo
811 227 1044 265 quemadmodum
1060 228 1093 255 de
1109 226 1215 263 lingulis
1227 224 1413 253 controversiis
1426 225 1468 261 jus
1482 224 1580 253 di&uri
1593 226 1676 254 essent
1690 244 1697 256 ‚
1718 227 1848 264 populum
1862 238 1976 265 praemo-

390 271 498 300 nebant.
518 270 598 298 Unde
614 269 683 306 apud
697 265 896 303 jurisconsultos
909 265 1046 303 peculiaris
1062 265 1153 293 titulus
1167 265 1203 292 est
1225 265 1258 291 de
1277 262 1377 291 additio
1389 263 1478 291 edissa.
1516 265 1609 292 Annus
1623 273 1677 301 quo
1692 264 1735 293 hic
1748 264 1908 304 magistratus
1919 270 1976 306 peti

389 310 506 340 dolebat,
527 316 597 339 erat,
619 315 648 335 ut
662 306 791 343 colligunt
806 304 880 332 Paul.
895 302 1043 336 Manutius,
1064 303 1141 333 &alii
1151 324 1159 335 ‚
1179 312 1268 331 xxxv¹
1279 313 1299 330 1.
1327 303 1414 339 Atque
1426 301 1481 330 haec
1494 302 1528 330 de
1540 301 1648 329 edilibus
1660 302 1793 331 curulibus.

433 351 475 376 De
489 345 600 374 aedilzbus
611 344 754 373 Cerealibus
766 352 848 381 pauca
857 364 864 375 ‚
884 352 941 380 quae
957 343 1120 370 admoneam
1129 363 1135 375 ‚
1147 341 1240 370 habeo.
1260 339 1375 381 Cereales
1389 341 1468 374 dieti,
1490 341 1564 379 quod
1577 340 1681 374 Cereri,
1701 341 1753 369 hoc
1767 342 1818 373 est,
1839 341 1976 374 frumento

392 386 505 424 praesmt.
526 385 560 412 Et
574 385 694 420 primum
711 382 724 411 ὲ
738 384 800 418 Cajo
812 380 880 415 Julio
891 382 985 416 Ceſsare
999 381 1123 412 instituti,
1145 383 1173 410 &-
1184 390 1216 409 ex
1226 386 1341 414 patrum
1354 380 1435 407 creati
1451 379 1523 412 sunt,
1539 388 1610 408 anno
1624 379 1656 407 ab
1671 380 1746 408 Urbe
1759 381 1868 409 condita
1883 392 1979 413 nccrx.

395 424 479 453 Testis
494 423 530 451 est
542 421 677 450 Suetonius
690 419 857 460 Tranquillus
869 439 876 451 ‚
899 429 962 447 cum
978 420 1005 448 in
1018 419 1092 458 Julio
1105 418 1193 447 scribit
1207 429 1212 445 :
1228 425 1361 453 pratorum
1375 438 1382 449 ‚
1401 416 1510 446 adilium
1523 440 1532 451 ‚
1552 417 1697 457 quaestorum
1711 440 1719 451 ,
1740 419 1880 447 minorum
1895 422 1979 451 etiam

393 461 589 499 magistratuum
603 469 747 489 numerum
762 458 910 495 ampliavit.
930 459 964 486 Et
977 462 1028 487 Dto
1040 457 1140 495 lib.43.
1159 458 1204 495 qui
1219 456 1297 493 paulo
1313 456 1404 496 clarius
1418 456 1534 494 idipsum
1551 458 1647 490 docet,
1667 457 1702 485 sic
1716 456 1831 485 scribens
1845 468 1850 484 z
1871 459 1978 488 Eodem

394 510 467 529 anno
480 501 571 537 primo
585 498 628 528 sex
641 498 720 526 ediles
736 497 796 525 sunt
809 496 945 526 constituti
958 516 965 528 ,
985 497 1040 524 duo
1048 495 1151 532 patritii
1165 517 1174 528 ,
1193 495 1240 533 qui
1253 497 1353 521 Cerem
1367 494 1446 523 adiles
1462 502 1637 528 vocarentur,
1659 503 1771 533 quatuor
1779 495 1877 531 plebeji.
1898 497 1978 535 Isque

393 548 456 569 mos
471 539 504 566 ad
520 538 637 566 nostram
651 536 733 575 usque
746 544 853 565 aetatem
867 535 964 563 exinde
974 535 1118 572 perdufius
1132 535 1168 562 est
1182 555 1189 567 ,
1209 535 1262 563 &c-
1289 535 1354 562 Haec
1368 533 1412 562 ille
1424 555 1432 567 ‚
1452 543 1509 572 quae
1522 534 1604 573 etiam
1617 534 1762 564 confirmat
1776 533 1925 570 Pomponius
1935 537 1979 573 ju·v

395 576 544 615 ristonsult.
558 576 586 606 ff.
601 578 644 606 tit.
659 576 694 605 de
707 575 812 612 origine
824 574 899 612 juris.

1052 651 1076 680 C
1104 661 1122 679 A
1148 660 1172 678 Ρ.
1210 649 1306 678 XXV
1315 650 1339 678 1.·

549 746 558 755 ,
897 719 949 754 De
964 718 1152 755 curatoribus
1169 719 1305 752 omnium
1322 716 1467 754 tribuumi

461 808 576 830 aratores
590 799 704 829 tribuum
716 805 807 834 erant,
829 801 875 838 qui
888 799 1003 828 tribuum
1016 800 1165 828 commoda
1179 805 1355 836 procurarent
1366 819 1375 830 ,
1396 799 1509 835 perinde
1524 805 1604 836 atque
1617 799 1645 828 in
1659 800 1725 828 vicis
1738 799 1849 827 vicorum
1862 798 1931 838 magi
1950 801 1984 830 ri.

481 841 584 868 Eorum
600 839 730 866 Terentius
747 843 824 867 Varro
837 839 917 876 lib.5.
934 839 968 866 de
981 837 1071 876 lingua
1087 839 1181 866 Latina
1199 837 1339 869 meminit,
1359 838 1387 864 in
1402 838 1558 865 recitatione
1571 838 1733 870 verborum,
1754 847 1812 875 quae
1825 838 1890 867 dicit
1904 839 1984 873 censor

394 879 526 914 praeconi,
546 878 703 906 conditurus
716 878 829 905 lustrum
842 888 848 905 ι
868 879 975 904 Omnes
988 875 1099 915 qmrites
1112 897 1119 908 ‚
1139 876 1241 914 pedites
1253 896 1261 907 ‚
1281 882 1399 903 armatos
1412 895 1418 905 ‚
1438 875 1608 913 privatosque
1621 898 1628 908 ‚
1648 884 1773 904 curatores
1792 878 1919 904 omnium
1932 876 1983 904 tri-

395 914 491 948 buum,
511 916 563 943 five
577 917 635 953 quis
646 925 696 952 pro
710 915 750 948 se,
772 916 824 943 five
836 915 920 943 altero
934 916 991 943 dari
1007 915 1142 943 rationem
1156 915 1248 947 volet,
1267 922 1335 942 voca
1348 912 1471 941 inlicium
1484 913 1537 942 huc
1549 915 1582 942 ad
1596 924 1656 947 me,
1677 917 1732 945 &a
1756 915 1836 951 Apud
1847 914 1911 945 alios
1923 914 1984 950 scrif

396 961 489 991 ptores
502 963 559 983 non
573 954 648 983 facile
662 955 699 982 est
713 962 809 982 eorum
823 953 995 981 mentionem
1010 953 1140 981 invenire.

1044 1037 1069 1064 C
1089 1047 1107 1066 Α
1129 1047 1153 1065 ι’.
1193 1036 1343 1064 XXVII.

960 1103 1013 1137 De
1036 1104 1214 1138 triumviris
1238 1101 1433 1152 capitalibus.

408 1195 410 1197 ’
459 1185 579 1214 riumviri
592 1184 722 1221 capitales,
743 1186 789 1222 qui
804 1187 831 1214 ὃς
844 1181 960 1218 instari,
980 1182 1024 1210 stu
1037 1182 1131 1211 treviri
1142 1181 1275 1217 capitales,
1297 1193 1332 1211 eo
1345 1182 1418 1220 quod
1432 1189 1485 1210 tres
1499 1182 1550 1211 viri
1565 1182 1642 1211 fimul
1656 1184 1689 1212 ad
1699 1193 1797 1213 munus
1810 1183 1873 1214 illud
1886 1185 1988 1214 obeunss

477 1225 540 1252 dem
559 1232 713 1252 crearentur
725 1245 732 1256 ‚
759 1223 819 1252 sunt
840 1223 905 1250 dieti
920 1242 927 1253 ‚
956 1221 1064 1249 fuerunt
1079 1221 1316 1259 quemadmodum
1335 1220 1425 1249 scribit
1447 1220 1594 1256 Pomponius
1614 1220 1643 1249 ff.
1664 1223 1698 1250 de
1712 1223 1817 1260 origine
1836 1224 1901 1259 juris
1913 1245 1920 1256 ,
1942 1225 1989 1262 qui

399 1263 511 1290 carceris
523 1263 668 1290 custodiam
684 1262 826 1294 haberent,
846 1269 876 1289 ut
890 1269 953 1289 cum
970 1260 1148 1288 animadverti
1162 1266 1315 1296 oporteret,
1336 1260 1363 1287 id
1378 1260 1531 1287 interventu
1545 1268 1642 1287 eorum
1655 1260 1740 1288 fieret.
1767 1263 1875 1289 Horum
1883 1261 1949 1298 saepe
1957 1263 1988 1292 fit
2031 1287 2036 1291 .

398 1301 505 1329 mentio
516 1301 586 1337 apud
601 1300 707 1328 Livium
720 1322 729 1333 ‚
750 1300 894 1327 Ciceronem
910 1319 918 1331 ‚
940 1298 1066 1325 Plautum
1079 1318 1086 1329 ‚
1108 1300 1135 1326 δε
1148 1297 1222 1325 alios.
1261 1298 1350 1326 Creati
1369 1297 1429 1325 sunt
1442 1298 1565 1334 primum
1578 1317 1585 1328 ‚
1606 1305 1636 1326 ut
1650 1297 1778 1333 Onuphrio
1792 1298 1917 1327 Pan-minio
1930 1321 1938 1332 ,
1959 1303 1987 1330 δε

399 1337 513 1365 Huberto
527 1338 629 1366 Goltzio
644 1341 671 1366 in
686 1340 764 1367 Fastis
777 1338 877 1375 placet,
898 1337 930 1365 ab
945 1336 1019 1364 Urbe
1033 1336 1141 1364 condita
1152 1346 1222 1364 anno
1237 1346 1338 1364 cmxv.
1357 1336 1460 1363 Eorum
1475 1345 1530 1364 non
1544 1343 1650 1365 tantum
1666 1345 1736 1370 erat,
1757 1337 1796 1365 uti
1808 1346 1840 1366 ex
1853 1340 1987 1372 Pomponio

399 1377 550 1404 audivimus
565 1398 572 1409 ,
592 1377 694 1405 carceris
706 1376 841 1414 custodiam
856 1375 952 1403 habere
965 1396 972 1407 ‚
994 1374 1039 1402 sed
1052 1375 1135 1403 etiam
1155 1373 1332 1402 latomiarum.
1372 1374 1415 1402 Ad
1429 1374 1586 1402 columnam
1600 1376 1668 1403 item
1683 1376 1808 1403 Maeviam
1823 1397 1830 1408 ‚
1856 1384 1887 1405 ut
1901 1375 1986 1404 Cicero

400 1414 496 1447 docet,
517 1416 550 1442 de
565 1425 659 1443 eorum
674 1415 772 1443 scelere
787 1413 997 1452 cognoscebant,
1017 1413 1062 1449 qui
1077 1422 1141 1440 cum
1154 1413 1224 1440 cives
1239 1413 1359 1440 Romani
1372 1422 1428 1440 non
1440 1413 1536 1445 essent,
1556 1413 1584 1441 in
1592 1414 1667 1441 Urbe
1681 1412 1842 1442 habitarent:
1863 1424 1894 1443 ac
1908 1415 1941 1443 de
1949 1415 1988 1443 vi-

398 1451 482 1485 libus,
504 1456 530 1482 8<
544 1454 653 1489 abjectae
667 1461 773 1481 tantum
789 1453 952 1480 conditionis
969 1451 1123 1478 hominibus
1138 1471 1144 1482 ‚
1164 1458 1193 1478 ut
1206 1451 1240 1479 de
1259 1450 1360 1478 furibus
1382 1453 1409 1479 ὃς
1425 1451 1504 1478 servis
1527 1461 1644 1488 nequam
1660 1472 1666 1482 ‚
1686 1452 1728 1486 jus
1750 1451 1875 1480 dicebant
1888 1473 1895 1484 ,
1922 1453 1988 1480 teste

398 1490 501 1523 Aſsonio
515 1493 543 1518 in
556 1493 768 1519 Divinationem.
788 1491 885 1518 Primis
896 1498 986 1518 autem
1001 1489 1183 1525 temporibus,
1205 1490 1286 1517 etiam
1296 1490 1329 1517 de
1343 1489 1399 1516 aliis
1413 1488 1549 1516 maleficiis
1561 1488 1717 1526 cognovisse
1730 1498 1776 1516 eos
1790 1490 1914 1517 nondum
1922 1500 1989 1518 con-

399 1528 495 1555 stitutis
506 1528 691 1564 quaestionibus
704 1529 828 1565 publicis,
849 1527 982 1565 colligitur
994 1536 1027 1554 ex
1041 1527 1133 1553 Plauto
1150 1528 1178 1554 in
1192 1527 1322 1559 Asinaria,
1344 1529 1371 1555 δι
1386 1529 1494 1553 Varrone
1506 1526 1576 1554 libro
1588 1536 1616 1562 4.
1629 1527 1663 1554 de
1675 1525 1765 1564 lingua
1772 1528 1882 1559 Latina,
1903 1529 1991 1565 quide

400 1564 556 1603 questoribus
576 1575 656 1603 agens
674 1566 763 1595 scribit
783 1565 908 1605 qua-flores
926 1566 940 1593 a
956 1565 1084 1603 quas-endo
1097 1585 1105 1596 ,
1127 1565 1172 1602 qui
1195 1566 1384 1602 conquirerent
1405 1564 1522 1601 publicas
1540 1565 1665 1601 pecunias
1679 1585 1687 1596 ,
1708 1568 1735 1592 &
1748 1564 1888 1592 :maleficia
1903 1585 1911 1597 ‚
1930 1575 1989 1603 quae

400 1603 532 1631 triumviri
549 1605 664 1639 capttales
684 1614 755 1633 nunc
776 1605 947 1642 conquirunt.
988 1603 1070 1640 Qud
1086 1611 1177 1631 autem
1192 1603 1266 1631 addit
1286 1601 1434 1637 Pomponius
1454 1602 1671 1630 animadversum
1686 1603 1713 1629 in
1727 1602 1911 1639 delinquentes
1926 1624 1932 1633 ‚
1958 1612 1989 1632 ac

401 1640 555 1673 scelerosos,
575 1642 693 1679 ipsorum
708 1645 862 1671 interventu
876 1641 965 1673 fuisse,
986 1640 1193 1677 intelligendum
1208 1641 1243 1669 fic
1257 1642 1309 1672 est,
1330 1650 1386 1668 non
1397 1641 1471 1677 quod
1486 1640 1534 1676 ipfi
1547 1639 1680 1667 triumviri
1694 1649 1845 1678 quenquam
1860 1640 1988 1678 supplicio

402 1678 538 1708 affecerint
553 1701 560 1712 ‚
581 1681 625 1708 sed
639 1682 675 1709 uli
688 1683 720 1709 ad
735 1690 795 1709 eam
809 1690 869 1708 rem
883 1681 933 1708 fint
949 1687 1031 1716 opera
1041 1678 1169 1707 lictorum
1184 1700 1192 1711 ‚
1213 1687 1329 1716 quorum
1344 1678 1407 1706 octo
1422 1677 1468 1706 sub
1481 1678 1508 1706 se
1521 1678 1670 1708 habebant:
1691 1679 1762 1707 unde
1781 1679 1852 1717 apud
1865 1679 1988 1708 Plautum

402 1719 430 1745 iu
445 1718 643 1755 Amphitruone
657 1720 744 1747 Sofia:

635 1758 714 1797 Qz'd
718 1757 817 1794 faciam
831 1767 896 1784 nunc
903 1778 912 1790 ‚
924 1754 953 1793 fi
965 1754 1065 1791 tresviri
1077 1766 1117 1782 me
1132 1754 1159 1783 in
1173 1764 1296 1782 carcerem
1309 1754 1490 1792 compegerint?

637 1792 699 1823 Inde
717 1805 769 1823 cras
787 1795 800 1822 ἑ
815 1798 991 1830 promptuaria
1009 1794 1069 1821 cella
1087 1794 1217 1828 depromar
1235 1793 1271 1820 ad
1282 1791 1405 1831 flagrum.
1558 1827 1561 1830 Ι

633 1839 685 1862 Nec
703 1834 801 1868 causam
819 1833 893 1860 litent
913 1835 993 1860 dtcere
1011 1831 1078 1858 mihi
1088 1853 1096 1863 ‚
1122 1840 1203 1870 neque
1221 1830 1249 1858 in
1267 1831 1323 1857 hero
1342 1829 1480 1869 quicquam
1497 1828 1591 1857 auxtlii
1600 1828 1671 1868 fiet?

638 1876 689 1899 Nec
706 1871 843 1911 quicquam
855 1869 896 1907 fit
910 1893 917 1903 ,
944 1869 1007 1910 quin
1026 1880 1066 1896 me
1085 1879 1167 1896 omnes
1185 1868 1231 1907 effi
1249 1867 1353 1906 dignum
1372 1869 1501 1903 deputent.

636 1914 679 1938 Ita
698 1911 774 1949 ‘ju-'fi'
787 1910 902 1937 incudem
921 1919 961 1936 me
980 1907 1098 1943 mifi’rum
1116 1907 1225 1936 homines
1243 1909 1294 1934 0220
1312 1905 1394 1934 validi
1413 1907 1515 1939 cadent,
1539 1905 1601 1939 &a

445 1952 498 1979 Hic
512 1951 585 1978 enim
602 1959 649 1987 per
662 1950 727 1977 oCto
740 1949 879 1980 homines,
899 1946 951 1974 0530
965 1946 1062 1974 lic‘lores
1076 1945 1242 1983 intelligunt,
1263 1945 1444 1973 ministrantes
1457 1943 1612 1972 triumviris.
1639 1945 1720 1984 Qod
1730 1954 1794 1973 vero
1809 1946 1890 1975 etiam
1905 1945 1990 1976 sacra-

408 1996 500 2017 menta
514 1990 651 2026 exegerint
665 1987 796 2015 triumviri
810 1986 928 2021 capitales
940 2005 948 2014 ,
969 1994 1048 2022 atque
1068 1985 1096 2012 in
1112 1984 1217 2012 divinos
1236 1983 1295 2012 usus
1309 2003 1316 2014 ,
1340 1985 1366 2012 &
1381 1984 1412 2011 ad
1432 1984 1528 2012 tuenda
1547 1981 1618 2010 sacra
1637 1984 1751 2012 civitatis
1772 1994 1830 2012 eam
1847 1987 1989 2021 pecuniam

408 2028 571 2055 contulerint
584 2048 593 2059 ,
616 2027 716 2054 constat
730 2025 825 2062 exlege
843 2023 916 2051 Lucii
932 2022 1032 2058 Papirii
1044 2022 1142 2051 tribuni
1160 2022 1245 2059 plebis
1258 2021 1326 2058 apud
1342 2019 1442 2059 Festum
1454 2042 1462 2053 ‚
1482 2030 1563 2059 quam
1582 2023 1724 2058 quomodo
1737 2022 1879 2060 legendam
1894 2031 1989 2060 putant

407 2066 486 2091 Lanu
500 2064 645 2097 Frater-ius,
667 2064 708 2097 (ey
719 2064 831 2098 Iosephus
844 2062 970 2099 Scaliger,
990 2061 1041 2089 huc
1049 2061 1176 2089 scribam:
1197 2060 1361 2099 Qeicunqtce
1372 2068 1461 2094 prator
1467 2058 1656 2096 posthacfadlus
1669 2060 1734 2089 erit,
1754 2060 1813 2099 quei
1824 2060 1891 2089 inter
1901 2061 1990 2090 ceiveis

403 2101 459 2132 joas
470 2102 549 2135 dicet,
569 2105 683 2138 trefiv'nos
697 2101 823 2136 capttalets
829 2101 947 2136 populum
957 2109 1054 2137 rogato,
1071 2098 1148 2138 illique
1161 2098 1261 2134 trefi-rri
1275 2097 1402 2133 cnpttaleis
1409 2119 1418 2131 ,
1439 2107 1594 2137 quercumque
1605 2097 1702 2136 posthac
1714 2098 1783 2134 [αι-71
1798 2108 1873 2127 erunt
1884 2119 1892 2129 ‚
1903 2101 1988 2134 βιω-

411 2147 496 2165 menta
508 2150 641 2177 exrgunto,
655 2140 854 2179 judicantoque,
873 2139 957 2166 eodem
964 2140 1026 2172 jure
1036 2139 1137 2173 fitmpto
1150 2157 1158 2167 ,
1182 2136 1236 2164 urei
1252 2147 1284 2164 ex
1295 2135 1386 2175 legibus
1398 2156 1405 2167 ‚
1420 2135 1548 2175 plebemque
1561 2135 1649 2170 stiteis
1663 2135 1761 2175 exigere
1775 2158 1784 2172 ‚
1810 2137 1925 2177 judicare
1943 2135 1989 2174 effi

409 2184 512 2208 oportet.
533 2180 615 2208 Addit
628 2180 701 2207 enim
718 2178 816 2216 Festus,
837 2177 995 2205 sacramenti
1010 2177 1122 2204 nomine
1135 2176 1162 2203 id
1176 2185 1208 2203 aes
1223 2176 1276 2203 dici
1290 2182 1411 2211 coeptum
1425 2173 1492 2206 essb,
1513 2174 1586 2211 quod
1601 2177 1626 2203 ὅ(
1641 2183 1750 2212 propter
1763 2176 1846 2203 :erarii
1859 2175 1987 2211 inopiam,

411 2215 438 2241 ὅ(
452 2213 584 2242 sacrorum
600 2218 767 2252 publicorum
783 2216 986 2245 multitudinem
1000 2214 1203 2243 consumeretur
1222 2214 1249 2241 in
1262 2212 1340 2241 rebus
1352 2213 1455 2240 divinis.
1494 2212 1658 2240 creabantur
1671 2222 1753 2249 porro
1766 2214 1873 2241 comitiis
1884 2211 1989 2241 tributis

409 2251 526 2286 capitales
537 2255 677 2286 manmit-i,
700 2263 729 2283 ut
740 2255 800 2282 alibi
817 2255 853 2282 est
867 2254 1010 2282 ostensum.
1031 2254 1100 2282 Vide
1113 2253 1194 2282 etiarn
1209 2253 1243 2281 de
1256 2252 1305 2281 hac
1317 2251 1376 2288 lege
1390 2253 1417 2281 ὃς
1429 2248 1573 2279 triumwrr's
1586 2250 1730 2286 capitalrbus
1741 2251 1874 2291 Jacobum
1888 2255 1989 2286 Rara&

411 2290 473 2318 dum
489 2289 557 2320 libro
571 2290 683 2319 secundo
698 2295 858 2326 Variorum,
879 2302 935 2330 cap.
950 2294 991 2322 18.

1881 2411 1992 2444 Cam

2064 2130 2075 2214 l

2065 2221 2075 2237 u

2072 2425 2075 2435 .

2046 2225 2052 2433 l

2045 2438 2051 2566 ε

2043 2571 2048 2734 l
