2075 2734
472 91 499 120 D
540 100 556 119 ε

99 136 183 168 liberis
195 142 326 168 senamrufn
334 141 451 176 permisit,
466 148 494 167 ut
502 160 509 171 ,
526 149 575 176 qno
587 142 684 167 celerius
699 141 834 175 reipublic-:e
846 140 877 165 :is-
888 142 891 161 Ι

101 174 243 203 suescerent,
259 176 367 207 protinus
377 176 440 199 virili
454 182 513 207 togae
525 176 599 199 latum
615 175 708 198 clavum
721 175 859 199 inducerent
869 191 875 202 ,
888 167 891 193 i

101 208 218 238 curiaeque
230 206 370 231 interessent.
382 206 428 230 fuit
441 213 517 230 autem
531 207 587 229 latus
598 206 675 229 clavus
688 205 800 230 senatoria
814 206 874 229 tuni-
888 195 891 245 J

100 245 135 262 ca.
151 239 228 270 itaque
241 238 298 270 sxpe
311 245 398 262 veteres
410 239 440 262 ita
450 238 523 261 locuti
531 236 595 264 sunt,
613 244 639 261 ut
650 237 768 261 dicerent:
787 236 875 260 senato-
889 248 890 255 κ

100 270 122 293 xi
135 270 208 294 latum
216 271 309 294 clavum
321 273 449 301 Imperator
461 269 564 296 ademit,
581 275 632 295 aut,
651 269 724 292 larum
735 270 826 293 clavum
834 269 873 292 de-

98 300 150 328 dit,
166 309 220 325 cum
232 302 372 325 senatoriam
384 301 523 333 dignitatem
534 306 571 324 aut
583 300 730 331 ademptam,
748 307 785 324 aut
797 301 873 324 datam

99 331 225 364 significare
232 334 328 357 vellent.

130 365 241 388 Diximus
258 366 288 388 de
303 365 332 388 iis
351 363 407 395 qui,
424 361 437 386 *a
451 362 547 387 censore
565 363 636 390 leffi,
654 361 770 387 senatores
784 361 870 389 essent,

99 394 177 427 deque
190 397 232 423 iis,
250 397 293 428 qui
306 403 354 419 non
366 395 420 418 lesti
429 412 435 422 ,
453 401 531 418 tamen
545 396 570 419 in
584 395 808 419 senatumvenirent.
827 396 873 417 Re-

99 426 194 459 liquum
203 427 270 455 est,ut
277 434 344 459 pauca
353 426 456 458 quedam
466 426 577 451 addantur
586 427 659 453 deiis,
668 427 775 458 qui,licet
783 426 815 449 ob
822 426 871 449 exi-

99 460 173 483 miam
186 459 333 491 prudentiam
346 465 369 481 ac
381 458 548 482 fortitudinem
561 459 628 490 digni
641 457 798 482 summoloco
806 456 869 481 vide-

97 497 192 518 antur,
210 491 300 514 aditum
317 496 395 514 tamen
414 490 439 513 in
461 488 565 514 senarum
586 498 635 514 non
654 489 790 513 habuerunt.
823 489 870 512 Pla-

95 522 159 548 cuit,
177 523 311 548 nerninem,
330 523 372 553 qui
391 529 478 553 patrem
497 523 521 545 ὅ(
541 529 610 545 avum
630 521 717 546 liberos
735 522 805 545 citare
817 528 867 544 non

96 553 184 584 posset,
201 554 227 576 in
241 551 344 576 senatum
358 554 465 577 introire.
478 561 546 580 nam,
559 553 600 576 etsi
613 557 658 585 Ap.
667 552 780 577 Claudius
787 554 868 576 Cacus

95 584 178 608 censor
195 584 362 608 libertinorum
375 585 439 609 filios
452 586 477 608 in
491 584 595 609 senatum
609 585 681 616 legit,
698 584 780 616 quod,
797 590 821 606 ut
835 584 865 607 ait

93 616 188 643 Livius,
204 617 294 648 primus
311 616 378 640 fecit:
396 616 472 640 statim
487 623 564 640 tamen
582 615 595 639 a
613 617 725 647 proximo
739 615 867 646 posteriore

93 646 189 671 censore
202 650 231 678 Q.
244 648 313 671 Fabio
325 649 411 675 eiectos
424 648 468 672 esse
480 647 493 671 a
506 649 569 672 curia
579 648 683 677 ejusdem
696 646 832 671 Liviiverba
840 647 864 670 fi-

93 679 215 710 gnificant.
232 687 306 703 unum
324 679 436 703 habemus
452 680 604 710 exemplum,
622 687 696 703 unum
710 680 820 710 inquam,
839 679 864 702 &

91 710 219 742 singulare,
236 718 261 734 ut
274 712 376 741 opinor,
393 710 423 734 de
432 713 478 735 Cn.
495 712 588 739 Flavio,
605 711 710 735 libertini
723 709 863 734 hominisfi·

91 742 139 769 lio,
159 742 221 766 adili
233 743 309 766 curuli
318 749 407 767 creato:
425 743 521 770 cui‚vel
534 742 551 767 fi
562 743 636 767 lessus
646 744 670 767 in
677 741 781 766 senatum
791 741 864 765 {icen-

90 772 143 797 sore
153 781 202 797 non
218 773 244 797 lit
252 791 259 801 ‚
275 775 343 805 quod
355 775 469 798 incertum
479 774 552 798 habeo
560 792 566 802 ,
580 775 628 804 jure
638 782 716 798 tamen
723 774 809 797 curulis
816 780 863 796 ma-

91 804 196 835 gistratus
209 806 301 836 ingredi
313 807 417 830 senarum
427 806 503 829 licuit.
521 806 643 829 Ciceronis
656 805 754 837 quidem
769 812 831 828 :rtate
838 807 866 827 L.

90 837 221 868 Popillium
240 837 252 861 a
271 839 317 861 Cn.
331 838 432 861 Lentulo
443 836 539 860 censore
552 838 576 860 in
591 837 695 860 senatum
708 838 761 860 ideo
775 836 862 859 Icelum

91 875 141 890 non
148 868 204 894 esse,
214 870 268 898 quia
281 869 384 891 libertini
398 868 460 890 filius
472 875 518 890 erat
527 884 532 893 ‚
546 869 648 898 legimus
660 868 686 890 in
699 869 806 891 oratione
819 874 862 897 pro

90 899 214 922 Cluentio.
227 900 251 923 &
264 898 291 921 ab
305 902 351 929 Ap.
363 899 464 922 Claudio
471 899 580 925 censore,
594 901 616 922 P.
625 899 710 922 Clodii
717 899 799 925 fratre,
813 901 863 930 Ap-

89 929 124 960 pii
137 930 212 956 Caci,
228 930 292 957 cuius
309 931 458 953 mentionem
472 931 581 960 proxime
593 929 705 958 fecimus,
723 937 864 961 pronepote,

87 960 256 984 libertinorum
269 961 346 988 filios,
363 962 406 993 qui
418 962 443 984 in
456 963 545 985 curiam
558 961 710 993 irrepserunt,
728 969 812 985 omnes
819 962 863 990 eie-

88 991 140 1016 &os
157 991 214 1019 else,
233 992 320 1023 scripfir
339 994 412 1016 Dion.
425 992 488 1017 libro
501 996 548 1017 XL.
563 993 671 1017 videlicet
684 993 729 1017 hoc
742 994 864 1024 dignitatis

87 1022 151 1047 causa
165 1023 252 1048 factum
265 1024 310 1047 est:
328 1032 357 1047 ne
371 1025 438 1048 locus
451 1024 506 1052 ille,
522 1025 548 1048 in
556 1025 649 1048 civitate
657 1024 860 1049 honorificentiffi-

87 1062 155 1082 mus,
173 1055 200 1079 ab
219 1055 299 1080 infimi
317 1056 408 1080 ordinis
428 1055 581 1083 hominibus,
599 1056 683 1088 quibus
701 1063 805 1087 paterna,
824 1063 861 1080 aut

85 1087 145 1110 avita
162 1086 258 1111 servitus
270 1087 342 1117 objici
356 1086 440 1119 posset,
458 1088 627 1119 inquinaretur.
661 1089 737 1112 Etiam
751 1088 810 1112 illud
823 1095 859 1111 or-

85 1118 139 1142 dini
158 1117 274 1142 senatorio
286 1119 390 1143 maxime
402 1119 447 1142 fuit
458 1119 632 1146 honorificum:
649 1119 771 1143 neminem
787 1121 810 1143 in
827 1119 858 1143 se-

86 1157 168 1174 natum
187 1151 248 1182 legi,
265 1151 307 1174 nili
321 1153 358 1174 cui
371 1151 515 1181 octingentis
527 1150 648 1177 millibus,
667 1151 712 1174 hoc
725 1151 769 1178 est,
788 1150 857 1174 scura-

86 1188 167 1205 torum
186 1189 309 1205 aureorum
327 1185 405 1205 XXIV.
418 1182 526 1206 millibus
538 1199 544 1209 ,
567 1182 648 1206 census
661 1182 722 1206 ess'et.
739 1184 805 1215 quod
818 1183 858 1207 etsi

86 1219 139 1237 tum
151 1213 201 1237 fieri
214 1213 310 1237 solitum
324 1222 373 1237 non
386 1213 510 1241 existimo,
527 1221 582 1237 cum
595 1221 666 1238 aratro
675 1221 758 1238 terram
766 1215 856 1239 finden-

84 1244 148 1268 tibus
165 1245 307 1276 magistratus
325 1246 349 1268 ἃ
370 1246 467 1276 imperia
484 1244 663 1269 deserebantur:
682 1254 731 1278 quo
749 1253 857 1278 tempore

84 1277 138 1308 plus
150 1276 257 1303 virturis,
271 1284 343 1308 quam
356 1277 490 1300 divitiarum
499 1294 506 1304 ,
523 1280 606 1301 Romae
619 1278 677 1300 suit:
694 1278 857 1310 postremista-

85 1314 143 1330 men
161 1306 293 1338 reipublicae
309 1308 456 1339 temporibus
468 1325 475 1335 ,
495 1316 551 1331 cum
570 1313 714 1339 privatorum
737 1317 794 1341 opes
811 1318 857 1334 una

83 1345 140 1362 cum
152 1338 392 1369 imperiocreviffem‚
409 1339 555 1363 observatum
564 1339 620 1367 esse,
638 1341 762 1365 Suetonius
776 1342 799 1365 in
809 1345 855 1366 Au-

85 1369 153 1401 gusto
163 1377 212 1401 cap.
220 1378 260 1398 41.
269 1378 319 1398 n.4.
333 1369 385 1394 satis
395 1372 461 1402 plane
468 1371 561 1394 videtur
567 1372 688 1395 ostendere
699 1380 752 1396 eurr.
761 1374 805 1396 ait:
818 1375 855 1397 Se-

82 1408 187 1424 natorum
195 1403 279 1431 cenfiam
288 1404 422 1435 ampliavit,
439 1413 463 1426 ac
471 1409 506 1433 pra
517 1403 682 1433 offingeimrum
694 1405 852 1435 milliumsum-

82 1441 119 1454 ma
132 1433 240 1455 duodecin
252 1435 284 1455 H.
293 1434 315 1456 S.
329 1436 433 1461 taxavit,
446 1436 602 1466 supplevitque
614 1435 792 1460 nonhabenrihm.
800 1439 852 1461 Fuit

80 1464 154 1494 igitur
171 1462 298 1487 senatorius
315 1464 396 1487 census
410 1466 511 1496 equestri
524 1464 592 1488 censu
605 1466 679 1497 duplo
692 1467 781 1493 maior:
797 1476 852 1493 cum

79 1502 152 1550 eques
172 1494 216 1519 esse
233 1502 306 1518 nemo
325 1495 411 1527 posset,
429 1497 470 1520 nifi
483 1497 547 1525 eujus
558 1504 594 1520 res
607 1498 784 1529 quadringentis
797 1501 852 1524 mil-

80 1527 100 1551 li
118 1533 143 1552 us
156 1526 311 1550 astimaretur.
329 1527 359 1550 de
373 1534 422 1559 quo
436 1530 546 1552 Horatius
559 1528 727 1560 epist.1.r.57.

177 1559 202 1581 Si
214 1560 374 1590 quadringentis
385 1560 516 1592 sexseptcm
527 1562 586 1584 miua
598 1561 685 1591 destant,

171 1589 244 1612 ‘Plebs
255 1592 308 1612 erir.

110 1622 142 1644 Et
153 1621 238 1644 Cicero
257 1620 322 1651 epist.
335 1619 390 1644 fam.
403 1621 431 1645 ad
445 1621 591 1645 Dolabellam
607 1630 640 1646 rx.
654 1631 690 1648 ις.
707 1627 747 1647 Res
758 1626 850 1654 eiflami-

77 1652 140 1674 liaris
159 1653 201 1674 vix
217 1652 316 1683 :quesivit
330 1653 370 1681 est:
387 1659 443 1682 pro,
461 1655 500 1676 vix
513 1653 536 1676 ei
548 1653 628 1677 census
640 1654 672 1678 est
684 1656 736 1679 CD.
750 1657 788 1679 vix
803 1663 850 1680 tue-

78 1688 115 1706 tur
135 1683 246 1707 ordinem
256 1683 399 1715 equestrem:
419 1684 473 1715 quia
487 1685 525 1707 vix
534 1690 623 1708 tantum
637 1685 719 1712 habet,
736 1694 849 1717 quantum

77 1715 153 1745 equiti
167 1714 248 1738 habere
255 1714 342 1738 uecess'e
350 1715 389 1738 est.
408 1715 472 1745 quod
480 1715 495 1738 fi
503 1716 556 1746 quis
563 1723 599 1738 aut
607 1716 708 1745 senator,
727 1725 764 1741 aut
771 1726 850 1750 eques,

78 1753 128 1769 non
148 1747 246 1771 fortunae
264 1748 344 1778 culpa,
363 1746 401 1770 sed
418 1747 460 1771 suo
479 1747 554 1774 vitio,
572 1748 602 1771 ita
617 1756 666 1772 rem
680 1750 850 1779 imminuiffer,

76 1783 103 1800 ut
115 1777 143 1800 ad
155 1778 291 1809 legitimum
304 1777 400 1802 censum
413 1786 462 1802 non
475 1780 620 1808 perveniret,
638 1779 726 1804 senator
736 1780 850 1806 {summo

75 1808 131 1833 loco
151 1809 251 1840 dejestus
269 1811 293 1833 in
306 1810 437 1840 equestrem
449 1810 559 1834 ordinem
573 1810 701 1838 recidebat,
719 1811 734 1835 si
748 1820 759 1835 e
780 1814 848 1838 uestri

75 1839 178 1869 familia,
195 1848 232 1865 aut
250 1842 354 1872 patritia,
373 1848 410 1865 aut
428 1841 529 1873 plebeia,
547 1849 612 1866 natus
629 1842 696 1867 effer:
714 1843 747 1867 fin
771 1847 849 1870 amllia

77 1879 126 1895 non
138 1873 252 1904 equestri,
270 1874 294 1896 in
308 1872 440 1904 plebeium,
457 1874 502 1897 hoc
515 1873 560 1901 est,
577 1882 632 1898 eum
643 1891 649 1901 ‚
666 1876 707 1906 qui
721 1875 849 1901 infrasena-

75 1903 165 1926 torium
174 1920 180 1930 ,
197 1904 221 1927 δι
234 1904 364 1935 equestrem
377 1911 431 1928 erat.
448 1905 505 1928 item
519 1912 604 1936 eques,
620 1906 720 1937 equestri
731 1906 801 1932 censu
809 1909 846 1933 de-

74 1935 186 1961 minuto,
203 1935 334 1966 equestrem
353 1936 465 1959 ordinem
484 1937 617 1963 amittebat,
635 1938 659 1960 δε
672 1938 698 1960 ad
713 1938 845 1969 plebeium,

74 1965 123 1989 hoc
135 1965 180 1992 est,
197 1966 322 1993 infimum,
341 1966 504 1993 descendebat,
521 1968 550 1990 ita
564 1969 588 1991 ὅ(
601 1967 672 1991 bonis
685 1970 805 1997 moribus,
821 1973 846 1996 ὅ(

74 1998 109 2021 rei
128 1996 237 2021 familiari
256 1999 316 2021 cives
330 2000 431 2022 Romani
444 2006 538 2029 operam
552 2006 615 2030 :eque
628 1999 680 2023 dare
692 2001 848 2031 cogebantur:

74 2029 195 2055 moribus,
215 2036 238 2051 ut
258 2028 372 2052 senatorio
389 2030 442 2053 loco
461 2031 527 2060 digni
541 2031 710 2058 judicarentur:
728 2034 762 2056 rei
779 2033 845 2058 fami-

74 2060 141 2086 liari,
161 2068 189 2083 ne
197 2077 203 2086 ,
216 2067 265 2091 quo
282 2062 353 2085 virtus
360 2061 449 2086 aditum
457 2062 570 2094 aperiebat
578 2080 585 2092 ,
593 2062 648 2086 inde
656 2063 687 2087 ob
695 2064 800 2096 inopiam
808 2073 846 2090 ex-

70 2092 220 2116 eluderentur

287 2158 310 2183 C
350 2167 368 2184 A
598 2159 638 2186 ΙΙ.

318 2220 358 2243 De
364 2215 474 2251 principe
487 2217 601 2251 senatur.

74 2276 173 2360 Qus
186 2279 210 2302 in
224 2277 301 2301 senatu
313 2277 426 2309 dignitate
438 2277 561 2308 praestaret,
579 2279 603 2302 ἃ
617 2278 670 2309 quis
683 2278 743 2302 inter
755 2278 844 2304 senato-

408 2168 422 2185 Ρ
464 2167 483 2184 U
523 2167 539 2185 Τ

154 2317 188 2333 res
202 2327 208 2336 ,
226 2309 295 2341 quarti
316 2309 397 2340 petest.
419 2310 442 2333 in
457 2309 534 2333 senatu
553 2310 665 2341 prestabat
678 2311 697 2334 is
708 2328 714 2338 ,
728 2312 770 2342 qui
781 2311 843 2335 sum-

153 2349 222 2366 mum
235 2340 392 2372 magistratum
405 2341 507 2374 gerebat:
525 2342 586 2369 inter
597 2341 752 2373 senatoresis,
770 2351 843 2376 quem

612 92 920 121 sena-ru

978 91 1309 122 Rounnol
1635 102 1689 140 875

903 140 930 164 in
940 140 1063 165 recitando
1075 140 1155 167 senatu
1167 141 1249 167 censor
1261 144 1369 175 primum
1382 143 1478 177 legerat.
1490 151 1542 172 ante
1555 146 1686 177 secundum¹

904 172 1021 198 Punicum
1038 172 1129 198 bellum
1142 191 1149 202 ,
1172 175 1238 206 quod
1261 175 1390 201 Hannibale
1409 178 1505 202 ducein
1518 180 1581 204 Italia
1592 183 1686 213 gestum

906 203 952 240 eli,
969 206 1076 236 princeps
1094 205 1213 237 legebatur
1234 207 1268 234 is,
1284 209 1328 240 qui
1339 209 1431 240 primus
1443 209 1526 234 censor
1535 219 1565 236 err
1578 214 1622 241 iis,
1641 212 1686 246 qui

904 243 1024 264 viverent,
1039 236 1125 262 fuisset.
1142 238 1209 269 quod
1228 246 1282 263 cum
1302 240 1384 264 censor
1403 244 1438 265 Μ.
1451 244 1581 267 cornelius
1593 247 1683 270 cethe-

921 274 947 290 us
959 267 1010 292 fieri
1021 269 1124 292 censeret
1137 277 1260 300 oportere,
1277 278 1306 294 ne
1319 279 1373 296 mos
1391 271 1403 295 ὲ
1416 273 1518 304 patribus
1531 275 1631 299 traditus
1640 276 1681 301 de-

912 306 1021 323 ereretur.
1030 300 1134 332 ideoque
1143 317 1148 327 ,
1164 309 1219 326 cum
1227 305 1255 326 T.
1264 303 1382 327 Manlium
1390 307 1540 336 Torquatum
1547 307 1679 340 principem

902 331 1031 367 legendum
1038 333 1203 360 contenderet,
1221 334 1277 357 alter
1287 334 1369 358 censor
1382 337 1403 359 P.
1418 338 1571 368 Sempronius
1586 341 1681 364 Tudita-

902 369 960 389 nu5‚
976 370 1041 392 cujus
1053 363 1124 387 leffio
1137 371 1198 391 erat,
1216 363 1252 393 se,
1269 367 1308 389 cui
1320 366 1414 398 legendi
1422 366 1509 392 sortem
1516 369 1680 400 diidedissent,

901 393 1007 429 asturum
1026 394 1122 419 arbitrio
1141 394 1182 419 suo
1200 395 1274 424 dixit,
1291 398 1456 430 lesturumque
1474 400 1616 431 QFabium
1629 406 1679 427 Ma-

900 432 994 449 ximum
1006 442 1013 453 ,
1031 433 1104 458 quem
1122 433 1174 451 tum
1195 429 1326 459 principem
1346 433 1420 454 Rom.
1438 432 1538 456 civitatis
1557 432 1602 457 effe
1614 451 1621 461 ,
1640 437 1678 461 vel

900 456 1030 481 Hannibale
1048 458 1125 486 iudice
1137 459 1241 483 vi&urus
1255 460 1318 484 esset.
1335 461 1365 484 ira
1378 461 1476 487 Fabium
1485 480 1492 490 ,
1510 465 1552 495 qui
1566 472 1618 489 tum
1630 473 1678 492 erat

899 487 1004 515 Consul,
1022 490 1154 521 principem
1165 490 1190 514 in
1203 490 1282 515 senatu
1294 493 1360 523 legit.
1375 493 1432 517 inde
1443 496 1678 522 manavitconsuetu-

898 518 948 556 do.
962 527 987 544 ut
1003 521 1028 544 in
1040 521 1144 552 legendo
1151 522 1260 576 grincipe
1269 540 1275 549 ‚
1292 531 1342 547 nou
1351 541 1357 550 ‚
1376 525 1418 555 qui
1432 526 1493 550 inter
1505 528 1627 552 censorios
1637 532 1678 554 iro-¹

897 551 1030 576 tustrffimus
1049 552 1115 580 ess‘et,
1133 560 1148 575 o
1169 552 1305 582 servaretur,
1323 555 1360 578 sed
1380 557 1399 579 is
1416 557 1446 580 de
1462 558 1574 582 censoriis
1584 561 1675 591 legere·

896 587 933 605 tur
947 590 1008 607 unus
1018 601 1024 611 ,
1041 585 1084 616 qui
1098 584 1212 615 lapientiae
1225 585 1293 609 laude
1306 603 1312 612 ,
1330 594 1456 620 rerumque
1470 590 1584 621 gestarum
1596 594 1673 623 gloria

896 615 1002 638 maxime
1020 616 1081 639 inter
1100 623 1184 639 omues
1203 618 1326 641 emineret.
1349 619 1428 650 itaque
1447 620 1487 644 ubi
1500 629 1536 645 res
1548 623 1631 651 ferret,
1648 631 1677 650 ut

894 645 997 681 aliquem
1011 646 1446 674 honoriscaulaveteresnominarent:
1465 653 1498 680 is,
1515 653 1673 687 fiprincipem

895 685 920 712 ru
934 676 1010 701 senatu
1023 679 1104 702 locum
1120 679 1207 705 iudicio
1221 680 1323 705 censoris
1335 681 1456 711 habuerat,
1471 692 1519 708 non
1532 686 1559 708 ab
1573 688 1624 710 ullo
1632 695 1674 719 po-

896 715 942 732 rrus
954 710 1111 745 *magistrum
1130 718 1201 742 quam
1221 711 1246 734 ab
1266 712 1311 736 hoc
1330 714 1400 737 titulo
1419 714 1600 746 significabatur:
1618 720 1673 750 quia

895 741 1054 771 magistrarum
1074 741 1182 765 obtinere
1199 744 1269 767 multi
1283 744 1384 775 possent,
1402 747 1510 777 princeps
1523 747 1611 772 senatus
1622 752 1671 782 legi

894 778 967 796 nemo
982 773 1068 804 posset,
1086 773 1127 797 nifi
1135 774 1530 809 qui&magistraruiuitagessiss'et,
1548 780 1672 810 &omnim

894 810 1041 857 quicunque
1054 804 1148 828 summo
1160 807 1211 828 cive
1225 806 1294 837 digna
1308 807 1374 834 suut,
1392 810 1421 832 ita
1434 811 1458 833 in
1473 811 1542 834 omni
1557 813 1601 836 vita
1615 821 1673 845 prz-

914 834 996 862 mffier,
1015 843 1040 859 ur
1061 837 1085 859 in
1101 837 1194 861 civitate
1214 845 1261 861 non
1282 840 1357 862 modo
1374 840 1496 868 anteferri,
1515 841 1553 865 sed
1567 851 1608 867 nec
1621 846 1673 874 jure

894 868 1023 898 comparari
1043 867 1168 899 quisquam
1187 869 1312 892 videretur.
1347 873 1403 894 Non
1421 872 1482 896 dixvt
1505 874 1589 898 Cicero
1607 878 1632 900 in
1645 884 1671 902 ea

893 905 936 928 pro
955 899 1053 922 Rabirio
1072 907 1092 923 c.
1109 907 1129 926 7.
1149 903 1183 924 Μ.
1197 902 1305 924 AEmilius
1323 919 1329 927 ,
1347 902 1423 926 homo
1442 903 1577 929 Consularis
1591 923 1599 933 ‚
1615 905 1670 936 sed,

894 930 931 952 M.
951 932 1082 956 aAEmilms.
1095 933 1195 964 princepr
1213 933 1308 955 senatur:
1327 935 1381 965 quia
1394 951 1400 961 ‚
1417 942 1472 959 cum
1485 935 1672 964 defenfionisuae

894 960 1058 986 authoritatem
1077 970 1191 994 quatreret
1208 963 1220 987 Ξ
1234 963 1339 995 personis
1349 982 1355 992 ,
1370 967 1546 992 nominandum
1560 970 1584 993 in
1598 971 1675 996 AEmi-

892 991 928 1015 lio
942 1009 953 1028 ¹.
973 993 1040 1025 quod
1058 993 1083 1017 iu
1100 994 1144 1017 illo
1163 996 1267 1019 maxime
1285 995 1357 1019 fuerat
1376 997 1536 1023 honorificum
1551 1017 1558 1027 ,
1592 1003 1672 1026 existi-

892 1030 972 1047 mavit.
1004 1025 1032 1048 lic
1057 1025 1082 1049 in
1100 1025 1236 1050 diffuafione
1254 1027 1314 1058 legis
1338 1031 1428 1059 agrariae
1452 1033 1482 1053 ll.
1506 1038 1546 1056 30·
1582 1031 1638 1056 Lam
1654 1034 1670 1058 ὲ

891 1055 1009 1086 majoribus
1029 1057 1105 1085 vestris
1124 1060 1148 1081 P.
1169 1059 1276 1080 Lentulus
1293 1075 1300 1085 ,
1331 1066 1429 1091 princeps
1450 1063 1541 1090 serratus
1561 1080 1568 1090 ,
1601 1066 1624 1087 in
1642 1074 1669 1090 ει

891 1087 935 1108 loca
948 1089 1022 1118 mrssm
1038 1088 1098 1115 effer:
1115 1090 1139 1113 &
1155 1089 1178 1112 in
1193 1090 1326 1113 Antonium
1342 1098 1412 1115 vrri.
1427 1101 1449 1120 4.
1478 1095 1502 1117 Ρ.
1521 1096 1665 1125 Lentulum.

890 1118 1021 1153 principem
1041 1117 1129 1142 senatus
1143 1136 1149 1144 .
1173 1121 1306 1152 complures
1325 1123 1383 1146 alios
1402 1124 1508 1148 summos
1524 1126 1602 1154 viros,
1620 1128 1668 1154 &c.

891 1150 1007 1179 ancius
1025 1151 1096 1174 etiam
1112 1151 1196 1175 Fuffius
1209 1153 1311 1177 Calenus
1329 1154 1388 1185 apud
1408 1156 1514 1180 Dionem
1531 1157 1575 1182 lib.
1588 1161 1669 1185 XLVI.

889 1187 939 1217 pag.
961 1189 1015 1208 305.
1044 1184 1073 1205 C.
1091 1189 1147 1218 cum
1165 1183 1191 1207 in
1216 1184 1356 1209 Ciceronem
1375 1186 1496 1212 invehitur
1508 1205 1515 1215 ,
1547 1197 1597 1221 quo
1615 1191 1669 1223 plue

889 1212 924 1235 illi
945 1219 1029 1243 quaerat
1049 1214 1151 1238 invidia.
1175 1216 1237 1238 [dius
1249 1232 1255 1242 ,
1275 1217 1373 1248 inquit,
1391 1220 1483 1242 Lentuli
1499 1228 1609 1251 nepotem,
1627 1224 1668 1253 qur*

885 1250 981 1274 princeps
991 1246 1080 1273 senatus
1088 1248 1146 1275 suit,
1169 1248 1235 1270 occidi
1246 1249 1267 1269 in
1279 1257 1360 1271 carcere
1367 1250 1446 1279 juffisti.
1465 1253 1533 1275 Hunc
1546 1252 1665 1278 honorem

889 1278 912 1298 Ρ.
929 1276 1007 1306 Scipio
1021 1276 1156 1304 Africanus,
1175 1278 1209 1303 is,
1227 1280 1267 1309 qui
1283 1280 1436 1304 Hannibalem
1449 1289 1526 1313 pugna
1539 1284 1610 1311 vicit,
1628 1291 1664 1309 tet

887 1307 1024 1343 consecutus
1041 1307 1085 1331 est:
1105 1311 1139 1332 M.
1153 1309 1261 1333 AEmilius
1272 1311 1388 1342 Lepidus,
1407 1314 1449 1344 qui
1461 1314 1571 1344 pontifex
1589 1318 1666 1341 maxi-

888 1345 940 1361 mus
953 1337 997 1362 fuit
1008 1356 1014 1366 ‚
1031 1339 1105 1363 sexies
1119 1348 1124 1361 :
1142 1340 1208 1372 quod
1221 1343 1316 1366 nemini
1345 1349 1434 1367 raeterea
1448 1345 1581 1377 contigerit.
1610 1350 1664 1373 Erat

887 1377 964 1393 autern
985 1378 1034 1394 non
1052 1370 1173 1403 utriusque
1185 1372 1287 1396 censoris
1300 1350 1386 1401 1:510,
1400 1374 1438 1399 sed
1452 1376 1545 1402 alterius
1558 1385 1662 1408 tantum,

885 1402 923 1424 cui
943 1400 1003 1425 sorte
1015 1403 1156 1434 contigiffet.
1187 1406 1267 1436 ltaque
1280 1407 1304 1430 8<
1317 1406 1438 1430 censorem
1452 1407 1529 1438 ipsum
1547 1408 1559 1432 ὲ
1572 1412 1662 1436 coneo:

886 1433 990 1457 senatum
1010 1435 1102 1466 legente
1118 1435 1250 1467 principem
1270 1437 1294 1460 in
1313 1436 1391 1461 senatu
1405 1439 1493 1463 lestum
1507 1441 1618 1469 invenio,
1634 1431 1662 1467 i’it

885 1466 912 1487 L.
930 1466 1047 1489 Valerium
1066 1466 1171 1489 Flaccum
1189 1466 1201 1490 ὲ
1218 1470 1252 1491 M.
1269 1470 1352 1492 Porcio
1366 1472 1470 1496 Catone,
1489 1473 1524 1494 M.
1536 1474 1662 1499 AEmilium

884 1496 1017 1526 Lepidum,
1035 1496 1047 1520 Ξι
1068 1500 1101 1521 Μ.
1121 1498 1204 1521 Fulvio
1216 1498 1348 1524 Nobiliore.
1385 1503 1479 1532 opinor
1491 1504 1561 1527 etiam
1574 1507 1598 1528 P.
1613 1506 1661 1529 Sci-

884 1527 983 1556 pionem
1000 1527 1135 1552 Africanum
1151 1528 1163 1552 ὲ
1182 1530 1271 1560 collega
1285 1533 1308 1555 l‘.
1322 1532 1382 1555 AElio
1395 1536 1456 1556 Paeto
1472 1535 1604 1566 principem
1616 1537 1661 1560 effi!

882 1558 979 1582 Ιεᾶυηι.
997 1567 1052 1593 nam
1061 1576 1067 1586 ,
1084 1560 1124 1583 etii
1137 1561 1218 1584 Livius
1230 1561 1292 1585 libro
1303 1565 1393 1587 xxxxi.
1405 1565 1529 1596 cap.7.ubi
1538 1567 1567 1591 de
1576 1568 1663 1592 utrius-

883 1597 930 1619 que
947 1592 1040 1614 ceniura
1058 1593 1209 1616 mentionem
1227 1592 1295 1621 facit,
1311 1594 1341 1618 de
1354 1596 1460 1627 principe
1468 1597 1531 1621 leem
1545 1599 1606 1623 nihil
1621 1601 1661 1624 ad-

882 1621 930 1644 dit:
949 1628 1027 1645 tamen
1047 1624 1178 1650 conieC'tura
1197 1624 1280 1648 dustus
1299 1626 1324 1648 in
1343 1626 1401 1650 hanc
1414 1628 1557 1658 opinionem
1568 1632 1639 1655 venio

880 1653 1016 1687 tScipionem
1032 1651 1045 1676 Ξι
1060 1655 1151 1686 collega
1167 1655 1246 1686 primo
1268 1656 1324 1679 loco
1336 1657 1424 1682 ledum
1439 1658 1492 1683 effe.
1505 1660 1567 1684 affert
1579 1651 1658 1690 auten}

880 1683 930 1714 ipse
943 1684 1005 1707 mihi
1017 1685 1097 1709 Livius
1108 1686 1245 1712 conicitur-z
1256 1687 1358 1711 causam:
1376 1690 1454 1713 scribit
1464 1691 1530 1715 enirn
1543 1692 1582 1717 hic
1594 1694 1659 1720 libm

880 1717 1047 1743 XXXIV.‹:.44.
1060 1718 1223 1746 crearicensores
1233 1720 1536 1748 Sexr.2AEliu1Paecus,e'v-c.
1549 1728 1657 1751 corneum

884 1748 1002 1777 Cethegus,
1014 1749 1221 1780 principemsenatus
1234 1751 1266 1773 7'.
1276 1752 1395 1783 Scipionem
1408 1753 1532 1782 Consulem,
1548 1763 1613 1785 quem
1627 1757 1654 1782 ό·

879 1779 962 1808 priore:
979 1780 1070 1808 censores
1089 1781 1184 1810 legerant
1196 1797 1202 1807 ‚
1225 1781 1330 1811 legerunt.
1364 1783 1455 1807 Priores
1467 1786 1534 1809 enim
1547 1789 1656 1816 censores

881 1807 947 1832 fuisse
960 1809 1030 1833 video
1043 1809 1178 1835 Africanum
1196 1810 1288 1842 ipsum,
1306 1814 1329 1836 δε
1341 1815 1364 1837 P.
1379 1815 1464 1839 AElium
1473 1818 1566 1843 l’aetum.
1601 1823 1656 1853 qui-

880 1839 923 1863 bus
937 1840 966 1876 ad
981 1843 1034 1864 Sext
1053 1843 1139 1866 AElium
1154 1860 1160 1869 ,
1178 1844 1203 1867 &
1217 1845 1245 1866 C.
1259 1845 1403 1869 Cornelium
1415 1847 1521 1872 censores
1534 1851 1656 1883 integrum

879 1872 1065 1903 quadriennium
1082 1874 1198 1898 interfuit.
1215 1881 1240 1897 ut
1249 1875 1310 1899 inter
1321 1883 1445 1909 utramque
1456 1879 1575 1906 censuram
1582 1886 1656 1910 nullis

878 1902 1012 1927 censoribus
1030 1905 1095 1928 locus
1113 1905 1157 1929 effe
1167 1907 1281 1937 potuerit:
1298 1915 1353 1932 cum
1367 1908 1405 1932 hic
1416 1911 1558 1942 magistratus
1571 1922 1656 1946 quarto

878 1941 976 1970 quoque
985 1936 1081 1959 ineunte
1094 1944 1154 1960 anno
1163 1944 1283 1962 crearetur.
1296 1945 1364 1970 atque
1372 1940 1417 1965 hoe
1429 1949 1458 1965 eo
1465 1944 1545 1968 minus
1552 1945 1637 1972 dubito

877 1966 943 1996 quod
950 1973 996 1995 iam
1004 1968 1056 1990 Liv.
1064 1968 1269 1993 l.XXXV111.c.28.
1277 1970 1389 2001 idipsum,
1397 1974 1462 2004 quod
1474 1975 1590 2002 LXXXIV.
1599 1966 1654 2005 scri:

878 1996 963 2028 pserat,
981 1998 1112 2022 confirmat.
1134 2000 1164 2022 air
1182 2000 1249 2023 euim
1268 2003 1293 2024 P.
1312 2004 1430 2032 scipionem
1448 2004 1461 2028 ὶ
1473 2006 1607 2035 censoribus
1619 2015 1641 2036 T

878 2029 992 2060 Quinctio
1010 2030 1158 2058 Flaminino,
1177 2031 1201 2055 δι
1214 2034 1248 2055 Μ.
1262 2033 1364 2057 Claudio
1376 2038 1488 2061 Marcello
1499 2041 1616 2070 principem
1628 2030 1653 2067 i}

876 2062 951 2085 senatu
963 2064 1056 2084 tertium
1069 2063 1200 2093 esseletium.
1219 2070 1320 2094 quorum
1334 2065 1444 2091 locorum
1457 2069 1651 2099 observatiocum

876 2091 972 2115 edocuit
993 2100 1032 2116 me
1051 2093 1080 2117 de
1098 2094 1206 2129 scipione
1223 2093 1235 2118 a
1248 2097 1337 2128 collega
1350 2099 1461 2131 principis
1473 2101 1521 2125 loci
1534 2102 1650 2135 dignitate

877 2123 1011 2159 honestate,
1028 2131 1081 2148 tuni
1100 2125 1159 2148 illud
1181 2125 1295 2154 ostendit,
1311 2136 1447 2161 corruptum
1466 2132 1511 2156 effe
1523 2134 1605 2160 locum
1621 2138 1648 2162 in

875 2155 927 2185 ipio
939 2156 1022 2181 Livio,
1039 2156 1101 2179 libro
1108 2159 1346 2187 XXXIX.c.5z.nam‚
1356 2169 1410 2186 cum
1418 2163 1462 2187 ait:
1481 2166 1637 2195 CensbnbusM

876 2189 955 2212 Porcio,
965 2188 993 2210 L.
1005 2189 1100 2214 Valerio,
1113 2190 1228 2220 principem
1236 2191 1325 2218 senatus
1337 2193 1404 2222 ipsum
1413 2195 1438 2218 L.
1449 2197 1559 2220 Valerium
1565 2187 1648 2222 lediart}

877 2220 961 2241 invenio
969 2235 976 2245 ‚
994 2227 1042 2241 rum
1050 2219 1193 2250 superioribus
1205 2221 1287 2244 duobus
1295 2223 1364 2251 lustris
1370 2226 1583 2258 Asrimnussuffit:
1601 2230 1649 2253 dis·

876 2247 961 2286 sentire
979 2249 1070 2274 videtur
1089 2258 1099 2273 a
1112 2250 1186 2282 seipso
1195 2268 1201 2278 ,
1218 2254 1260 2283 qui
1273 2253 1301 2277 de
1313 2255 1422 2287 Scipione
1435 2259 1539 2291 principe
1550 2261 1647 2286 tertium

875 2281 937 2304 leeto
950 2288 994 2310 ,am
1010 2280 1134 2313 scripserat-
1144 2283 1300 2313 quamobrem
1313 2293 1350 2310 aut
1363 2287 1449 2319 scripsit
1456 2290 1546 2316 Livius,
1564 2294 1602 2315 111.
1611 2293 1648 2316 lu-

874 2311 938 2339 stris,
956 2313 1022 2344 quod
1035 2313 1285 2348 deindelibrariiculpa
1294 2321 1412 2350 corrupit,
1429 2322 1452 2343 δε
1461 2324 1548 2352 prolll.
1559 2322 1647 2349 fastum

875 2343 907 2370 est
918 2346 947 2371 ll.
960 2351 997 2370 aut
1004 2362 1030 2405 ,R
1029 2344 1047 2404 i}
1052 2345 1248 2380 ‚11.1ustris,ipse
1255 2349 1349 2377 tradidit
1355 2367 1362 2382 7
1372 2352 1506 2383 μνκμενικὲν
1513 2354 1648 2385 &Audemus

1053 2385 1098 2403 111
1540 2387 1648 2417 witimi-¹
