2075 2734
46 0 77 26 ὲν·

577 94 740 124 ιιηειι
780 102 869 121 οε-

51 145 57 152 “
77 157 152 178 tuerat
162 168 169 179 ‚
185 149 225 175 sed
234 148 263 172 de
269 143 428 171 consularibus
435 139 532 174 fulserat.
545 147 567 166 at
573 144 601 165 c.
610 141 712 165 Marcius
717 140 852 164 consularis.

79 184 187 208 satisfecit
197 182 270 213 igitur
282 179 330 209 legi
343 176 455 208 Popillius
466 173 521 199 cum
527 172 673 197 consularem
680 171 806 196 hominem
815 171 851 195 di-

77 216 192 240 ssatorem
204 213 277 237 dixit:
291 209 394 241 patriciis
404 215 454 232 non
460 205 581 232 satisfech,
597 205 653 236 quia
663 203 808 227 consularem
821 203 850 227 de

78 247 147 279 plebe
153 246 214 270 dixit
221 252 227 267 z
236 242 290 267 cum
297 248 382 265 omnes
387 246 452 264 antea
458 239 487 262 de
494 237 593 269 patriciis
602 235 650 260 dici
655 234 720 259 soliti
725 234 848 259 effent.Ea-

80 278 135 303 dem
144 275 232 301 sortasse
239 277 290 305 iege
296 273 409 297 sancitum
415 270 458 298 est,
473 271 552 300 (legem
558 266 620 291 certe
628 284 633 293 ‚
641 275 687 298 qua
695 270 729 290 bac
735 269 834 297 finxerit
841 284 847 294 ,

60 330 63 331 ν
80 311 190 334 nominat
195 307 325 333 Plutarchus
330 305 356 329 in
361 303 432 328 Fabio
439 310 463 333 p.
470 309 482 331 v1
487 308 500 328 7
505 308 525 326 5.
532 302 549 324 F
553 318 558 323 .
568 302 576 327 l
592 308 618 322 ηε
623 299 714 321 difflatur
725 307 778 330 equa
782 299 849 331 poffet

78 344 128 369 uti,
145 338 446 371 idyuevetobeamcaussm,
461 332 533 364 qnod,
548 330 652 364 cu'cmplus
665 330 725 358 ineffi
738 330 812 353 robora
826 332 848 352 ιή

76 373 203 405 pedestribus
210 372 270 402 copiis
273 375 394 402 putaretur.
404 370 513 397 propterea
519 364 541 385 in
547 364 628 394 legione
632 369 755 393 permanere
762 379 769 389 ,
777 370 812 385 nec
818 363 847 384 lo-

76 413 127 428 cum
140 406 230 427 deserere
242 404 327 426 deberet
341 401 471 428 imperator.-
488 395 601 426 mequod,
618 403 667 416 cum
678 396 707 416 ad
718 396 765 416 alra
775 395 848 417 omnia

77 427 183 460 Marciis
189 438 237 468 essn
243 432 357 465 singularia
359 429 448 463 peleſsae
456 444 464 453 ‚
480 427 502 449 in
509 428 546 449 hoc
552 434 592 449 um
600 428 716 449 voluerunt
728 432 847 455 eumfopu-

78 469 98 491 Ia
111 469 239 497 inferiorem
251 466 319 488 viden
332 471 338 485 :
361 459 450 485 senatus
463 465 540 482 tamen
552 458 642 489 petenti
652 456 724 480 fabio
738 457 847 480 Maximo

78 497 214 523 Verrucoss'o
219 503 298 521 contra
308 500 411 517 veterem
416 493 495 523 legem
502 488 623 516 conceffit,
633 495 728 520 utequo
735 489 788 512 vehi
795 487 847 520 pos-

76 530 123 557 set,
141 526 300 559 datumqueid
307 526 414 549 hominis
421 522 502 546 virtuti
511 538 518 548 ‚
530 529 554 545 ac
567 521 684 552 tempori,
700 527 756 544 curn
765 537 772 547 ‚
788 518 848 543 cxfis

77 562 105 585 ad
111 563 202 585 Cannas
208 558 323 584 Romanis
331 575 336 584 ,
353 558 379 580 in
386 563 436 580 uno
446 554 515 578 Fabio
523 570 530 580 ,
547 553 740 576 dictatorecreato
748 569 754 579 ,
763 552 847 575 melio-

76 596 108 617 ris
120 593 218 616 fortunat
231 590 281 622 spes
293 588 392 621 repofita
403 587 530 611 videretur.
554 585 594 608 llla
607 592 650 616 pro
663 584 732 616 plebe
741 583 847 607 adversus

75 623 183 656 patricios
193 623 238 646 suit
245 640 251 650 ‚
268 630 318 653 qur
326 622 351 644 in
357 623 423 644 Sacro
430 625 513 642 monte
520 618 563 640 lara
573 615 618 643 est,
627 617 652 640 δι
661 618 750 639 Sacratae
757 622 847 639 nomen

75 657 161 686 accepit
168 660 182 683 ‚¹
195 662 221 678 ut
234 654 297 685 plebi
310 652 343 676 sui
357 650 498 683 magistratus
511 647 600 682 essentz
621 648 688 679 iique
697 646 846 673 sacrosancti,

76 687 164 720 quibus
177 687 258 710 auxilii
270 687 328 709 latio
336 682 442 707 adversus
448 680 555 705 consules
563 679 629 706 esset,
645 686 703 703 neve
710 679 748 702 cui
755 686 846 710 patrum

75 727 154 751 capere
161 726 215 742 eum
226 717 384 748 magistratum
392 716 480 739 liceret.
491 720 536 745 qua
541 712 594 743 lege
601 711 690 735 tribuni
696 710 771 742 plebis
777 710 847 742 quin-

75 759 123 783 que
131 752 201 782 primi
209 748 348 773 creatisunt:
366 753 493 771 nectamen
501 761 508 771 ‚
522 750 601 767 utrum
609 751 653 767 una
660 749 750 779 tantum
757 743 795 766 lex
803 749 847 778 {³¹¹

75 784 152 813 plures
159 783 184 806 in
192 785 258 805 Sacro
266 787 349 804 monte
355 780 403 802 late.
409 778 467 805 (int,
483 776 535 800 latis
542 775 637 799 constat.
654 777 735 798 Livius
741 791 748 800 ‚
755 775 779 797 ὃ(
787 777 845 809 Dio-

74 814 164 845 nysius,
183 813 223 837 ubi
230 810 360 843 remipsam
367 816 469 835 narrant,
485 815 557 831 unam
564 807 699 830 nominant.
711 804 750 829 sed
763 807 846 841 Livius

75 846 130 869 alibi
138 853 187 869 non
195 844 368 871 semeLSacrarae
377 839 600 872 leges,dixit.Cicero
607 845 705 869 quoque
712 837 741 860 de
748 845 842 868 provin-

75 878 118 900 ciis
125 875 281 901 consularibus
289 882 336 905 cap.
343 882 351 897 1
359 868 843 903 9.Srpatricius,inquintribunmplcbrsfue-

75 911 113 934 rit,
120 916 189 930 comm
195 908 249 937 leges
259 907 363 929 Sacram.
374 907 402 927 Et
411 906 436 927 in
442 909 528 933 ea‚qua:
535 901 624 932 integra
631 908 681 924 non
687 901 756 924 exstat
763 907 806 932 pro
814 902 844 922 C.

76 939 191 963 Cornelio
204 940 294 969 fragm.
309 945 349 963 27.
367 938 434 958 Tanta
447 936 469 957 in
480 935 528 956 illis
541 935 613 956 virius
620 933 685 962 suit,
701 939 728 955 ut
740 940 793 954 anno
804 931 845 961 post

65 979 131 1002 ‘reges
148 970 233 993 exalia
247 971 311 992 XVI,
328 974 411 1000 popter
427 967 521 989 nimiam
533 966 699 987 dominau'onem
709 965 830 995 potentium
839 979 845 990 ‚

70 1003 190 1033 secederem
203 1018 209 1027 ,
226 1003 280 1031 lrges
293 1001 393 1022 samam
411 999 451 1030 ipsi
462 996 504 1028 fibt
517 997 662 1025 restituerent.
684 994 776 1025 Qibus
786 995 846 1018 locis

73 1041 123 1057 non
130 1033 158 1057 de
166 1041 210 1056 una
217 1033 271 1063 lege
279 1048 285 1058 ‚
302 1031 341 1054 led
353 1031 382 1053 de
389 1028 494 1060 pluribus
499 1027 662 1059 accipiendum
669 1027 770 1050 videtur.
779 1026 845 1058 quod

72 1064 167 1089 fiuuam
174 1065 277 1088 omnino
290 1064 368 1094 legem
381 1062 481 1084 velimus
492 1059 573 1087 fuine,
589 1060 614 1083 δε
623 1076 629 1086 ,
646 1056 708 1082 :effe
721 1066 798 1082 tamen
810 1059 844 1082 di-

71 1097 137 1121 &um
145 1103 246 1128 utroque
253 1102 352 1118 numero
359 1111 366 1121 ,
375 1092 512 1116 defendere:
528 1091 645 1116 rationem
652 1089 772 1114 afferemus
781 1091 846 1117 banc,

74 1136 145 1152 unam
157 1129 235 1160 legem
248 1127 295 1151 dici
309 1144 316 1154 ‚
332 1126 399 1157 quod
411 1124 438 1148 ab
451 1123 538 1148 eodem
550 1123 696 1154 magistratu,
713 1121 847 1154 eodemque

74 1161 232 1191 temporelata
239 1158 279 1182 fit:
295 1159 386 1190 plures,
401 1157 456 1188 quia
464 1154 569 1187 pluribus
575 1153 676 1186 partibus
682 1153 783 1177 constet:
797 1161 846 1185 quo

72 1193 149 1216 modo
161 1194 213 1215 xli.
225 1190 296 1214 tabul.
309 1190 333 1213 ὅ(
343 1190 437 1220 legem,
453 1188 547 1219 &leges
554 1186 784 1218 appellarividemus.
803 1188 846 1209 Le-

73 1231 128 1255 gem
135 1223 235 1255 quidem
242 1222 392 1246 tribuniciam
399 1218 583 1251 primamfeflus
595 1217 651 1242 cum
657 1219 766 1241 nominat
774 1235 780 1245 ,
797 1225 847 1241 non

73 1255 159 1279 dubito
172 1256 230 1286 quin
243 1255 312 1277 latam
324 1254 348 1276 in
360 1255 425 1276 Sacro
442 1258 527 1275 monte
538 1249 659 1282 significet.
672 1257 751 1273 utrum
770 1257 846 1273 aurem

74 1287 176 1318 primam
184 1286 300 1316 intelligat
312 1292 406 1310 earum,
422 1291 473 1314 quae
486 1283 583 1306 insacro
590 1288 687 1309 monte,
706 1290 733 1304 an
746 1282 846 1312 primam

75 1319 202 1344 omnium,
221 1317 302 1348 quatin
309 1317 449 1339 omniaetate
461 1317 486 1338 in
500 1314 562 1338 Urbe
574 1312 587 1337 Ξ
599 1313 699 1337 tribunis
712 1313 786 1344 plebis
797 1315 846 1336 larx

74 1349 132 1376 fine,
149 1348 260 1372 affirmare
268 1348 386 1372 nonlicet.
409 1350 493 1374 Homo,
510 1346 590 1377 inquit
604 1362 610 1372 ‚
622 1347 681 1375 sacer
695 1347 712 1367 is
725 1345 765 1373 est,
781 1353 846 1376 quem

69 1383 165 1414 populus
178 1381 202 1403 ab
214 1380 346 1410 maleficium
356 1380 481 1411 judicavit:
498 1379 611 1408 nequesas
622 1378 649 1406 est
659 1386 709 1399 eum
721 1379 831 1399 zmmolari
840 1394 844 1401 ,

68 1414 122 1443 sed,
138 1414 178 1444 qui
189 1414 263 1435 occidit
273 1429 280 1439 ,
294 1412 410 1443 parrum'ii
420 1419 459 1432 nun
470 1410 596 1433 damnatur.
612 1418 662 1432 nam
674 1410 720 1439 lege
731 1408 847 1430 tribunitia
857 1428 859 1431 .

71 1446 149 1477 prima*
157 1451 246 1466 cavetur
258 1459 266 1470 ‚
283 1444 306 1474 fi
314 1450 363 1473 quis
375 1451 425 1464 eum
437 1458 444 1469 ‚
460 1443 502 1472 qui
513 1450 535 1463 eo
544 1441 655 1473 plebiftito
662 1441 722 1469 finer
729 1442 758 1472 fit
770 1441 844 1462 arride·
856 1434 859 1448 ¹

73 1477 104 1498 rit
118 1492 125 1502 ,
141 1476 247 1505 parricida
259 1482 284 1496 ne
292 1476 329 1505 [ῖς.
347 1481 428 1503 ex-qua
439 1474 517 1503 quivis
532 1474 594 1495 homo
605 1473 678 1494 malus
692 1487 699 1497 ‚
722 1479 789 1502 arque
803 1480 845 1493 tm—

71 1506 148 1537 prnbus
162 1508 226 1529 Sacer
235 1506 341 1537 appellari
348 1506 412 1534 soler.
428 1504 536 1535 Sequitur
542 1502 723 1529 lexapublilio,
740 1503 846 1525 &chto-

74 1538 111 1562 rio
118 1537 218 1561 tribunis
226 1537 299 1569 plebis
305 1537 348 1559 lata
356 1553 363 1563 ‚
378 1542 404 1559 ut
410 1535 496 1567 plebeii
509 1534 654 1566 magistratus
666 1534 759 1557 tributis
769 1534 844 1556 comi-

75 1569 216 1592 tiisfierent:
235 1569 277 1599 qui
289 1568 382 1591 curiatis
393 1575 458 1590 autea
470 1567 520 1590 fieri
533 1566 645 1590 solebant.
662 1568 725 1589 Tum
741 1566 780 1589 illa
792 1566 828 1588 lex
837 1582 843 1592 ‚

74 1608 120 1632 qua
128 1617 134 1627 ‚
152 1607 176 1623 ut
183 1603 210 1623 X.
216 1600 306 1622 tribuni
315 1598 388 1629 plebis
394 1605 523 1621 crearentur
531 1615 538 1625 ,
550 1598 602 1622 bini
609 1597 621 1622 e
627 1598 723 1628 lingulis
729 1596 845 1620 clastibus:

74 1639 136 1655 anno
149 1630 162 1654 Ξι
176 1631 259 1662 primis
271 1630 372 1653 tribunis
385 1630 458 1660 plebis
466 1632 566 1653 XXXVl.
579 1636 672 1653 cautum
684 1629 724 1652 est.
743 1630 795 1652 Alia
808 1629 846 1652 lex

73 1663 134 1690 fuit,
150 1661 392 1693 quaDionysioteste,
407 1661 541 1686 cavebatur,
557 1662 662 1692 nequis,
678 1660 774 1683 tribuno
787 1660 847 1691 apud

72 1695 190 1727 populum
203 1696 372 1720 concionante,
388 1693 474 1724 aliquis
484 1692 664 1718 contradiceret,
682 1692 718 1715 vel
726 1692 860 1716 dicentem·

74 1727 242 1758 interpellaret:
256 1725 273 1749 fi
280 1726 334 1757 quis
340 1724 434 1751 fecisset,
446 1724 514 1748 vades
520 1723 620 1748 tribunis
627 1725 697 1749 daret,
705 1731 847 1755 poenamque

74 1757 88 1782 *a
94 1758 193 1782 tribunis
200 1757 334 1789 impositam
343 1757 453 1780 lolverer:
470 1756 513 1788 qui
519 1755 586 1779 vades
593 1764 641 1780 non
648 1755 745 1779 dediffet
752 1772 758 1782 ‚
770 1762 848 1780 morte

73 1791 195 1823 puniretur
203 1807 210 1816 ‚
223 1789 284 1812 bona
290 1789 338 1816 eius
345 1788 400 1811 sacra
407 1787 492 1811 essent:
509 1787 539 1810 de
545 1789 624 1817 poenis
630 1787 766 1818 auremipfis
773 1794 847 1819 popu-

73 1823 109 1847 lus
116 1822 233 1851 judicaret.
251 1824 279 1844 Et
287 1838 293 1847 ,
301 1821 416 1851 quoniam
424 1820 501 1843 Atinii
509 1817 632 1850 pkbisciri,
639 1819 705 1847 quod
713 1819 739 1842 ad
746 1819 848 1842 tribuna-

75 1861 127 1878 tum
134 1853 208 1884 plebis
215 1853 487 1884 pertinuit,meutionem
495 1850 508 1874 ὲ
514 1851 595 1874 Gellio
603 1851 653 1875 fieri
660 1851 847 1881 videozquaenam

75 1884 332 1913 eiusrueritsenientia,
349 1884 500 1915 quaerendum
507 1882 606 1906 viderur.
628 1886 679 1914 Ego
687 1882 716 1906 fic
722 1882 844 1906 existimo:
856 1901 857 1915 ¹

76 1916 184 1940 tribunos
196 1915 269 1947 plebis
281 1922 334 1938 ante
349 1916 459 1938 Atinium
473 1913 619 1945 plebiscitum
636 1916 720 1945 partim
733 1914 858 1938 senatores*

77 1947 144 1973 fuisse
151 1963 158 1973 ,
170 1948 227 1970 alios
233 1954 283 1970 non
290 1945 369 1970 fuisse:
381 1946 447 1975 quod
454 1944 648 1969 scilicerliberum
659 1945 713 1969 esset
721 1947 810 1977 populo
818 1949 858 1980 Rq

76 1979 225 2004 tribunatum
236 1977 311 2009 plebis
326 1977 433 2000 mandare
448 1979 486 2000 cui
499 1978 577 2000 vellet.
592 1978 700 2005 Atinius,
714 1985 762 2009 quo
773 1977 858 2010 modo}

77 2012 177 2044 quidem
185 2011 244 2034 mihi
253 2009 355 2033 videtur.
374 2007 710 2033 necadernithancliberratem
724 2008 787 2040 plebi
800 2011 859 2034 Ro·.

78 2052 166 2070 manae,
184 2043 207 2065 δε
216 2040 400 2072 auxitpotestatis
412 2040 539 2064 tribuniciae
547 2040 694 2071 dignitatern.
709 2041 859 2068 rulitenim„

79 2084 129 2100 non
137 2092 144 2102 ,
158 2075 246 2105 nequis
255 2090 260 2099 ,
274 2072 464 2100 nifiiamienator
472 2090 479 2100 ,
495 2073 601 2096 tribunus
608 2072 658 2096 fieri
665 2072 737 2104 posset
745 2090 750 2099 ,
765 2071 852 2103 (plebis

76 2108 144 2132 enim
151 2106 281 2131 libertztcm
288 2105 423 2131 huiusmodi
429 2106 552 2136 rogatione
560 2103 764 2136 minuiffermeque
771 2105 794 2128 id
802 2105 850 2136 ple·
858 2106 859 2112 ¹

71 2140 120 2163 .bes
127 2139 176 2162 ullo
185 2139 259 2161 modo
267 2135 378 2167 scivisset)
395 2135 475 2160 verum
484 2154 490 2164 ‚
507 2144 546 2163 ut,
563 2144 636 2168 quem
643 2136 764 2160 tribunum
775 2137 859 2168 plebis,

78 2170 178 2197 creasset,
187 2171 205 2193 is
214 2170 258 2192 hoc
266 2167 316 2200 ipso
324 2169 348 2192 in
359 2168 476 2200 posterum
483 2169 573 2192 senator
579 2167 634 2192 esset
649 2176 731 2200 atque,
741 2168 799 2192 hanc
806 2168 859 2192 effe*

79 2202 287 2227 Gelliiverboium
294 2199 590 2227 sententiamcrediderim,
607 2199 661 2224 cirm
673 2201 704 2224 ait
716 2200 778 2224 libro
790 2203 859 2235 xw‘r

79 2234 180 2259 tribunis
187 2232 260 2265 plebis
267 2232 355 2255 senatus
360 2231 458 2256 habendi
467 2234 501 2261 jus
507 2232 580 2259 fuisse,
588 2240 731 2264 quamquam
738 2232 852 2256 senatores

79 2275 130 2291 non
144 2266 215 2289 ess'ent
225 2271 277 2288 ante
284 2264 393 2287 Atinium
402 2263 559 2296 plebiscitum.
580 2264 625 2287 hoc
637 2266 709 2288 etiam
722 2263 735 2287 e
748 2264 851 2296 quodam

80 2299 189 2322 Suetonii
196 2298 250 2320 loco
257 2295 405 2326 suspicamur,
412 2296 498 2320 namin
507 2295 610 2328 Augisto
617 2304 667 2327 cap.
674 2305 714 2323 40-
721 2304 743 2319 n.
750 2306 758 2320 r
765 2315 771 2321 .
786 2298 861 2319 comi-¹

82 2332 127 2358 tiis,
134 2328 261 2361 inquitm-u'
269 2328 598 2359 unirtis‚fitandidatis‘enatorts
605 2329 701 2357 deeffim,
708 2337 736 2351 ex
743 2328 852 2354 equitibus

876 92 1121 122 Laeuus.
1599 97 1657 136 823

879 139 1026 165 tribunatum
1031 147 1118 172 petere.
1129 139 1208 165 multo
1215 138 1288 172 igitur
1294 138 1374 163 minus
1379 139 1449 165 tertio
1456 140 1548 169 ordini,
1561 142 1590 166 iis
1597 160 1604 170 ‚
1610 144 1654 175 qui

879 172 909 195 de
916 172 984 204 plebe
990 173 1136 201 dicebantur,
1143 173 1185 204 qui
1192 179 1234 196 nec
1241 173 1384 203 equite5,nec
1389 172 1504 197 senatores
1510 177 1653 206 erant.quin,

878 204 962 236 primis
968 204 1116 237 temporibus
1123 222 1130 231 ,
1142 211 1234 229 tantum
1240 203 1300 228 abest
1307 221 1314 231 ,
1327 210 1352 228 ut
1359 211 1388 227 ex
1395 202 1473 228 senatu
1483 205 1570 229 tribuni
1579 207 1654 237 plebis

878 243 1009 260 crearentur
1015 253 1023 264 ,
1030 243 1055 260 ut
1060 236 1092 260 ob
1099 244 1151 260 eam
1158 236 1231 267 ipsam
1238 235 1335 260 cauffim
1342 235 1442 260 instituti
1449 236 1493 260 {int
1500 254 1507 264 ,
1523 244 1553 260 ne
1562 237 1652 262 senatus

878 267 983 292 adversus
990 267 1085 300 plebem
1092 268 1216 295 crudelius,
1223 275 1261 292 aut
1267 269 1410 300 arrogantius
1417 276 1501 300 agerer,
1509 268 1611 300 ideoque
1622 278 1652 294 ex

877 298 924 330 ipsa
930 299 999 332 plebe
1005 308 1045 332 per
1052 308 1125 324 annos
1131 301 1220 324 multos
1226 300 1295 323 creati
1302 299 1362 323 sunt.
1375 300 1451 331 postea
1460 308 1551 332 coepere
1561 302 1653 333 equites

877 338 975 364 quoque
981 333 1085 356 Romani
1092 349 1099 359 ‚
1114 340 1138 356 ac
1144 331 1259 356 senatores
1265 330 1409 355 tribunatum
1417 332 1493 363 plebis
1498 340 1583 364 petere.
1601 335 1651 356 Nee

877 363 954 386 multo
960 363 1046 394 postX.
1053 364 1111 391 viri,
1120 363 1167 388 fine
1173 364 1342 395 provocatione
1348 365 1416 387 creati
1425 381 1432 391 ,
1439 367 1488 388 ΧΠ.
1501 364 1571 388 tabul.
1586 365 1651 396 leges

876 394 1003 419 condidere
1010 411 1017 422 ‚
1030 395 1182 427 comitiisque
1189 396 1321 419 centuriatis
1328 396 1449 426 pertulere.
1464 396 1550 427 quibus
1561 397 1652 428 inlegi-

876 425 918 450 bus
925 434 980 450 cum
987 427 1029 451 alia
1036 428 1110 451 multa
1117 428 1243 459 prudenter
1248 428 1276 451 ad
1283 427 1456 458 temperandam
1463 428 1591 453 civitatem,
1598 434 1652 453 tum

877 457 906 481 de
912 458 1082 490 magistratibus
1088 460 1161 482 multa
1167 457 1299 483 sancitaeffe
1306 475 1312 485 ,
1326 459 1438 482 credibile
1445 459 1476 483 est
1483 476 1490 487 ‚
1503 462 1530 483 X.
1544 460 1651 484 virorum

877 490 978 524 irnperio
986 490 1068 518 finito,
1081 498 1137 514 cum
1144 490 1313 522 tribuniplebis
1319 492 1387 514 creati
1395 490 1465 514 ess'ent
1473 507 1479 518 ‚
1497 499 1558 523 quos
1569 494 1597 515 Χ.
1605 492 1651 516 viri
1663 494 1670 496 ’

876 522 1006 545 umulcum
1013 523 1181 554 provocatione
1187 522 1321 546 sustulerant
1328 539 1335 549 ,
1349 530 1399 553 quae
1407 522 1534 546 firminima
1543 521 1605 554 plebi
1612 531 1651 547 au-

877 553 931 576 xilia
939 570 946 581 ‚
959 555 984 577 δε
992 561 1111 586 tamquam
1119 554 1168 577 duae
1179 554 1269 578 tuenda:
1276 553 1388 577 libertatis
1394 562 1455 577 arces
1461 554 1484 577 fu
1492 561 1563 578 ·rant:
1577 554 1652 578 tribu-

877 586 1001 609 natuinito
1008 603 1016 614 ,
1032 586 1080 609 fine
1086 586 1132 609 ulla
1138 593 1204 609 mora
1212 588 1246 609 M.
1253 586 1344 608 Duilius
1351 585 1379 608 de
1387 584 1521 609 consulibus
1533 593 1589 610 cum
1595 594 1651 618 pro-

876 618 1000 641 vocatione
1010 617 1276 649 creandisuogationem
1290 618 1392 648 pertulit.
1411 625 1481 648 quam
1493 617 1566 648 ipsam
1572 619 1651 642 multo

876 656 927 672 ante
934 651 956 673 P.
964 650 1066 673 Valerius
1073 648 1169 675 consul,
1176 649 1321 675 utdiximus,
1329 650 1410 673 tulerat
1418 657 1423 670 z
1433 647 1479 676 sed,
1487 649 1649 678 intermissam,

876 680 900 703 ὅ(
908 680 970 712 quasi
976 680 1086 704 sublatam
1093 683 1120 704 X.
1129 682 1234 704 virorum
1242 680 1374 712 magistratu
1381 698 1387 707 ‚
1405 682 1499 704 Duilius
1513 682 1648 709 renovavit,

876 713 974 739 auitam,
984 714 1081 744 opinor,
1089 713 1166 744 aliqua
1175 721 1208 740 rc,
1217 713 1240 735 δε
1248 712 1349 743 graviori
1357 713 1405 741 jure
1411 713 1573 736 confirmatam
1580 722 1586 735 :
1594 713 1652 737 ficu-

876 744 895 766 ti
908 744 932 767 δε
945 745 1069 776 aliae.leges
1081 745 1160 768 multae
1173 745 1268 768 diversis
1279 744 1426 775 temporibus
1432 745 1605 775 plureslabores
1611 745 1652 769 ba·

876 774 959 802 bunc,
968 774 1022 800 cum
1030 776 1138 800 vetuslex
1146 777 1263 807 novalege
1271 776 1307 799 vel
1314 776 1468 807 corrigeretur
1475 793 1481 802 ‚
1494 777 1545 804 vel,
1552 783 1577 799 ut
1590 783 1652 800 tem-

876 814 917 837 pus
924 823 931 834 ,
938 807 1063 840 moresque
1070 807 1173 832 ferebant
1180 825 1186 835 ‚
1195 808 1245 831 aliis
1252 807 1400 830 cautionibus
1408 807 1499 836 adicitis
1507 825 1513 835 ,
1521 815 1651 838 augeretur.

874 839 930 862 hinc
936 838 965 862 de
972 841 1098 863 communi
1105 840 1216 863 omniurn
1225 839 1345 869 Quiritum
1354 839 1401 866 iure
1407 840 1470 870 leges
1477 856 1483 866 ‚
1495 839 1600 871 primum
1608 843 1652 864 Va-

874 870 929 894 leria
936 872 1039 899 Horatia,
1046 871 1132 896 deinde
1138 870 1365 901 publilia‚possremo
1373 870 1493 894 Hortensia
1510 871 1584 902 prima
1591 871 1652 895 duo-

875 909 929 926 rum
936 902 1060 927 consulum
1067 921 1074 931 ‚
1092 904 1188 935 reliquae
1194 903 1244 926 dua:
1251 902 1405 926 dictatorum:
1421 902 1475 925 hinc
1487 901 1633 933 sumptuaria:
1640 918 1649 930 .

876 935 922 962 vel,
931 941 955 957 ut
962 937 1022 958 Cato
1029 935 1157 960 Censorius
1163 933 1297 967 appellabat,
1304 932 1501 961 cibariaezoxchia,
1509 935 1599 961 Fannia,
1609 934 1652 957 Di-

875 965 921 993 dia,
929 966 1028 994 Licinia,
1035 968 1137 995 AEmilia,
1145 968 1226 991 Antia:
1240 966 1295 989 hinc
1301 965 1330 989 de
1337 964 1427 989 ambitu
1435 965 1516 989 Petilia
1522 982 1528 992 ,
1536 966 1650 989 Cornelia

876 997 899 1020 ἂ
907 997 988 1026 nebia,
995 998 1279 1030 Calpurnia‚Tullia‚Julia
1286 1005 1291 1020 ε
1299 1005 1350 1028 quae
1356 1004 1405 1020 non
1413 996 1468 1020 ideo
1475 998 1518 1021 alia
1524 997 1575 1028 post
1582 998 1651 1021 aliam

876 1029 924 1052 latae
931 1028 991 1056 sunt,
998 1038 1022 1053 ut
1029 1032 1133 1062 priorem
1140 1031 1219 1062 legem
1226 1028 1339 1060 posterior
1346 1028 1477 1060 abrogaret:
1491 1027 1529 1052 sed
1537 1046 1543 1056 ‚
1551 1035 1576 1052 ut
1583 1029 1634 1053 dixi
1641 1045 1649 1056 ,

875 1062 911 1095 {el
918 1069 943 1084 ut
951 1063 1103 1093 corrigeretur
1111 1062 1211 1093 aliquid,
1219 1061 1287 1084 velut
1295 1068 1384 1084 novum
1392 1062 1436 1090 jus,
1443 1060 1502 1084 urile
1508 1061 1606 1087 civitati,
1612 1061 1653 1084 ad-

875 1092 1005 1117 iciscererut
1013 1103 1017 1116 :
1026 1095 1095 1118 velut
1103 1111 1109 1121 ,
1117 1093 1224 1117 moribus
1231 1092 1258 1116 ad
1265 1092 1380 1116 deteriora
1387 1092 1496 1123 quotidie
1503 1093 1576 1123 magis
1583 1092 1654 1116 incli-

875 1124 990 1152 nantibus,
1000 1133 1068 1156 pocna
1075 1126 1320 1157 graviorirrogaretur.
1327 1123 1393 1155 quod
1401 1123 1463 1147 libro
1470 1126 1498 1148 ll.
1511 1131 1561 1156 cap.
1569 1132 1581 1147 2
1588 1133 1608 1148 1.
1621 1124 1653 1148 de

877 1156 961 1180 officiis
968 1159 1054 1181 Cicero
1062 1156 1172 1188 fignificat
1179 1157 1215 1180 his
1223 1154 1306 1180 verbis.
1322 1157 1426 1178 Nondum
1432 1163 1517 1179 centum
1523 1171 1530 1182 ,
1545 1154 1571 1179 ώ-
1578 1157 1651 1179 decem

877 1190 991 1219 annisum,
999 1190 1047 1212 u'cm
1054 1190 1177 1221 depecuniis
1185 1188 1306 1219 repetunda
1313 1186 1327 1210 ὰ
1335 1189 1362 1210 L.
1370 1188 1442 1218 Piftme
1449 1188 1494 1210 lara
1501 1187 1526 1216 est
1534 1188 1581 1214 lex,
1591 1188 1651 1210 meaa

877 1227 941 1252 ante-a
949 1221 996 1243 ciam
1005 1221 1090 1249 [ιιι-ἄξι’.
1103 1228 1126 1243 a:
1138 1229 1189 1243 vero
1199 1220 1266 1249 ¹postea
1279 1225 1309 1241 rot
1322 1221 1391 1250 leges,
1410 1217 1436 1241 ύ-
1445 1220 1549 1248 proxim-c
1557 1227 1650 1250 quaeque

876 1253 980 1274 duriora.
997 1251 1101 1276 Causs’am
1109 1259 1180 1284 porro
1188 1252 1243 1279 juris
1254 1251 1336 1274 eadem
1349 1250 1378 1273 de
1390 1257 1414 1273 re
1420 1249 1580 1273 constituendi
1591 1249 1650 1274 hane

876 1283 947 1306 video
954 1283 1032 1310 fuisse,
1047 1291 1071 1306 ur
1079 1283 1230 1314 antiquaelegi
1237 1300 1244 1310 ,
1261 1283 1307 1311 jam
1316 1281 1424 1305 vetustate
1431 1280 1570 1309 senescenti,
1587 1288 1651 1305 nova

876 1314 1008 1338 subveniret
1014 1316 1079 1346 quod
1088 1317 1112 1338 in
1119 1316 1172 1347 lege
1179 1315 1268 1337 Licinia
1276 1315 1305 1337 de
1311 1312 1451 1343 sumptibus,
1461 1320 1511 1344 quae
1518 1311 1565 1336 feri:
1575 1313 1651 1342 idem,

877 1347 942 1376 quod
951 1348 1041 1373 Fannia,
1049 1346 1131 1373 sanxit,
1139 1345 1259 1378 quaesitum
1267 1345 1310 1369 effe
1317 1345 1343 1368 in
1351 1344 1473 1368 Macrobio
1479 1345 1581 1375 legimus
1589 1361 1595 1371 ‚
1605 1347 1650 1370 Sat.

876 1378 965 1401 lib.111.
979 1385 1047 1409 atque
1055 1379 1099 1401 hoc
1106 1377 1184 1408 ipsum
1192 1377 1220 1401 de
1227 1380 1276 1400 Xll.
1288 1376 1359 1400 tabul.
1366 1375 1466 1400 eveniffe
1474 1393 1481 1404 ‚
1497 1376 1562 1399 idem
1572 1376 1651 1401 tradit.

875 1417 974 1441 quarum
982 1410 1022 1434 ubi
1030 1410 1231 1441 coutemnicoepit
1237 1409 1375 1440 antiquitas:
1391 1408 1473 1431 eadem
1480 1408 1533 1434 illa,
1545 1408 1652 1439 quaeillis

876 1441 967 1473 legibus
973 1441 1109 1465 cavebantur
1116 1458 1122 1469 ,
1131 1443 1155 1465 in
1163 1442 1204 1464 alia
1211 1441 1330 1464 latronum
1337 1441 1436 1463 nomina
1442 1438 1586 1463 transierunt.
1603 1442 1652 1463 Re-

875 1475 930 1497 tulit
937 1474 1008 1504 igitur
1015 1473 1189 1504 Duilius‚quod
1195 1470 1326 1495 antelatum
1333 1478 1379 1494 erat
1386 1480 1392 1493 ι
1399 1473 1433 1497 &,
1441 1471 1507 1502 quod
1515 1471 1609 1494 Duilius
1615 1479 1653 1494 re-

876 1505 931 1528 tulit
937 1521 944 1531 ,
958 1505 983 1527 id
990 1506 1076 1528 eodem
1084 1512 1146 1528 anno
1152 1505 1204 1535 lege
1211 1505 1253 1526 lara
1261 1506 1286 1526 L.
1294 1503 1397 1526 Valerius
1404 1502 1427 1524 δε
1435 1505 1470 1526 M.
1479 1503 1587 1525 Horatius
1594 1502 1650 1527 coss.

876 1543 925 1559 non
932 1536 1101 1560 confirmarunt
1108 1533 1197 1562 modb,
1214 1534 1253 1558 sed
1261 1540 1372 1558 auxerunt
1381 1534 1453 1557 etiam
1460 1550 1466 1560 ‚
1484 1541 1548 1556 novo
1556 1534 1604 1562 jure
1612 1533 1652 1557 ad-

874 1566 972 1599 scripto:
990 1567 1045 1591 cin-n
1052 1569 1092 1591 ille
1098 1568 1127 1591 de
1134 1567 1301 1599 provocatione
1308 1564 1321 1588 {a
1327 1564 1463 1588 consulibus
1470 1563 1559 1588 tantum
1566 1582 1573 1592 ‚
1588 1565 1613 1588 hi
1620 1566 1651 1589 de

874 1600 1042 1630 provocatione
1048 1599 1075 1623 ab
1082 1602 1152 1623 omni
1158 1598 1289 1630 magistratu
1296 1615 1302 1625 ‚
1320 1598 1574 1628 quicunquecrearetur
1581 1613 1587 1623 ,
1598 1597 1650 1629 lege

874 1631 1004 1658 sanxerint,
1022 1632 1271 1663 qui&aliamlegem‚
1287 1636 1332 1661 qua
1343 1636 1446 1652 veterem
1459 1629 1525 1651 illam
1537 1630 1649 1653 §aeratam

874 1662 1190 1689 confinnarunr‚tulerunt,ut
1197 1659 1334 1686 iacrossneta
1340 1659 1410 1684 essent
1417 1659 1566 1683 tribunorum
1575 1659 1651 1690 plebis

876 1701 973 1725 corpora
981 1695 1057 1723 :cujus
1063 1695 1097 1718 rei
1104 1692 1176 1725 prope
1183 1694 1229 1724 jam
1235 1691 1336 1716 extincta
1343 1691 1458 1714 memoria
1464 1698 1511 1714 erat
1519 1699 1524 1714 :
1532 1692 1650 1722 religione

876 1726 948 1749 etiam
954 1725 981 1748 ad
988 1726 1065 1756 legem
1072 1725 1156 1753 adjecta
1163 1741 1171 1752 ,
1187 1723 1328 1748 ceremoniis
1336 1721 1474 1754 quibusdam
1482 1730 1509 1745 es
1517 1730 1604 1754 magno
1612 1723 1650 1747 irt-

878 1758 974 1780 tervallo
982 1758 1065 1781 relatis.
1072 1757 1201 1788 eademque
1208 1757 1259 1787 lege
1266 1761 1359 1778 cautum
1367 1753 1485 1785 cst2utaqui
1493 1753 1593 1778 tribunis
1599 1755 1651 1785 ple-

877 1788 922 1815 bis,
930 1788 1036 1812 aedilibus
1043 1806 1051 1817 ‚
1058 1793 1086 1813 X.
1098 1789 1154 1813 viris
1160 1786 1273 1811 nocuiffer
1281 1803 1287 1813 ,
1304 1787 1353 1814 eius
1359 1793 1425 1817 caput
1431 1786 1484 1817 Jovi
1492 1783 1578 1809 sacrum
1586 1785 1650 1811 esset.

877 1819 916 1844 sed
923 1820 1010 1844 horum
1016 1821 1140 1845 consulum
1148 1822 1222 1851 prima
1228 1820 1266 1843 lex
1273 1826 1298 1841 ea
1305 1818 1411 1849 fuitqua:
1418 1817 1567 1841 tribunorum
1576 1817 1651 1848 plebis

876 1852 1013 1883 potestatem
1021 1852 1094 1884 quam
1102 1850 1204 1876 maxime
1217 1853 1280 1874 auxit
1287 1867 1294 1877 ‚
1312 1858 1382 1881 quam
1389 1850 1462 1873 tulere
1469 1850 1602 1873 centuriatis
1609 1858 1650 1874 co-

876 1885 952 1908 mitiis
960 1901 967 1911 ,
974 1892 1012 1911 ut,
1020 1885 1086 1915 quod
1093 1884 1200 1908 tributim
1209 1883 1308 1914 populus
1315 1879 1405 1910 iussisset
1412 1898 1418 1908 ‚
1437 1889 1520 1904 omnes
1528 1887 1650 1906 tenerent:

877 1916 943 1947 quod
950 1914 1002 1939 ante
1008 1917 1081 1940 veluti
1090 1917 1116 1940 in
1122 1914 1274 1939 controverso
1288 1915 1336 1941 iure
1342 1912 1408 1936 fuisse
1417 1930 1422 1939 ,
1436 1913 1459 1936 a&
1467 1914 1548 1936 Livius
1560 1914 1590 1936 ait
1598 1931 1605 1941 ,
1624 1914 1650 1938 ὗε

876 1946 1002 1977 Dionysius
1014 1948 1146 1971 confirmat.
1159 1954 1199 1970 cur
1207 1953 1283 1969 aurem
1290 1942 1465 1968 controversum
1475 1943 1558 1970 fuerin
1569 1946 1650 1969 Livius

877 1986 928 2002 non
935 1980 1035 2009 exponit
1042 1996 1049 2005 ,
1061 1978 1099 2002 sed
1107 1978 1232 2008 Diony-ssus
1239 1975 1376 2000 subobscure
1382 1975 1505 2006 significat:
1514 1977 1584 2007 quia)
1594 1975 1650 2001 cum

877 2010 929 2041 lege
935 2011 1067 2034 centuriatis
1073 2010 1178 2033 comitiis
1184 2010 1226 2032 lata
1232 2016 1263 2039 po
1266 2009 1333 2042 pultis
1340 2008 1419 2031 omnis
1425 2014 1547 2032 teneretur*
1555 2007 1651 2033 tributis

879 2041 934 2065 vero
941 2042 1121 2065 comitiislatam
1128 2040 1214 2073 plebeii
1227 2047 1316 2063 tantum
1330 2038 1456 2063 servarent:
1473 2039 1538 2071 plebs
1549 2041 1650 2064 eandem

878 2072 922 2097 effe
929 2073 1093 2097 conditionem
1099 2075 1124 2097 in
1131 2072 1234 2104 utrisque
1241 2072 1332 2103 legibus
1339 2070 1438 2098 volebat,
1446 2078 1472 2094 ut
1480 2088 1486 2098 ,
1494 2072 1652 2104 quemadmo-

879 2106 937 2128 dum
944 2106 1077 2129 centuriatis
1083 2105 1200 2131 comitiis,
1210 2102 1250 2127 ubi
1258 2104 1308 2135 plus
1315 2103 1404 2135 patricii
1412 2102 1502 2133 possent
1510 2120 1516 2131 ,
1526 2103 1650 2134 larasleges

878 2137 962 2169 plebeii
969 2137 1116 2161 observarent
1125 2154 1132 2164 ,
1142 2138 1201 2160 item
1208 2143 1238 2159 eo
1245 2136 1293 2164 iure
1301 2153 1306 2161 ,
1313 2135 1379 2167 quod
1386 2134 1478 2159 tributis
1485 2135 1591 2159 comitiis
1601 2136 1652 2159 san-

878 2170 952 2192 citum
960 2169 1021 2196 effer,
1029 2170 1053 2192 in
1060 2169 1145 2201 quibus
1153 2167 1236 2200 plebeii
1244 2168 1345 2199 patriciis
1352 2165 1603 2198 suffragiopmstabant,
1611 2175 1650 2198 pa-

878 2202 940 2225 trini
948 2209 1086 2225 tenerentur.
1104 2201 1195 2225 Eodem
1203 2207 1263 2223 anno
1270 2199 1336 2223 idem
1347 2199 1440 2223 Duilius
1447 2199 1540 2230 plebem
1548 2201 1648 2230 rogavit,

878 2232 1003 2265 plebesque
1015 2232 1081 2257 scivit
1094 2241 1100 2255 ε
1122 2234 1160 2263 qui
1170 2231 1255 2264 plebem
1265 2233 1310 2263 fine
1322 2230 1413 2254 tribunis
1422 2230 1490 2259 plebis
1502 2230 1648 2261 relijmffiwt,

879 2267 961 2296 quique
971 2265 1124 2296 magistrarum
1139 2265 1185 2294 fine
1200 2264 1347 2293 provocatione
1357 2262 1455 2291 ‹reaffinr
1467 2279 1474 2289 ,
1502 2269 1558 2293 vergo
1575 2270 1600 2283 ac
1615 2270 1650 2284 ca-

877 2298 925 2327 pite
935 2300 1062 2328 puniremur
1075 2305 1081 2319 :
1099 2297 1193 2327 qualem
1201 2293 1337 2318 &consules
1347 2294 1449 2318 Valerius
1462 2294 1484 2317 δι
1492 2293 1601 2317 Horatius
1613 2299 1650 2316 tu-

880 2329 961 2351 lerant.
973 2329 1089 2360 qualege,
1107 2335 1157 2352 tum
1164 2326 1292 2353 consulari,
1304 2333 1355 2350 tum
1362 2325 1500 2351 tribunicia,
1513 2324 1624 2350 dietator,
1636 2322 1650 2347 ὲ

81 2364 116 2396 Q
128 2363 221 2387 creavit.
238 2363 272 2386 Ex
279 2366 328 2391 quo
335 2357 439 2392 sequitur
445 2376 453 2390 ‚
465 2367 515 2386 non
520 2357 609 2386 licuisse
621 2366 685 2386 antea
691 2355 809 2393 equitibus
822 2363 854 2387 R.
871 2367 921 2394 quo
928 2367 993 2387 antea
999 2361 1136 2393 provocatio
1143 2359 1170 2384 ad
1178 2358 1296 2390 populum
1303 2364 1414 2387 nouerat,
1421 2364 1476 2383 cum
1483 2355 1568 2382 ⁶²¹&ss
1576 2356 1651 2390 magi-

1167 2388 1284 2418 xkkkk
1299 2397 1314 2416 ὲ
1546 2385 1652 2413 stratibus
