2075 2734
418 126 448 154 D
502 135 520 154 1.
597 125 621 153 A
680 133 702 151 M
760 132 775 149 Β
834 132 844 149 1
903 131 921 149 τ
981 131 1008 149 υ.
1089 121 1268 159 Car-29.
1583 131 1636 168 647

646 200 670 227 C
699 209 715 226 A
741 198 1434 315 {sae-‘ausa
1501 189 2056 256 ‘ffiffimff

113 342 221 373 mbirum
235 340 400 379 appellarunt
412 339 515 368 crimen
528 336 590 366 illud
605 358 612 369 ‚
634 345 688 374 quo
705 336 764 373 quis
778 335 804 363 se
816 337 842 364 in
857 335 1002 364 ambiendo
1017 336 1171 377 magistratu
1184 337 1333 366 obstrinxit.
1374 340 1484 369 Δῃὼ),
1498 353 1562 372 vero
1576 352 1633 374 erat

40 346 109 410 Α
125 390 225 418 petere,
245 389 338 408 verum
351 377 498 408 studiosius,
519 375 714 412 impcnliusque
728 395 735 406 ,
754 384 836 412 quam
853 384 944 403 mores
958 396 965 406 ‚
985 373 1107 414 legelque
1122 376 1236 403 civitatis
1253 376 1381 406 ferebant.
1420 384 1461 407 De
1473 381 1572 410 ambitu
1588 382 1635 411 ci,

49 431 101 449 σενα
114 421 184 449 libro
199 421 232 448 de
242 419 371 455 petitione
385 415 542 444 Consulatus
555 418 586 442 ad
605 415 777 453 QFrati-em
788 434 794 444 ,
814 413 918 440 Carolus
931 413 1046 450 Sigonius
1059 412 1105 439 lib.
1120 423 1147 440 2.
1158 414 1191 441 de
1202 415 1324 450 judiciis,
1344 419 1371 444 ἃ
1387 428 1418 446 ex
1433 429 1466 448 eo
1482 430 1546 455 nos,
1565 421 1634 450 libro

49 460 83 488 de
95 457 281 498 mxgfiratibm
292 456 377 484 multa
389 454 515 483 diximus,
557 454 610 482 Hic
623 460 729 482 tantum
741 451 814 490 leges
827 452 860 480 de
874 451 994 484 ambitu,
1014 449 1057 479 vel
1069 452 1159 487 potius
1173 461 1268 481 contra
1282 454 1415 485 ambitum
1433 459 1497 488 latas
1511 459 1633 489 recitabi-

47 507 117 527 mus.

660 532 731 565 Lex
747 529 785 564 de
800 539 869 578 toga
885 527 1033 563 candida.

88 600 184 628 Primae
196 597 276 634 legis,
295 606 352 634 quae
366 596 397 625 ad
411 596 544 625 ambitum
559 595 706 631 pertineret
717 595 823 623 mentio
837 594 873 621 est
889 593 958 630 apud
972 591 1078 634 Livium
1091 591 1173 627 lib.4.
1192 594 1226 618 L.
1244 593 1362 632 Pinario,
1381 598 1508 632 LFurio,
1528 598 1636 628 tribunis

48 638 168 667 militum
178 635 316 664 Consulari
329 636 474 672 potestate,
495 643 566 662 anno
581 644 679 662 cccxxx
688 644 710 661 1.
723 642 774 671 qua
788 640 858 671 togae
865 632 982 660 candidae
996 634 1054 658 ulus
1067 631 1105 658 est
1118 631 1283 671 interdietus.
1306 632 1417 665 Placuit,
1438 636 1633 673 inquitLivtm,

0 676 1 681 ¹
46 675 147 705 senatui
161 674 285 703 tollendae
301 674 457 702 ambitionis
471 672 558 704 causti,
579 672 700 701 tribunos
715 671 804 709 legem
819 669 993 708 promulgare
1006 690 1013 702 ‚
1033 679 1065 712 {ae
1084 678 1124 696 cm
1136 667 1221 697 album
1238 669 1443 704 mveffimentum
1457 676 1552 703 addere
1567 678 1636 713 peti-

0 720 2 746 l
46 714 128 744 tionis
142 713 217 742 causa
230 712 332 741 liceret.
354 713 484 741 Vicerunt
498 710 613 743 tribuni,
633 718 662 739 ut
676 710 765 748 legem
778 709 937 746 perferrent.
961 710 1025 745 Qo
1036 716 1063 735 in
1076 707 1154 740 loco,
1174 715 1204 736 ut
1215 707 1268 736 hoc
1282 708 1370 737 obiter
1383 720 1526 747 moneam,
1548 715 1576 742 in
1591 725 1637 744 νε-

47 753 203 782 stimentum
212 772 219 783 ‚
240 751 340 780 duabus
354 751 481 779 distinctis
488 749 600 779 vocibus
612 749 758 786 legendum
771 746 856 786 Jnstus
865 746 959 786 Lt'pp'us
971 747 1016 774 lib.
1025 754 1052 781 4.
1065 747 1206 784 Antiquar.
1220 746 1366 775 lefflonum
1376 769 1383 779 ,
1405 759 1464 787 cap.
1477 761 1636 785 15.monet:

0 793 1 798 ¹
47 799 77 820 ut
91 790 179 819 sensus
191 790 222 818 sit
237 811 244 822 ,
267 789 376 818 vetuiffe
390 789 478 827 legem
491 787 576 817 album
589 787 653 815 addi
665 789 692 815 in
708 787 808 815 vestem
822 807 829 817 ‚
849 786 877 814 id
892 787 928 814 est
941 807 950 818 ‚
971 792 1071 825 cretam
1090 805 1097 817 ,
1117 784 1232 822 gypsum
1245 806 1253 817 ,
1275 787 1301 813 ὃς
1316 786 1409 814 similia
1421 808 1427 819 ‚
1449 789 1542 825 quibus
1556 798 1633 828 togas

45 829 102 857 suas
115 838 210 857 ornare
223 829 334 865 petituri
345 827 478 861 solebant,
499 837 532 856 ex
544 835 599 865 quo
615 827 642 854 ὃ(
655 834 759 854 nomen
773 825 893 853 manavit
905 824 1045 852 candidan·
1085 825 1164 853 Hanc
1184 832 1276 853 tamen
1289 823 1379 863 legem
1394 825 1561 856 observatam
1575 839 1631 857 non

44 867 110 900 esse,
129 867 189 897 fiais
203 866 312 896 constat.

0 929 5 1004 ι
728 904 869 938 Pratelia
893 903 954 936 lex.

84 965 176 995 Livius
189 973 281 996 tamen
293 968 324 995 de
336 965 436 995 ambita
448 968 570 1005 primum
585 967 667 998 latam
680 968 732 997 effe
745 971 776 995 C.
792 966 868 995 fabio
879 988 887 999 ‚
912 968 939 995 ὃς
953 969 984 996 C.
1000 963 1102 993 Plautio
1123 966 1196 995 Coss:
1211 965 1301 995 scribit
1314 976 1386 995 anno
1406 977 1537 996 cccxcvrt
1546 978 1568 996 1.
1591 970 1638 998 ad-

44 1005 135 1036 'versus
147 1015 208 1039 eos,
229 1007 276 1044 qui
291 1007 421 1035 nundinas
430 1028 439 1039 ‚
459 1009 487 1036 δι
501 1007 675 1037 conciliabula
687 1006 814 1044 praefandi
826 1006 901 1034 causa
913 1005 1028 1033 obirent.
1047 1006 1090 1032 De
1102 1004 1215 1035 ambita,
1235 1006 1340 1043 inquit,
1362 1006 1376 1033 a
1390 1010 1420 1033 C.
1430 1006 1540 1033 Pratelio
1555 1006 1636 1034 tribu-

47 1055 78 1072 no
89 1044 173 1081 plebis
185 1065 192 1077 ‚
213 1044 366 1073 authoribus
378 1045 497 1082 patribus
511 1053 571 1073 tum
585 1048 706 1083 primurn
724 1045 807 1074 latum
824 1045 856 1072 ad
873 1043 1004 1082 populum
1021 1043 1058 1071 est
1072 1061 1079 1073 ,
1099 1052 1182 1080 eaque
1196 1045 1338 1082 rogatione
1359 1054 1494 1072 novorum
1515 1048 1635 1074 maxime

44 1082 193 1111 ‘hominum
208 1082 371 1111 ambitionem
383 1104 391 1116 ‚
412 1085 458 1121 qui
472 1085 603 1113 nundinas
621 1088 648 1115 ὃς
662 1083 836 1114 conciliabula
851 1084 927 1110 obire
941 1082 1012 1109 soliti
1029 1089 1104 1109 erant
1117 1102 1126 1115 ,
1146 1082 1325 1119 compressam
1340 1083 1492 1111 credebant.
1530 1086 1636 1112 Verum

49 1123 76 1150 ἃ
89 1121 157 1150 hanc
170 1121 259 1159 legem
273 1122 355 1150 tacito
367 1123 426 1158 post
440 1121 566 1150 consensu
586 1124 743 1162 abrogatam
763 1122 912 1149 existimare
930 1119 1068 1157 possumus
1082 1141 1088 1151 ,
1115 1120 1214 1157 quippe
1233 1130 1295 1149 cum
1310 1121 1425 1155 petitores
1444 1119 1638 1159 magistratuum

49 1159 131 1187 etiam
145 1161 171 1188 in
182 1161 332 1196 provincias
347 1161 379 1187 ad
392 1159 574 1192 coloniarum,
596 1164 622 1190 &
632 1161 845 1196 municipiorum
859 1160 973 1196 gratiam
989 1158 1173 1195 colligendam
1187 1159 1326 1187 accurrisse
1340 1159 1452 1187 constet·
1479 1162 1559 1188 Anno
1575 1161 1637 1189 inde

48 1207 211 1227 ccccxxxix.
230 1201 264 1225 C.
276 1197 397 1225 Manium
410 1197 569 1226 Dichrem
583 1200 736 1237 quaestiones
753 1198 896 1226 exercuiffe
908 1197 999 1225 scribit
1012 1196 1134 1224 adversus
1149 1206 1211 1228 eos,
1231 1198 1276 1235 qui
1288 1198 1491 1234 magistratuum
1505 1199 1638 1234 petendo-

49 1245 111 1271 tum
123 1236 198 1266 causa
210 1236 344 1265 coitiones
355 1236 488 1272 fecissent,
509 1238 581 1275 quod
595 1238 718 1266 adversus
732 1234 926 1272 rempublicam
939 1234 1033 1262 efflent.

642 1292 745 1329 Baebia
770 1294 832 1328 2AE
835 1293 927 1326 milia
951 1292 1013 1325 lex.

87 1355 150 1383 Post
161 1361 252 1384 autem
272 1365 343 1384 anno
362 1363 477 1384 mixxi.
497 1355 570 1394 leges
588 1356 621 1384 de
637 1356 743 1385 ambitu
758 1356 816 1383 latae
836 1353 896 1383 sunt
909 1376 915 1386 ‚
936 1353 950 1381 ὲ
963 1358 1004 1393 M.
1021 1351 1099 1380 Babio
1112 1374 1120 1385 ‚
1139 1356 1170 1380 L.
1185 1353 1286 1382 AEmilio
1305 1355 1376 1384 Cofl‘.
1396 1363 1426 1384 ut
1439 1355 1528 1386 scribit
1540 1357 1638 1387 Livius.

50 1395 155 1421 Verum
171 1395 245 1430 cujus
259 1394 394 1423 sentemiae
406 1404 443 1422 eae
456 1394 555 1423 fuerint
567 1414 576 1426 ,
596 1404 652 1422 non
663 1395 747 1423 addit.
787 1392 871 1419 Cat-ol.
886 1392 1000 1430 Ssgomus
1010 1393 1148 1428 opinatur,
1168 1393 1300 1421 AEmtlium
1315 1394 1399 1423 tulisse
1412 1393 1501 1432 legem
1516 1397 1640 1426 adversus

49 1431 248 1469 suffragationes
262 1435 288 1461 δε
301 1434 447 1460 coitiones:
470 1432 582 1460 Babium
594 1440 684 1460 autem
699 1431 824 1461 adversus
835 1430 997 1467 largitiones.
1084 1467 1088 1470 γ

90 1471 171 1498 Anno
186 1471 250 1498 inde
266 1479 377 1499 roxem.
390 1470 432 1497 lex
444 1471 475 1496 de
488 1470 587 1498 ambitu
600 1470 652 1498 lata
665 1471 701 1497 est
711 1491 718 1502 ,
745 1468 904 1498 Consulibus
924 1472 970 1495 Cn.
986 1467 1101 1494 Cornelto
1114 1465 1245 1495 Dolabella
1259 1490 1266 1501 ‚
1295 1473 1322 1499 ὃς
1336 1475 1375 1498 Μ,
1389 1470 1479 1498 Fulvio
1496 1471 1639 1505 Nobiliore,

51 1508 117 1539 teste
128 1507 203 1536 Livio
215 1509 242 1536 in
256 1508 399 1544 Epitomis.
420 1509 498 1536 Putat
511 1518 577 1536 vero
589 1507 671 1546 Sigon.
685 1508 734 1536 hac
748 1507 942 1547 primum-lege
957 1505 1061 1542 capitali
1077 1514 1156 1541 poena
1171 1514 1278 1534 cautum
1294 1508 1361 1541 effe,
1381 1519 1415 1536 ne
1429 1507 1550 1546 suffiagia
1560 1511 1638 1539 donis

50 1556 82 1575 ac
94 1548 205 1583 pecunia
217 1554 380 1575 emerentur.
407 1546 504 1575 Scribit
516 1553 609 1574 tamen
625 1546 754 1575 Plutarch.
775 1547 802 1574 in
817 1545 964 1576 Coi-nolano,
986 1544 1012 1572 se
1025 1543 1140 1574 nescire,
1160 1545 1218 1580 quis
1232 1546 1336 1581 primus
1351 1546 1483 1583 populum
1497 1548 1640 1585 largitione

51 1585 212 1619 corruperit:
233 1583 292 1611 sero
305 1592 398 1612 tamen
411 1584 583 1621 largitionem
597 1584 746 1613 faCtitatam
759 1606 766 1617 ‚
785 1584 847 1613 satis
861 1583 987 1611 constare.
1027 1583 1120 1619 Itaque
1138 1582 1171 1610 ad
1191 1584 1285 1611 eadem
1299 1591 1425 1622 tempora
1439 1585 1504 1613 illud
1520 1587 1638 1621 pertinet

49 1620 160 1658 Polybi,
180 1622 227 1659 qui
239 1621 341 1655 scribit,
362 1629 439 1650 aetate
450 1622 494 1650 sua
507 1622 634 1649 ambitum
648 1623 789 1660 capitalem
804 1621 888 1654 fuisse,
913 1622 940 1649 id
955 1622 1006 1653 est,
1029 1620 1101 1648 exilii
1112 1629 1193 1657 poena
1207 1622 1375 1651 vindicatum
1389 1623 1454 1654 esse.
1477 1625 1503 1651 Sc
1517 1624 1554 1650 est
1566 1625 1637 1660 apud

51 1659 123 1688 Plin.
141 1659 186 1688 lib.
200 1671 243 1698 35.
261 1663 315 1699 Q.
333 1659 470 1694 Coponium
488 1660 604 1688 ambitus
623 1661 800 1695 damnatum,
819 1660 892 1699 quod
913 1660 968 1688 vini
986 1658 1149 1696 amphoram
1169 1659 1279 1690 dediffet
1299 1662 1346 1694 ei,
1372 1661 1415 1690 cui
1433 1660 1551 1698 suffragii
1571 1661 1637 1690 latio

51 1705 117 1726 erat.

90 1737 234 1774 Postquam
245 1744 335 1765 autem
348 1736 461 1773 populus
475 1738 502 1764 in
517 1736 674 1765 mandandis
686 1738 880 1775 magistratibus
891 1738 930 1764 uti
942 1734 1035 1764 tabella
1049 1736 1132 1772 coepit
1142 1755 1149 1766 ,
1170 1737 1241 1773 quod
1255 1736 1308 1772 lege
1321 1736 1429 1765 Gabinia
1444 1737 1500 1766 fieri
1512 1745 1635 1774 coeptum

52 1775 104 1803 esse
115 1794 124 1806 ,
145 1784 216 1803 anno
233 1783 348 1802 mcxxv.
360 1775 436 1811 supra
449 1775 591 1803 docuimus
605 1786 609 1802 :
631 1784 691 1804 tum
705 1777 776 1814 leges
789 1777 838 1805 illae
856 1776 914 1804 latae
928 1774 988 1802 fimt
1002 1774 1114 1811 quarum
1128 1772 1210 1800 Cicero
1225 1775 1354 1802 meminit
1367 1776 1395 1802 in
1419 1785 1444 1812 3.
1460 1775 1493 1802 de
1507 1775 1636 1813 Legibus:

52 1815 96 1840 Ne
107 1812 166 1852 quis
176 1812 297 1840 tabellam
312 1812 437 1848 inspiceret
450 1833 458 1844 ‚
479 1823 513 1840 ne
526 1820 634 1850 rogaret
647 1835 655 1846 ,
677 1824 711 1842 ne
722 1815 868 1851 appellaret
877 1835 884 1846 ,
907 1812 1002 1850 quibus
1016 1812 1116 1850 legibus
1131 1812 1213 1840 studia
1224 1811 1432 1849 suffiag²t0fflm
1447 1810 1547 1842 sublata
1568 1815 1632 1846 esst,

52 1851 154 1889 inquit,
175 1852 220 1888 qui
236 1860 295 1879 eam
310 1850 477 1879 sedulitatem
492 1852 519 1879 in
531 1860 659 1888 campum
674 1852 835 1886 offerebant,
855 1860 885 1882 ut
899 1860 965 1889 quos
979 1859 1106 1889 rogarent
1118 1870 1126 1882 ‚
1146 1859 1242 1878 eorum
1259 1851 1342 1878 etiam
1357 1850 1497 1883 tabellam,
1518 1860 1552 1879 ne
1567 1852 1640 1882 forte

50 1889 249 1926 deciperentur,
271 1888 370 1918 vellent
382 1888 520 1927 inspicere.

732 1931 852 1964 Maria
877 1931 938 1963 lex.

92 1992 126 2018 C.
143 1989 207 2018 inde
225 1989 341 2018 Marium
353 1990 483 2019 tribunum
495 1992 577 2030 plebis
595 1990 685 2029 legem
707 1994 791 2021 tulisse
812 1996 843 2022 de
858 1992 956 2023 ambitu
968 2010 975 2020 ‚
1001 1999 1071 2018 anno
1087 1998 1233 2018 mcxxxiv.
1252 2000 1284 2019 ex
1299 1990 1431 2020 Plutarcho
1447 1992 1559 2022 elicitur.
1599 1995 1648 2023 Ea.

24 2055 25 2058 ,
49 2029 96 2065 lex
110 2037 139 2058 ut
153 2028 256 2056 ibidem
268 2028 357 2057 scribit
374 2029 458 2057 Cicero
470 2051 477 2062 ,
498 2038 594 2067 pontes
608 2031 636 2058 in
649 2032 770 2060 comitiis
782 2032 847 2061 fecit
859 2030 983 2070 angustos
996 2049 1002 2060 ‚
1024 2037 1138 2063 nempe,
1155 2037 1190 2054 ne
1202 2029 1243 2055 cui
1257 2028 1422 2067 suffragatori
1434 2032 1467 2059 ad
1483 2033 1637 2069 rogandum

24 2066 25 2086 1
51 2068 127 2096 locus
140 2068 167 2094 in
180 2067 211 2093 iis
224 2074 336 2103 pateret.
357 2068 493 2096 Caeterum
508 2078 558 2106 qua
571 2068 629 2105 lege
637 2070 746 2105 quaestio
758 2070 876 2100 ambitus
889 2073 1014 2107 perpetua
1026 2067 1181 2097 constituta,
1202 2068 1379 2104 &proprium
1391 2072 1639 2108 praetoremadepta

0 2125 3 2135 ,
51 2107 97 2138 fit,
119 2105 155 2132 est
167 2103 318 2132 obscurum.
338 2106 432 2134 Latam
447 2113 537 2134 autem
550 2116 596 2144 per
611 2107 665 2134 haec
679 2115 805 2144 tempora
818 2108 895 2137 facile
909 2105 1077 2136 crediderim.
1102 2104 1238 2141 Siquidem
1254 2115 1325 2134 anno
1344 2116 1487 2136 mcxxxm.
1507 2118 1570 2137 eum
1582 2120 1635 2138 una

50 2144 185 2184 petiiflent
199 2143 373 2172 Consulatum
395 2148 426 2171 Ρ.
444 2144 555 2173 Rutilius
569 2167 577 2178 ,
607 2148 633 2174 ὃς
647 2150 687 2173 Μ.
701 2150 811 2173 Scaurus
825 2167 832 2179 ,
851 2156 882 2176 ut
895 2147 931 2176 est
943 2144 970 2171 in
989 2144 1088 2171 Bruto:
1110 2151 1165 2169 non
1182 2143 1295 2170 Rutilius
1313 2144 1401 2174 solum
1413 2167 1421 2178 ‚
1443 2147 1488 2184 qui
1502 2148 1635 2184 repulsam

51 2182 150 2212 tulerat
159 2202 167 2214 ,
187 2181 319 2210 accusavit
332 2181 449 2210 ambitus
462 2183 627 2221 defignatum
642 2185 854 2222 competitorem
863 2208 872 2219 ‚
892 2185 936 2214 sed
949 2185 1057 2208 Scaurus
1069 2181 1152 2210 etiam
1165 2181 1296 2211 absolutus
1308 2183 1445 2212 Rutilium.
1474 2186 1535 2214 Nec
1549 2187 1636 2215 multo

28 2221 110 2260 ¹‚post
125 2223 156 2247 C.
168 2218 273 2248 Marius
286 2241 294 2254 ,
315 2227 343 2248 ut
359 2221 433 2249 addit
447 2222 597 2250 Plutarchus
611 2244 619 2255 ,
639 2232 701 2251 cum
717 2225 744 2252 in
759 2231 880 2260 praeturae
891 2222 1020 2263 petitione
1039 2219 1155 2257 repulsus
1169 2220 1232 2249 effet
1244 2242 1253 2253 ‚
1281 2222 1414 2252 accusatus
1427 2223 1464 2250 est
1477 2224 1509 2251 de
1521 2224 1634 2258 ambitu,

27 2271 30 2291 ι
52 2260 114 2298 quia
128 2257 226 2295 Cassius
238 2257 369 2286 Sabacom's
378 2259 460 2288 :imici
472 2259 560 2289 strvus
577 2262 647 2290 intra
667 2261 739 2299 septa
755 2261 911 2299 conspeetus
925 2260 988 2290 effet
1001 2281 1008 2293 ‚
1031 2259 1102 2287 inter
1115 2268 1160 2287 eos
1174 2280 1181 2291 ,
1201 2260 1247 2297 qui
1260 2258 1414 2299 suffragium
1429 2261 1538 2292 ferrent.
1577 2267 1636 2291 Ma.

48 2297 107 2326 m'm
117 2305 208 2326 autem
223 2296 371 2330 excufiwit,
391 2297 417 2325 se
432 2298 556 2335 frigidam
572 2308 684 2337 aquam,
706 2310 769 2330 cum
784 2301 916 2335 aestuaret,
936 2298 968 2326 ab
982 2307 1015 2325 eo
1028 2297 1130 2334 petiiffe
1144 2297 1253 2326 bibendi
1267 2298 1350 2327 causa.

0 2334 2 2340 '
93 2336 251 2374 Qnetiam
265 2336 337 2364 idem
351 2344 454 2369 narrat,
474 2336 578 2366 sextum
595 2338 627 2366 ab
642 2349 675 2367 eo
690 2339 865 2369 Consulatum
880 2337 991 2379 pecunia
1005 2336 1056 2364 effe
1070 2344 1195 2374 emptum
1205 2358 1214 2370 ‚
1234 2339 1262 2367 ὃς
1274 2340 1306 2365 L.
1321 2338 1422 2368 Sullam
1433 2340 1460 2368 in
1474 2348 1586 2377 praetura
1597 2340 1640 2375 ref‘

30 2383 33 2411 ι
53 2374 153 2414 pulsam
168 2374 287 2412 passum,
306 2375 378 2411 post,
399 2376 531 2413 corruptis
545 2377 657 2414 pecunia
670 2378 807 2410 tribubus,
829 2388 890 2409 eam
906 2376 958 2407 effe
973 2375 1112 2413 adeptum.

1563 2446 1645 2476 fabia
