2075 2734
263 92 328 123 Da
368 93 711 121 Tagumvittis
753 92 1439 133 nocrunu1s‚&C.CAr.28.&29.
1594 109 1648 140 5¹5

684 176 709 204 C
735 185 750 204 Α
781 186 804 204 r.
850 178 876 205 X
884 178 910 205 X
920 180 945 207 V
954 179 966 206 1
975 179 987 207 1
996 179 1019 207 1.

175 253 227 288 De
241 250 416 285 triumviris
430 247 600 288 noffurnis,
626 247 804 282 triumviris
820 247 1034 292 valetudinis,
1061 256 1107 285 Θ*
1124 253 1301 287 triumviris
1317 252 1526 289 manualibus.

125 338 212 366 nando
231 335 362 365 triumviri
377 333 493 364 nocturni
512 335 593 363 creati
611 333 725 368 fuerint,
745 341 849 363 certum
870 344 925 363 non
946 337 991 375 est.
1012 336 1064 364 hoc
1083 337 1184 366 constat
1199 359 1205 370 ‚
1226 340 1365 376 antiquum
1386 349 1449 368 eum
1464 340 1644 379 magistratum

144 377 202 405 effe.
235 375 362 404 Meminit
376 377 432 410 ejus
446 371 537 400 Livius
551 371 619 401 libro
637 383 711 402 nono
724 395 731 405 ‚
753 372 799 401 ubi
815 373 849 401 de
863 376 886 399 C
888 392 894 400 -
910 373 998 402 Flavio
1012 373 1093 402 lctiba
1103 395 1110 406 ‚
1133 379 1274 412 quomodo
1288 378 1363 405 odilis
1382 379 1477 406 :arulis
1492 381 1576 408 taetus
1596 380 1642 413 iit,

142 424 236 453 agens,
255 414 325 442 inter
339 411 387 440 alia
400 411 480 443 dicit,
499 419 564 439 eum
578 412 650 448 prius
663 412 825 445 tribunatum
837 411 940 449 geffiss‘e
950 433 956 444 ,
978 415 1004 440 ὃς
1019 412 1086 440 duos
1105 413 1284 443 triumviratus
1296 437 1305 447 ,
1333 418 1495 446 noCturnum
1512 418 1624 448 alterum
1634 440 1642 451 ,

59 454 174 483 alterum
188 452 296 482 coloniae
308 450 484 481 deducendae,
506 451 558 477 &c.
586 452 716 480 Meminit
730 450 786 486 ejus
802 452 829 480 &
843 454 946 477 Tamus
961 449 1030 478 libro
1041 460 1068 489 5.
1089 451 1233 480 Annalium
1242 474 1249 484 ,
1269 453 1307 482 his
1321 454 1423 483 verbis:
1444 455 1586 484 Trium-ire¹
1600 467 1642 484 no-

58 492 158 524 cturni,
179 490 251 529 quod
264 489 296 517 ad
309 489 465 517 incendium
478 488 506 515 in
518 487 589 516 sacra
604 490 646 517 via
659 497 750 517 ortum
767 489 842 518 tarde
849 496 989 521 venerant,
1010 487 1207 522 atribunoplebis
1215 491 1257 518 die
1266 493 1336 518 meta
1344 494 1538 523 damnatisunt.
1559 496 1641 532 Qod

58 540 154 559 corum
168 528 288 558 officium
303 526 398 559 fuerit,
418 526 515 553 Paulus
526 525 725 563 jurisconsultus
740 528 803 564 Dig.
816 525 862 555 lib.
875 526 955 562 prim.
970 528 1011 555 tit.
1037 537 1045 554 i
1051 536 1076 563 5.
1106 528 1185 564 Apud
1200 530 1369 562 vetustiores,
1390 533 1491 569 inquit,
1511 534 1640 561 incendiis

58 569 177 597 arcendis
195 564 329 594 triumviri
347 572 492 602 praeerant‚
512 566 558 602 qui
573 564 604 593 ab
619 576 667 599 eo,
689 566 762 603 quod
777 564 899 594 excubias
912 564 1042 602 agebant,
1064 565 1147 592 etiam
1167 566 1280 594 nocturni
1293 568 1357 595 dicii
1372 568 1439 598 sunt.
1479 573 1644 601 Intervenie.

57 606 122 635 bant
135 613 342 642 nonnunquam,
364 605 390 632 ὅ(
402 603 497 635 addes,
516 602 557 636 ξς·
570 603 665 632 tribuni
673 603 758 640 plebis.
778 605 840 631 Erat
855 611 945 631 autem
961 603 1060 631 familia
1073 602 1180 639 publica
1190 624 1197 635 ‚
1219 606 1289 632 circa
1302 614 1392 642 portas
1406 610 1431 636 δι
1449 618 1540 637 muros
1556 610 1642 647 dispo-

56 645 117 676 fita,
137 644 208 671 unde
223 645 250 672 ὃς
265 642 284 670 fi
296 651 363 680 opus
377 642 455 674 esset,
475 640 629 670 vocabatur.
649 645 766 677 Fuerunt
779 645 805 671 δε
821 644 930 678 privatae
943 641 1066 672 familiae,
1086 650 1143 678 quae
1157 643 1295 674 incendia,
1316 644 1357 671 vel
1373 648 1511 678 mercede,
1534 649 1640 686 velgra-

57 684 94 710 tia
107 683 309 718 extinguerent:
329 681 426 708 deinde
438 679 524 708 Divus
538 680 663 719 Augustus
675 680 771 709 maluit
784 689 831 717 per
845 685 871 708 ie
884 680 945 709 huic
959 681 998 708 rei
1013 679 1113 709 consuli
1126 679 1246 710 instituto
1261 681 1389 719 praefeffiim
1404 684 1514 721 vigilum
1524 696 1586 715 cum
1596 697 1642 716 co.

56 719 186 749 hortibus,
212 722 277 749 Haec
289 719 342 747 ille.

689 755 835 786 Triumviri
849 756 1016 786 valetudinis.

93 797 137 824 De
150 795 191 824 his
204 805 267 824 cum
282 795 347 824 nihil
360 797 504 834 quicquam
524 797 553 824 in
565 794 698 824 veteribus
709 793 881 832 scriptoribus
894 796 1046 828 inveniam,
1065 804 1115 823 nec
1129 794 1188 824 satis
1199 796 1279 825 sciam
1289 818 1296 829 ,
1317 806 1350 825 an
1358 796 1519 836 magistratus
1528 801 1643 834 fuerint}

54 835 117 872 quia
136 842 228 862 tamen
247 833 280 862 ab
301 835 427 870 onuphrio
449 834 573 862 Panvim'o
592 835 620 862 in
641 834 842 871 magistratuum
862 843 1006 862 numerum
1027 833 1193 867 referuntur,
1215 835 1288 863 nolui
1310 845 1355 864 eos
1375 839 1595 873 praetermittere,
1616 843 1643 869 δε

54 882 118 901 curn
134 873 201 901 mihi
215 874 325 910 quinam
339 873 377 901 illi
391 873 490 901 fuerint
502 893 510 904 ‚
530 873 672 910 cognitum
686 882 742 903 non
755 872 786 900 fit
796 893 803 904 ‚
824 872 949 907 onuphrii
963 871 1043 901 verba
1059 872 1129 900 libro
1141 884 1167 902 2.
1188 875 1460 903 Commentariorum
1479 876 1642 913 Reipublicae

56 912 203 943 Romanae,
223 909 370 940 adscribere
383 910 464 943 libet,
484 919 542 947 quae
555 910 611 938 haec
623 910 694 938 sunt:
716 911 818 947 Hujus,
838 911 939 948 inquit,
960 909 1121 949 mag-istratus
1133 911 1204 940 nulla
1217 913 1287 949 apud
1300 920 1402 941 veteres
1410 913 1548 947 authores,
1568 916 1641 953 quod

53 949 151 982 sciam,
172 951 278 977 mentio
290 949 335 977 est.
357 951 388 977 In
402 949 513 985 antiquo
528 959 594 977 vero
606 957 735 987 argenteo
750 958 868 977 nummo
881 949 914 976 fic
928 949 1057 986 scriptum
1069 950 1121 980 est,
1140 954 1181 978 M.
1194 950 1295 978 Acilius
1313 961 1323 978 ι
1333 960 1341 978 1
1351 961 1373 979 1.
1395 962 1427 980 vi
1438 962 1454 979 n
1474 962 1491 979 v
1501 963 1517 980 A
1526 962 1542 980 1.
1551 964 1566 982 ε
1589 965 1606 981 τ
1615 962 1642 982 u.

52 988 90 1015 Hi
104 988 191 1014 nostra
204 995 279 1016 aetate
292 988 370 1023 pestis
383 986 457 1015 causa
471 989 555 1015 creari
568 987 653 1016 solent
666 1009 674 1020 ,
694 996 773 1024 atque
786 986 885 1015 domini
890 987 1014 1022 fimitatis
1030 994 1161 1016 vocantur
1173 1008 1181 1019 ,
1202 987 1298 1026 quibus
1311 988 1481 1026 temporibus
1492 991 1526 1019 de
1540 990 1643 1020 moi-bt)

51 1023 188 1062 suspeetis,
209 1034 307 1063 magna
323 1026 435 1062 potestas
450 1026 563 1053 concedi
576 1025 651 1055 solet.
678 1026 797 1054 Nummi
811 1033 904 1054 autem
918 1024 999 1054 verba
1012 1027 1046 1054 fic
1060 1034 1112 1064 ego
1125 1027 1297 1064 interpretor.
1317 1032 1359 1055 M.
1372 1027 1474 1056 Acilius
1495 1040 1554 1058 111.
1573 1041 1588 1059 v
1597 1040 1642 1060 in.

52 1063 210 1092 valetudinis
222 1064 336 1093 tuendae.
361 1066 426 1092 Haec
437 1063 589 1099 onuphrius.

694 1100 839 1130 Triumviri
852 1101 996 1130 monetalex.

91 1141 134 1168 De
145 1139 289 1168 triumviris
302 1138 466 1168 monentibus
480 1138 627 1176 Pomponius
637 1140 842 1177 Jurisconsultus
855 1139 882 1168 ff.
899 1141 941 1168 tit.
952 1149 976 1167 2.
989 1140 1022 1167 de
1036 1141 1141 1177 origine
1149 1141 1230 1177 juris,
1250 1141 1284 1170 fic
1299 1141 1401 1172 scribit:
1423 1144 1566 1174 Constituti
1582 1144 1641 1175 sunt

54 1180 152 1207 eodem
166 1186 291 1215 tempore
310 1181 337 1207 ὃς
350 1177 529 1218 quattuorviri,
549 1180 595 1216 qui
609 1188 701 1207 curam
715 1180 819 1207 viarum
837 1185 961 1216 agerent,
984 1180 1010 1206 &
1025 1181 1157 1218 triumviri
1170 1180 1319 1214 monetales,
1340 1182 1412 1215 aeris,
1433 1185 1552 1220 argenti,
1573 1187 1642 1213 auri-

54 1218 176 1248 flatores,
196 1219 249 1245 διε.
269 1216 433 1245 Praefuerunt
444 1218 572 1245 cudendae
585 1224 715 1245 monetae:
735 1217 800 1244 dieti
815 1217 922 1244 fuerunt
935 1215 1067 1243 triumviri
1079 1218 1230 1250 monetales,
1251 1217 1471 1251 &triumviriffl
1481 1222 1565 1249 A.AE.
1576 1225 1603 1249 F.
1612 1224 1642 1249 F.

54 1256 126 1291 quod
143 1255 180 1281 est
192 1264 266 1284 auro.
286 1262 402 1291 argento,
421 1264 480 1285 are,
492 1253 595 1293 flando,
609 1254 733 1290 feriendo.
759 1257 801 1282 De
814 1255 845 1283 iis
859 1256 943 1283 etiam
955 1253 1143 1291 intelligendus
1155 1256 1228 1285 locus
1242 1258 1311 1293 apud
1325 1257 1466 1285 Ciceronem
1482 1259 1510 1286 in
1522 1260 1595 1295 epist.
1607 1261 1640 1287 ad

53 1291 202 1320 Trebatium
220 1291 452 1328 jurisconsultum,
472 1293 518 1321 ubi
537 1293 572 1321 fic
584 1291 687 1321 scribit:
711 1293 830 1320 Treviros·
844 1294 911 1322 vites
924 1292 1034 1333 censeo,
1055 1294 1134 1321 audio
1149 1295 1273 1332 capitales
1288 1296 1351 1328 esse,
1374 1296 1484 1324 mallem
1498 1306 1562 1326 auro
1572 1318 1579 1329 ,
1600 1307 1639 1325 ar-

52 1339 153 1368 gento,
173 1340 223 1358 acre
236 1330 327 1359 essent.
357 1330 517 1359 Triumviros
529 1333 604 1359 enim
619 1331 724 1358 treviros
737 1332 804 1363 dici,
825 1334 852 1360 δε
869 1331 985 1365 trefiuros
1000 1330 1106 1363 solitos,
1126 1341 1181 1360 non
1196 1334 1232 1361 est
1244 1332 1388 1362 obscurum
1398 1356 1405 1366 ‚
1427 1337 1454 1363 ὅῑ
1468 1335 1504 1362 fic
1519 1335 1589 1363 hunc
1602 1337 1641 1364 lo-

53 1378 116 1396 cum
132 1369 341 1406 interpretantur
353 1368 463 1396 Bembm
475 1370 502 1398 in
516 1369 624 1407 epistola
637 1371 670 1398 ad
686 1371 796 1398 Paulum
814 1371 919 1398 Manut.
933 1371 960 1398 δε
973 1368 1024 1397 alii.
1067 1371 1200 1407 vais
1213 1372 1295 1399 etiam
1310 1372 1363 1400 hoc
1377 1382 1471 1400 verum
1486 1374 1517 1402 fit
1531 1385 1536 1401 z
1563 1375 1639 1402 intel-

51 1406 100 1445 ligi
119 1407 196 1435 fimul
214 1417 262 1444 per
274 1406 379 1436 treviros
387 1407 488 1442 populos
500 1408 559 1436 illos
574 1409 602 1436 in
617 1407 765 1436 confinibus
779 1408 932 1436 Germaniae
944 1428 953 1440 ‚
974 1417 1091 1446 quorum
1105 1409 1265 1447 metropolis
1281 1410 1332 1440 fuit
1346 1410 1483 1439 Trevirum
1493 1433 1501 1445 ‚
1521 1411 1583 1440 urbs
1596 1414 1642 1446 ad÷

52 1444 104 1474 huc
117 1444 227 1475 celebris
239 1453 353 1484 propter
367 1445 597 1484 archiepiscopum
610 1445 796 1482 Trevirenfim.

697 1524 721 1550 C
748 1533 765 1552 A
793 1533 817 1551 r.
863 1522 992 1551 XXIX.

188 1583 240 1616 De
255 1583 467 1629 quattuorviris
481 1583 609 1619 viarum
623 1582 850 1628 curandarum,
878 1590 926 1619 (φ’
940 1585 1154 1633 quinqueviris
1170 1586 1215 1619 cis
1232 1591 1279 1621 (γ’
1293 1586 1342 1620 uls
1356 1583 1504 1621 Tiberim.

52 1659 222 1721 Maxima
235 1660 326 1697 priscis
338 1661 506 1698 temporibus
509 1663 618 1697 senatus
629 1662 767 1700 diligentia
780 1662 832 1692 fuit
845 1664 873 1691 in
888 1663 1015 1692 faciendis
1027 1663 1220 1703 sarciendisque
1235 1666 1299 1699 viis,
1320 1673 1377 1696 tam
1393 1668 1477 1698 intra,
1498 1675 1579 1703 quam
1594 1668 1640 1695 ex}

154 1707 192 1725 tra
213 1699 326 1727 Urbem.
368 1699 466 1728 Earum
480 1708 573 1729 autem
587 1704 765 1730 curandarum
781 1711 879 1729 munus
891 1702 1014 1737 primum
1027 1703 1161 1738 censoribus
1175 1705 1190 1733 ἐ
1201 1703 1292 1733 senatu
1307 1704 1481 1733 commissum
1498 1705 1547 1733 fuit
1561 1726 1569 1737 ,
1589 1715 1641 1733 un-

53 1738 88 1766 de
100 1736 176 1774 supra
190 1756 197 1768 ,
225 1747 287 1765 cum
300 1739 334 1766 de
347 1740 470 1772 censorum
483 1738 560 1775 officio
575 1740 726 1768 diceremus
738 1761 746 1773 ‚
767 1740 934 1772 addidimus,
953 1740 1006 1769 hoc
1022 1751 1120 1770 eorum
1134 1752 1233 1771 munus
1248 1743 1323 1771 fuiffe
1336 1744 1403 1771 tueri
1419 1743 1473 1770 vias
1487 1763 1495 1774 ,
1515 1745 1566 1771 &c-
1578 1744 1639 1780 post

52 1785 118 1804 vero
132 1784 196 1803 cum
208 1777 312 1810 censores
325 1775 381 1804 aliis
395 1777 472 1804 rebus
484 1786 535 1813 pro
548 1777 640 1806 officio
653 1780 789 1815 occupati,
809 1778 871 1807 huic
882 1780 990 1808 muneri
1002 1779 1114 1809 sollicite
1125 1790 1218 1810 vacare
1231 1782 1387 1819 nequirent,
1408 1791 1439 1809 ex
1442 1781 1637 1816 Jenatustonffil-

52 1820 78 1842 to
91 1814 259 1851 magistratus
272 1814 337 1842 alius
350 1813 488 1851 speciatim
503 1815 538 1843 ob
554 1825 614 1843 eam
628 1816 734 1845 causam
748 1824 848 1845 creatus
861 1818 908 1845 est.
939 1819 963 1846 Ii
975 1818 1138 1857 quatuorviri
1149 1819 1251 1847 viarum
1264 1820 1440 1848 curandarum
1458 1819 1638 1852 vocabantur5

52 1852 127 1889 quod
140 1852 189 1880 viis
204 1852 245 1879 vel
257 1853 410 1881 muniendis
421 1874 429 1885 ‚
454 1853 497 1881 vel
513 1854 656 1883 sternendis
668 1855 815 1892 praeessent.
853 1855 956 1885 Eorum
970 1866 1026 1885 non
1040 1857 1125 1886 multa
1139 1858 1245 1886 mentio
1257 1859 1294 1886 est
1306 1859 1335 1887 in
1348 1857 1541 1894 scriptoribus,
1567 1867 1638 1895 quos

51 1889 193 1918 habemus:
215 1891 243 1918 in
256 1892 371 1928 antiquis
385 1899 476 1920 autem
491 1893 695 1929 epigrammatis
708 1894 833 1931 plurima.
855 1894 1003 1929 Pannonius
1009 1896 1059 1925 IC.
1069 1898 1095 1923 ὃ(
1104 1895 1251 1923 Dominicus
1264 1896 1362 1923 Flaccus
1376 1896 1542 1924 Florentinus
1556 1897 1591 1925 sic
1604 1897 1639 1925 de

53 1929 85 1956 iis
98 1927 227 1957 scribunt:
248 1930 393 1958 Constituti
405 1929 466 1959 sunt
479 1933 505 1960 ὃς
518 1931 693 1969 ᾳιιαιιιονυὶνὶ,
714 1933 760 1970 qui
772 1941 865 1962 curam
880 1934 985 1961 viarum
998 1941 1118 1970 agerent.
1138 1935 1209 1963 Vide
1223 1934 1305 1963 etiam
1317 1934 1351 1963 de
1363 1933 1403 1962 his
1411 1933 1558 1964 Barnabam
1566 1935 1638 1971 Eril}¹

51 1966 148 1996 ionium
161 1966 241 2002 lib-4.
260 1968 476 2005 Antiquitatum,
497 1978 553 2006 cap.
569 1978 610 1997 12.

615 2007 790 2047 Qinqueviri
801 2007 836 2036 cis
849 2007 891 2041 (ς’
905 2007 944 2034 uls
956 2005 1077 2037 Tiberim.

93 2045 162 2073 Non
182 2043 291 2072 fuerunt
303 2043 330 2072 hi
344 2045 505 2084 magistratus
514 2068 522 2080 ,
542 2046 586 2075 sed
599 2045 795 2084 magistratuum
808 2045 899 2074 vicarii
911 2066 918 2075 ,
940 2046 975 2073 de
994 2046 1088 2084 quibus
1101 2046 1250 2083 Pomponius
1263 2049 1311 2079 IC.
1325 2052 1352 2079 &
1365 2060 1430 2080 eum
1442 2048 1566 2089 sequutus
1579 2050 1634 2080 Do:

53 2081 158 2111 minicus
173 2082 283 2113 floccus,
303 2083 338 2111 fic
350 2083 479 2114 scribunt:
504 2086 538 2114 Et
551 2086 612 2123 quia
627 2085 823 2123 magistratibus
835 2083 990 2122 vespertinis
1004 2086 1171 2124 temporibus
1184 2088 1213 2116 in
1226 2088 1363 2125 publicum
1377 2090 1429 2119 este
1442 2091 1635 2120 inconveniens

54 2130 110 2150 erat
120 2142 127 2154 ‚
146 2119 309 2160 quinqueviri
320 2124 457 2152 constituti
471 2123 530 2153 sunt
543 2126 581 2153 cis
593 2123 719 2158 Tiberim,
739 2124 780 2157 ἐς
794 2123 833 2151 uls
847 2122 974 2157 Tiberim,
994 2125 1041 2162 qui
1055 2125 1161 2162 poffent
1173 2136 1223 2164 pro
1236 2126 1420 2166 magistratibus
1431 2128 1515 2166 fungi.
1547 2129 1591 2156 Est
1605 2133 1634 2158 ὃς

54 2159 152 2188 horum
168 2161 303 2188 memoria
315 2160 437 2194 obstura,
458 2163 505 2190 nifi
519 2164 591 2200 quod
604 2172 700 2201 practer
715 2160 880 2199 Pomponium
893 2161 928 2196 ό·
942 2163 1054 2191 floccum
1074 2162 1165 2193 Livius
1178 2167 1260 2194 etiam
1275 2166 1369 2195 alicubi
1383 2176 1478 2196 eorum
1494 2168 1632 2200 meminit.

55 2200 190 2229 Caeterum
205 2206 234 2228 ut
251 2201 278 2229 δε
291 2198 343 2228 hoc
357 2200 481 2235 addatur,
498 2210 602 2233 veteres
615 2202 652 2233 usi
666 2202 725 2232 sunt
737 2201 866 2241 particula
879 2201 931 2234 uls,
950 2210 1002 2240 pro
1016 2211 1071 2240 quo
1083 2213 1133 2233 nos
1146 2204 1262 2235 dicimus
1273 2205 1357 2240 ultra,
1378 2206 1442 2236 teste
1455 2210 1490 2235 fe
1510 2216 1532 2235 o.

955 2365 1058 2396 Tttz·
1523 2368 1637 2402 Cor]
