2075 2734
357 126 411 153 40²
659 107 1641 145 AurrqurvarumRouananuman.v.

353 168 395 193 De
407 164 456 191 hac
469 169 534 200 toga
547 159 631 189 cicera
644 161 761 198 loquitur
775 161 802 188 in
819 159 976 188 Vatinium:
995 159 1057 196 Qa
1071 165 1164 186 mente
1178 156 1276 189 fecisti,
1297 164 1326 184 ut
1340 157 1366 183 in
1381 155 1460 192 epulo
1476 156 1800 196 QArriicumtogapulla
1807 163 1935 198 procumL

353 202 443 229 heres?
463 202 547 229 Item:
572 200 639 236 Qis
659 200 685 226 in
698 199 791 226 funere
805 197 930 226 familiari
944 197 1061 224 coenavit
1074 203 1190 227 atratus,
1213 205 1275 223 cum
1292 194 1346 231 ipse
1360 194 1429 230 epuli
1443 194 1571 222 dominus
1584 195 1725 230 QAri-ius
1738 198 1836 228 albatus
1852 201 1916 229 esset

356 241 409 267 ἃς.
434 240 522 275 Atque
532 237 585 265 hoc
595 238 678 265 stante
693 236 839 273 Republica
851 237 887 264 ita
898 234 1067 263 observatum
1078 233 1094 265 ‚'
1105 241 1136 261 ut
1145 233 1214 267 pulla
1228 232 1291 271 veste
1303 232 1406 260 nonnisi
1420 233 1448 259 in
1462 231 1534 259 ludtu
1548 239 1693 262 uterentur.
1719 236 1771 263 Sub
1786 221 1933 275 Imperato:

353 276 425 303 ribus
438 284 544 307 autem,
565 284 628 303 cum
640 275 697 310 jam
712 274 865 302 exolevisset
875 273 934 301 usus
944 281 1029 310 togae,
1050 272 1166 299 exolevit
1180 272 1262 299 etiam
1273 271 1350 299 fimul
1364 269 1423 300 usus
1437 269 1534 299 coloris
1547 270 1614 304 albi,
1636 274 1664 302 &
1677 279 1736 301 tum
1745 274 1821 310 pullae
1827 276 1935 304 fuerunt

354 313 465 351 plebejae
477 314 559 343 vestes
571 322 674 341 ornnes
696 314 768 341 Hinc
774 313 847 346 pulla
854 319 987 346 paupertas
1001 309 1147 346 Calpurnio
1160 309 1241 337 dieta:
1891 310 1894 312 ’

668 349 787 415 mdifflm
796 350 895 385 propius
906 359 963 377 mea
976 347 1096 379 numina,
1110 347 1159 382 sed
1171 346 1234 374 mihi
1238 347 1325 381 Jbrdes

667 389 717 426 Ob]
726 389 831 416 iterant.

670 432 693 454 0
707 425 807 455 utinam
820 425 887 453 nobis
900 435 948 452 non
960 423 1049 460 rustica
1062 421 1135 460 vestis
1146 420 1233 459 ineff’t
1241 443 1249 454 ,

669 465 794 503 Pulluque
802 472 933 499 paupertas
941 483 948 493 ,
970 463 1011 495 ζῇ
1024 459 1204 497 aduncofibula
1217 460 1305 494 morfit.

396 505 469 534 Hinc
474 504 570 539 pullati
583 503 712 533 Suetonio
725 503 752 530 in
765 503 897 540 Augusto,
919 510 1030 537 cap.44.
1050 501 1141 527 Sanxit
1154 507 1188 524 ne
1200 499 1257 534 quis
1271 496 1433 537 pullatorum
1448 499 1536 527 media
1550 506 1629 527 eavea
1641 498 1750 529 sederet,
1770 500 1940 529 Hincdistffi,

361 554 426 573 men
441 551 534 572 natum
549 544 620 571 inter
634 542 718 573 cives,
741 542 868 578 ignotum
880 538 974 567 saeculo
987 539 1078 576 priori.
1091 543 1120 563 ut
1133 535 1175 562 alii
1189 536 1319 576 candidan
1334 536 1497 567 dicerentur,
1512 537 1606 571 pullati
1620 538 1672 566 alii.
1692 539 1833 566 Canslnlasi
1843 541 1940 571 nonii,

360 583 404 619 qui
419 589 542 618 peterent
556 582 598 616 (ut
611 580 693 616 olim)
710 579 752 606 sed
766 579 923 606 honestioris
937 577 1036 604 ordinis
1044 577 1114 603 cives
1140 573 1235 608 pullati
1244 595 1250 603 ,
1270 573 1363 601 infima
1372 573 1459 609 plebs,
1480 575 1533 602 five
1541 575 1648 612 vulguS,
1670 574 1887 605 :icolorescilicet
1895 587 1940 605 ve-

359 621 452 652 stium,
473 619 567 656 quibus
578 620 684 656 utrique
697 617 847 646 utebantur.
868 617 902 643 Et
915 616 943 642 in
956 615 1004 642 hac
1019 613 1209 650 fignificatione
1218 612 1264 638 ista
1275 611 1402 639 vocabula
1416 611 1430 638 ὲ
1445 611 1528 639 Plinio
1543 614 1570 640 in
1584 613 1714 649 epistolis,
1734 614 1895 652 anliano
1910 618 1938 644 ὃς

359 659 414 685 aliis
427 657 591 694 usurpantur.
613 654 710 683 Pullati
722 655 763 682 isti
776 656 790 682 a
802 656 899 681 Seneca
914 653 959 680 lib.
971 663 994 680 2.
1009 653 1043 680 de
1056 651 1131 678 beata
1146 651 1199 677 vita
1212 650 1293 676 etiam
1300 649 1400 676 colorati
1407 650 1586 686 appellantur,
1607 653 1837 687 quemadmodum
1847 652 1940 681 locum

361 696 439 724 illurn
453 695 578 726 restituit,
600 693 774 730 &explicavit
778 691 864 730 Justas
871 689 979 729 Lipsius:
1001 690 1064 717 licut
1071 687 1308 722 candidatipexnti‚
1329 687 1360 714 ab
1370 697 1402 715 eo
1410 688 1548 719 dicuntur,
1569 689 1640 725 quod
1648 691 1735 725 pexis,
1755 689 1806 718 hoc
1813 691 1864 722 est,
1879 701 1940 719 can-

362 734 431 762 didis
446 736 474 763 &
486 732 635 761 recentibus
648 732 718 769 togis
732 738 882 759 uterentur:
898 732 938 757 Ita
945 727 1092 756 enimistud
1101 726 1259 754 vocabulum
1268 727 1451 762 accipiendum
1460 725 1617 763 intelligitur
1625 736 1658 755 ex
1665 725 1762 766 Persio,
1783 728 1936 765 quiscribit:

796 768 927 806 Pexufique
934 788 941 798 ‚
961 774 1068 804 togaque
1079 763 1180 793 recenti.

401 809 480 837 Pexbs
498 817 588 838 autem
610 808 682 845 togis
699 814 872 843 opponuntur
884 804 963 836 trita,
984 813 1041 841 quae
1054 803 1068 830 a
1082 803 1157 830 Festo
1167 802 1274 834 decores,
1297 802 1363 834 five,
1383 810 1412 831 ut
1428 802 1516 839 Lipfio
1530 801 1631 839 placet,
1650 803 1747 830 decutes
1761 804 1940 840 appellantur,

365 849 439 887 quod
452 848 503 876 fint
517 848 569 877 fine
583 848 686 877 flocco,
707 848 735 874 ὅτ.
748 844 818 882 quafi
832 844 885 872 fine
898 851 967 871 cute.
1114 871 1116 873 v
1250 841 1262 845 “

403 885 513 915 Sordida
524 895 581 923 toga
597 885 611 912 ὲ
624 883 693 921 pulla
705 882 844 911 differebat
858 884 885 911 &
898 879 988 909 colore
1000 881 1027 908 δε
1037 878 1091 906 ussi.
1112 880 1178 906 Non
1192 879 1265 906 enim
1281 885 1336 905 erat
1349 878 1399 906 atri
1412 878 1522 907 colorIs.
1542 886 1572 907 ut
1584 877 1701 916 Sigonius
1713 882 1739 908 ὃς
1753 880 1794 908 alii
1802 889 1943 917 perperam

365 925 548 955 tradiderunt,
569 923 611 951 sed
630 921 702 950 alba:
721 929 818 948 verum
828 927 921 947 tamen
934 916 1121 952 eratfhrdtdior
1137 919 1163 945 δε
1178 916 1309 947 obsoleta,
1331 924 1361 944 ac
1374 916 1457 954 longo
1469 916 1516 944 usu
1528 917 1633 944 detrita.
1671 918 1776 945 Deinde
1788 918 1873 946 nullus
1887 919 1943 955 ejus

366 962 426 990 usus
441 962 492 990 fuit
505 963 533 990 in
544 961 629 989 lutitu:
650 959 694 987 sed
708 967 764 986 erat
780 957 834 985 fere
849 956 921 994 vulgi
930 956 1018 986 vestis,
1035 956 1112 992 quod
1120 955 1155 982 ob
1164 955 1190 982 id
1198 954 1554 988 etiamssrdiduminterdum
1563 955 1675 986 dicitur,
1695 957 1756 992 quia
1764 955 1868 984 sordida
1875 957 1945 984 veste

368 1006 497 1029 uteretur.
528 1000 583 1036 Qi
595 1008 660 1027 vero
672 1004 746 1025 erant
757 995 860 1022 ditiores
875 997 901 1023 ὃ(
915 994 1103 1030 elegantiores,
1125 993 1145 1020 ii
1158 992 1264 1028 semper
1275 991 1349 1019 nivea
1361 1000 1424 1028 toga
1438 993 1523 1020 vestiti
1535 999 1621 1023 erant;
1643 1002 1700 1029 quae
1710 993 1729 1020 fi
1740 994 1876 1023 interdum
1891 993 1945 1022 sor-

367 1039 415 1066 des
429 1038 526 1075 aliquas
539 1036 655 1066 traxisset
664 1055 672 1066 ,
691 1041 766 1062 erant
780 1035 877 1060 Romae
882 1031 1005 1068 fullones,
1026 1031 1071 1067 qui
1083 1040 1126 1058 eas
1139 1029 1256 1058 maculas
1269 1039 1299 1057 ac
1307 1029 1416 1058 sordes&
1425 1039 1486 1068 toga
1493 1029 1630 1061 eluebant,
1650 1032 1676 1058 &
1685 1031 1776 1059 addito
1785 1031 1945 1068 sulphureae

367 1084 455 1107 creta,
475 1078 574 1104 iterum
589 1083 648 1102 eam
662 1069 886 1101 candefaciebant.
905 1069 990 1097 Testis
1005 1067 1083 1104 hujus
1096 1070 1133 1096 rei
1149 1068 1216 1095 Plin.
1229 1068 1275 1096 lib.
1285 1078 1326 1105 35.
1341 1077 1396 1105 cap.
1408 1078 1448 1105 15.
1461 1071 1488 1097 ὃς
1502 1078 1541 1104 ¹7-
1561 1069 1632 1096 Hinc
1645 1075 1701 1096 tam
1713 1070 1804 1097 creber
1813 1069 1946 1105 uffissullo-

371 1125 435 1143 ‘aum
450 1114 518 1150 apud
532 1120 643 1141 veteres,
668 1109 773 1146 Vulgus
784 1118 864 1139 vero,
885 1114 915 1135 ut
927 1107 984 1143 jam
999 1107 1068 1138 dixi,
1087 1106 1254 1143 togafhrdida
1269 1105 1397 1133 utebatur.
1427 1107 1475 1132 Per
1489 1107 1542 1133 dies
1557 1114 1646 1133 autem
1656 1127 1665 1137 ‚
1686 1107 1726 1134 vel
1740 1109 1882 1143 privatim,
1902 1106 1945 1134 vel

370 1152 478 1189 publice
490 1151 561 1179 Iaetos
570 1171 577 1182 ,
597 1157 673 1187 togas
687 1154 806 1176 recentes
820 1145 974 1177 sumebant,
997 1146 1023 1173 ἃ
1035 1143 1080 1171 usu
1096 1145 1216 1172 nondum
1231 1143 1362 1175 sordidas,
1382 1151 1426 1172 aut
1440 1143 1584 1176 obsoletas,
1604 1153 1661 1181 quae
1675 1142 1688 1171 ἐι
1701 1144 1838 1172 Prudentia
1852 1153 1946 1173 contra

371 1188 581 1227 Symmachum:

684 1224 824 1254 Candidior
835 1231 907 1261 toga,
927 1222 967 1257 ἐς
980 1220 1068 1250 niveus
1073 1220 1179 1258 pietatis
1191 1220 1308 1250 amicft'us.

414 1266 456 1294 Ab
471 1267 574 1294 Ovidio
587 1264 659 1303 restis
672 1263 786 1296 inradia,
807 1263 821 1291 ὲ
835 1262 922 1290 Persio
936 1271 1016 1288 recens
1028 1268 1084 1298 toga
1097 1262 1266 1288 nominatur:
1286 1260 1357 1287 unde
1370 1259 1421 1291 est,
1441 1260 1515 1296 quod
1526 1268 1574 1298 per
1585 1258 1661 1288 ludos
1674 1258 1742 1296 apud
1757 1257 1905 1288 Martialem
1920 1261 1947 1290 ὃς

376 1303 455 1336 alios,
474 1303 606 1332 candidati
619 1304 756 1342 leguntur:
778 1302 854 1332 inde,
875 1300 946 1337 quod
960 1299 1029 1336 apud
1045 1299 1166 1326 Plautum
1180 1298 1312 1326 Aulularia
1324 1297 1458 1326 scribitur:

689 1340 743 1379 Qi
756 1338 846 1377 vestitu
855 1359 863 1371 ,
884 1337 924 1370 Θ
937 1337 1039 1371 cretas&
1051 1336 1189 1368 occultant,
1210 1335 1251 1368 ζῇ
1258 1337 1347 1369 Jkdent
1359 1334 1516 1374 quafiftugi.

415 1382 448 1408 In
461 1380 585 1409 homines
597 1380 694 1408 scilicet
707 1379 857 1407 tenuiores,
878 1375 973 1412 quibus
986 1384 1049 1402 cum
1063 1375 1139 1410 copia
1153 1375 1286 1402 mutandae
1298 1382 1368 1411 togae
1380 1383 1436 1401 non
1449 1375 1526 1405 estet,
1546 1380 1638 1402 tamen
1645 1380 1674 1402 ut
1683 1373 1775 1406 nitidi,
1796 1375 1822 1402 &
1831 1373 1950 1401 melioris

376 1419 489 1447 fortunae
503 1426 674 1456 apparerent,
693 1416 738 1444 sub
752 1417 807 1443 dies
819 1414 945 1442 ludorum
960 1411 1080 1449 togulam
1090 1411 1342 1439 l'uamincretabant.
1362 1412 1632 1440 Viriautemillustres
1639 1422 1669 1440 ac
1676 1412 1791 1443 nobiles,
1812 1421 1874 1440 cum
1882 1411 1950 1439 iem-

376 1466 423 1492 per
436 1458 513 1484 nivea
527 1465 590 1494 toga
604 1463 759 1485 uterentur,
775 1454 793 1481 fi
806 1453 846 1480 rei
858 1450 1028 1481 effent'faffi,
1049 1459 1096 1486 per
1109 1451 1164 1477 dies
1169 1449 1262 1485 judicii
1271 1449 1408 1476 sumebant
1415 1458 1498 1486 togam
1494 1450 1644 1485 sordidam}
1662 1449 1842 1486 posnanivea,
1862 1458 1891 1477 ut
1899 1450 1952 1476 mi-

378 1494 541 1521 serabiliores
555 1495 637 1521 effent
650 1494 678 1520 in
693 1493 761 1520 veste
774 1490 886 1527 plebeja.
906 1491 998 1525 Itaque
1011 1499 1048 1514 ret
1062 1498 1088 1514 m
1096 1487 1212 1522 serdibus
1226 1487 1276 1514 effe
1284 1488 1421 1518 dicuntur,
1442 1488 1627 1515 autsordidati.
1648 1489 1744 1524 Neque
1752 1488 1840 1514 veroii
1849 1486 1950 1518 solum,

378 1532 424 1568 qui
439 1532 476 1559 rei
491 1531 553 1559 faeti
565 1539 653 1560 erant,
676 1539 771 1557 verum
785 1530 867 1556 etiam
881 1527 978 1563 cognati
992 1535 1087 1554 eorum
1103 1528 1129 1554 &
1143 1525 1370 1558 affinessordsdam
1383 1535 1467 1561 togam
1480 1524 1634 1553 sumebant:
1654 1525 1725 1562 quod
1741 1534 1802 1552 cum
1818 1524 1950 1556 facerent,

377 1567 468 1606 vestem
484 1577 583 1596 mutare
598 1568 760 1596 dicebantur.
786 1565 878 1593 Livius
890 1564 935 1591 lib.
950 1567 975 1591 6.
1001 1563 1115 1591 Tribuni
1128 1563 1210 1599 plebis
1225 1564 1296 1590 diem
1314 1564 1416 1591 Manlio
1429 1563 1529 1591 dicunt.
1557 1562 1691 1590 Conversa
1705 1562 1779 1599 plebs
1792 1562 1842 1594 est,
1861 1564 1953 1599 utique

378 1608 520 1644 postquam
526 1606 687 1641 Jbrdiclatum
699 1614 774 1632 reum
790 1604 929 1633 viderunt,
949 1612 998 1630 nec
1011 1611 1073 1629 cum
1089 1610 1121 1628 eo
1133 1611 1188 1628 non
1196 1601 1279 1628 modo
1289 1602 1395 1629 Parrum
1405 1609 1567 1638 quemquam
1577 1622 1584 1632 ,
1602 1600 1645 1628 sed
1652 1610 1686 1628 ne
1692 1607 1820 1637 cognatos
1827 1600 1936 1636 quidem
1945 1619 1956 1631 ,

378 1652 424 1673 aut
437 1645 543 1676 affines,
563 1645 637 1682 quod
650 1644 681 1671 ad
698 1651 756 1670 eam
768 1642 842 1669 diem
856 1649 994 1677 nunquam
1007 1639 1054 1668 usu
1067 1639 1189 1671 venisset,
1210 1647 1240 1667 ut
1252 1640 1280 1666 in
1294 1646 1370 1666 tanto
1380 1638 1532 1666 discrimine
1539 1639 1860 1675 non&proximivestem
1868 1646 1955 1666 muta,-

380 1690 449 1711 rent.
469 1685 534 1710 Haec
549 1682 645 1710 Livius.
668 1686 769 1709 Verum
782 1680 815 1707 de
829 1679 879 1706 hoc
892 1688 969 1706 nrore
982 1678 999 1708 1.
1010 1686 1037 1715 9.
1050 1678 1096 1714 qui
1110 1678 1142 1704 de
1155 1678 1260 1713 judiciis
1272 1678 1322 1709 est,
1343 1676 1417 1713 plura
1432 1677 1559 1705 dicemus.

420 1722 463 1749 De
476 1719 576 1753 trabea,
598 1730 655 1757 quae
668 1720 749 1747 etiam
764 1718 833 1745 inter
846 1725 963 1753 togarum
977 1725 1074 1754 genera
1088 1716 1192 1743 videtur
1204 1715 1356 1747 referenda,
1377 1716 1498 1743 dicemus
1508 1715 1586 1752 paulo
1598 1715 1671 1751 post,
1692 1715 1777 1750 capite
1790 1712 1921 1750 singulari.

420 1763 488 1796 Toga
494 1758 576 1793 piezu.
600 1759 675 1786 vestis
689 1755 798 1784 Etrusca
811 1755 874 1786 fuit,
893 1755 1020 1790 purpurei
1032 1754 1142 1785 coloris,
1163 1763 1228 1781 auro
1241 1754 1374 1782 distinCta,
1395 1754 1408 1780 a
1423 1753 1645 1789 triumphantibus
1657 1753 1714 1790 geri
1728 1751 1814 1782 solita,
1835 1759 1914 1787 quam
1924 1758 1955 1780 ut

378 1798 414 1826 ait
430 1797 532 1828 Florus,
552 1795 663 1824 subaffis
675 1795 818 1824 duodecim
831 1793 951 1820 Thusciae
964 1791 1068 1828 populis
1082 1792 1242 1828 Tarquinius
1257 1791 1354 1819 Priscus
1370 1793 1489 1818 Romam
1504 1792 1645 1819 transtulit:
1666 1790 1693 1817 id
1707 1789 1778 1826 quod
1792 1790 1873 1817 etiam
1892 1793 1954 1816 Dio-

379 1834 458 1874 ⁷²)fius'
466 1836 616 1863 confirmat.
635 1832 790 1861 Macrobius,
811 1830 911 1858 Plinius
921 1851 928 1863 ‚
948 1831 974 1858 id
983 1840 1038 1858 non
1048 1829 1148 1860 Prisco,
1167 1829 1210 1856 scd
1219 1829 1300 1856 Tullo
1307 1830 1420 1857 Hostilio
1427 1829 1553 1857 tribuunt.
1572 1832 1762 1862 Haecpmpurea
1773 1826 1835 1858 fuit,
1855 1833 1884 1854 ut
1892 1830 1954 1854 Dm-

380 1872 459 1912 ·njfius
469 1873 592 1900 ostendit.
620 1873 693 1899 FiHa
705 1870 861 1899 vocabatur,
883 1868 956 1905 quod
972 1870 998 1896 in
1013 1877 1042 1896 ea
1056 1868 1143 1905 figura:
1155 1869 1191 1895 ita
1206 1867 1382 1904 fingerentur,
1403 1874 1432 1895 ut
1448 1877 1477 1894 ea
1489 1866 1572 1903 specie
1585 1867 1617 1893 ad
1630 1866 1739 1902 pisturae
1752 1864 1954 1892 similitudinem

381 1910 526 1939 secederet.
547 1912 620 1937 Duos
633 1910 745 1937 historioe
761 1914 927 1936 memorant,
948 1916 1063 1943 quorum
1078 1906 1171 1933 virtuti
1185 1905 1315 1933 tributum
1330 1906 1375 1937 fit,
1395 1914 1423 1934 ut
1433 1904 1502 1939 pidia
1515 1912 1586 1942 tuga,
1606 1912 1756 1941 quanquam
1765 1903 1876 1938 privati,
1897 1910 1954 1930 ute-

382 1957 487 1980 rentur,
510 1949 620 1976 Paulum
633 1947 762 1974 AEmtlium
779 1967 787 1978 ‚
807 1947 853 1982 qui
868 1946 900 1972 de
914 1944 1013 1972 ultimo
1023 1944 1187 1972 Macedoniae
1200 1944 1276 1980 Rege
1291 1943 1384 1971 Perseo
1399 1942 1586 1979 triumphavit,
1608 1944 1641 1970 de
1654 1951 1708 1979 quo
1723 1938 1845 1968 Aurelius
1855 1939 1953 1974 νιέῗον,

381 1987 449 2014 libro
464 1988 497 2014 de
512 1987 574 2014 viris
587 1985 736 2013 illustribus:
759 1987 785 2013 ὅ(
801 1985 960 2017 Pompejum,
981 1983 1014 2010 de
1028 1991 1085 2018 quo
1097 1981 1200 2015 Velleius
1213 1981 1257 2009 lib.
1267 1991 1291 2008 2.
1305 1984 1331 2010 ὅτ,
1345 1982 1394 2009 Dio
1405 1981 1450 2009 lib.
1463 1991 1505 2017 37.
1517 1980 1641 2008 scribunt.

422 2030 446 2052 T
445 2036 515 2062 agam
526 2024 669 2058 palmatam
680 2045 688 2055 ,
708 2024 794 2059 inquit
809 2022 944 2049 Manutius
956 2041 963 2052 ‚
984 2021 998 2047 a
1010 2019 1106 2057 palmis
1118 2019 1196 2055 piffis
1208 2019 1242 2047 lic
1256 2019 1431 2057 appellarunt:
1451 2019 1524 2055 cujus
1539 2027 1631 2047 tamen
1644 2027 1699 2045 non
1714 2015 1800 2045 multa
1811 2016 1879 2053 apud
1892 2015 1953 2045 scri-

385 2070 474 2098 ptores
489 2071 589 2090 veteres
604 2062 707 2090 mentio
722 2067 807 2092 extat,
828 2061 914 2096 plures
928 2061 1110 2086 meminerunt
1124 2058 1340 2091 tunicapalmatae.

425 2104 491 2137 Toga
499 2109 624 2134 purpurea
633 2099 771 2127 differebat
778 2097 877 2132 ὲρὶὲῗιι,
898 2097 1085 2131 &apra-:texum
1105 2094 1117 2122 a
1126 2094 1212 2129 picsllz,
1235 2097 1439 2132 quiapuraerat:
1461 2094 1611 2129 apaewtexta,
1633 2096 1693 2132 quia
1700 2094 1754 2122 haec
1761 2101 1817 2122 erat
1824 2092 1881 2120 alba
1889 2101 1952 2121 cum

380 2137 467 2164 limbo
483 2147 613 2173 purpureo
628 2136 825 2165 circumdufto:
839 2144 966 2170 purpurea
980 2133 1045 2162 vero
1058 2134 1172 2161 limbum
1188 2143 1242 2161 non
1255 2133 1374 2161 habebat.
1395 2135 1429 2162 Et
1439 2131 1528 2160 Lirim
1541 2133 1558 2161 l.
1569 2144 1610 2170 31.
1624 2133 1763 2169 separatim
1771 2142 1812 2160 eas
1820 2132 1952 2158 nominat.

383 2176 474 2205 Dona,
496 2177 596 2211 inquit,
616 2175 704 2212 ampla
712 2176 786 2206 data,
805 2183 863 2210 quae
871 2173 970 2201 ferrent
978 2173 1048 2209 Regi
1055 2171 1112 2199 vasa
1119 2181 1209 2203 aurea,
1226 2180 1415 2208 argenteaque,
1424 2180 1538 2208 togaque
1546 2180 1690 2208 purpurea,
1702 2170 1847 2204 &palmata
1854 2169 1950 2198 tunica,

382 2222 444 2239 cum
461 2212 577 2239 eburneo
591 2213 718 2249 scipione,
739 2215 765 2240 ὃ(
780 2220 843 2248 toga
855 2219 989 2249 praetexta.
1019 2213 1159 2247 Togamm
1172 2212 1254 2238 etiam
1269 2209 1317 2237 alia
1328 2219 1437 2246 genera,
1457 2209 1609 2237 undulatam
1621 2231 1627 2242 ,
1638 2210 1813 2244 fericulum-im,
1834 2204 1950 2242 Phrygia-

380 2260 455 2281 nam,
470 2250 624 2282 *ltumlamm
646 2252 788 2278 nominant
812 2249 926 2281 Plinius,
946 2249 1089 2276 Martialis.
1109 2247 1240 2280 Juvenalis
1253 2268 1260 2279 ,
1281 2248 1399 2275 deductis
1415 2247 1568 2275 nominibus
1588 2247 1602 2275 ὲ
1624 2248 1698 2275 vario
1716 2255 1814 2284 genere
1832 2243 1950 2279 Ρὶᾶυῑέἓ,

381 2289 431 2314 Sed
447 2288 479 2315 de
493 2295 563 2322 toga,
585 2289 611 2313 &
624 2287 765 2326 multiplici
779 2288 835 2323 ejus
850 2287 997 2315 differentia
1011 2286 1151 2318 haetenus,
1171 2296 1228 2324 quae
1241 2286 1389 2313 maximam
1404 2294 1509 2322 partem
1525 2296 1556 2314 ex
1570 2285 1655 2312 Caroli
1667 2283 1761 2322 sigonii
1773 2282 1789 2309 l.
1803 2293 1827 2319 3.
1839 2281 1949 2315 dejudi-

378 2327 441 2356 ciis,
464 2324 528 2351 Aldt
541 2328 656 2350 Manum
668 2324 713 2351 lib.
724 2335 747 2351 2.
763 2326 795 2352 de
811 2325 930 2361 Qaefitis
944 2334 990 2360 per
1003 2324 1156 2360 epistolam,
1179 2322 1278 2358 &justi
1285 2323 1359 2362 Lisfii
1367 2323 1660 2361 Elexstisexscripfimus,
1681 2321 1800 2351 undem,
1821 2319 1951 2347 benevole

379 2363 476 2395 laetor,
495 2361 670 2399 prolixiorem
685 2364 710 2389 δε
723 2363 873 2398 pleniorem
887 2363 981 2391 harum
995 2372 1088 2391 rerum
1100 2363 1304 2399 explicationem
1319 2370 1406 2399 petes..
1428 2364 1514 2401 Leges
1526 2362 1608 2391 etiam
1621 2356 1768 2398 Wffgangi
1778 2355 1858 2386 Lami
1866 2357 1914 2422 gb.
1924 2359 1950 2386 8.

1891 2404 1954 2423 om-
