2075 2734
264 108 314 136 DE
342 96 509 135 Lectius
537 106 837 135 Pnoconsumm,
864 112 904 131 Ετ
931 96 1229 132 Paovnffironum.
1270 104 1352 132 CAP.
1372 112 1421 141 44.
1591 111 1647 146 535

58 150 235 191 ffisgrvaffim·
255 159 346 187 postea
361 168 440 190 vero,
461 167 522 186 cum
538 162 567 185 L,
579 155 732 193 Calpurnim
747 154 799 190 Piso
816 155 936 184 tribunus
949 156 1046 192 plebis,
1066 160 1099 183 L.
1113 155 1210 183 Marcio
1223 154 1353 190 Censorino
1363 179 1370 190 ,
1390 161 1429 185 M.
1443 157 1551 187 Manilio
1569 161 1642 189 Coss‘.

58 210 128 229 anno
143 197 198 237 ipso
214 207 293 225 ocrv.
309 197 373 226 teste
386 198 414 224 in
429 198 512 225 Bruto
526 195 655 227 Cicerone,
676 196 778 231 primus
796 194 830 220 de
842 195 984 231 quaestione
997 203 1123 231 perpetua
1137 195 1346 232 repetundarum
1360 195 1457 224 tulisset
1470 217 1477 227 ‚
1499 199 1525 226 id
1542 199 1592 231 est,
1612 206 1645 228 ut

59 248 90 267 ex
104 236 260 274 praetoribus
275 236 319 267 iis,
340 236 384 273 qui
396 235 545 271 provincias
559 233 646 261 sortiri
660 232 730 261 soliti
744 240 831 263 erant,
856 241 921 260 unus
936 234 1080 268 provinciae
1093 234 1167 264 loco,
1189 233 1360 270 questionem
1374 236 1581 270 repetundarum
1590 237 1644 265 sor-

59 278 167 306 tiretur,
188 275 266 312 eique
284 283 332 311 per
351 281 449 301 annum
467 273 493 300 in
508 271 582 300 Urbe
595 272 727 308 praeefl‘et:
751 273 777 300 ἃ
793 280 854 298 cum
871 271 943 299 idem
959 272 1049 307 postea
1061 274 1141 300 etiam
1158 273 1184 299 in
1198 271 1253 299 aliis
1267 270 1436 309 quastionrbus
1449 275 1645 308 acpraetoribus,

57 314 101 341 alii
114 313 163 341 alia
177 312 235 350 lege
250 312 404 342 sanxissent,
425 311 532 338 initium
548 310 733 339 introdufium
749 310 785 337 est
798 330 805 340 ,
827 317 857 337 ut
864 317 981 343 pretores
993 331 999 341 ‚
1021 311 1066 347 qui
1080 311 1221 348 quotannis
1232 310 1316 337 adhuc
1332 309 1386 338 seni
1399 319 1504 340 tantum
1521 313 1644 342 creabanss

57 359 115 383 tur,
135 351 330 388 jurisdietiones
344 350 420 380 duas,
439 349 594 385 quaestiones
608 357 734 386 quatuor,
754 355 798 375 aut
813 347 900 384 plures
915 357 946 375 ex
961 347 1062 385 legibus
1072 370 1078 379 ‚
1100 358 1156 385 quae
1170 349 1203 376 de
1215 357 1319 385 quaque
1334 351 1475 386 quaestione
1488 350 1546 379 latae
1553 361 1644 384 erant,

59 391 87 417 in
102 390 202 418 sortem
219 390 397 426 conjicerent,
417 387 510 423 easque
523 397 571 425 per
585 397 684 415 annum
700 388 727 415 in
742 386 817 414 Urbe
829 394 985 414 exercerent
998 397 1002 412 t
1024 394 1147 414 extremo
1161 396 1250 414 autem
1267 396 1353 428 anuo,
1372 397 1404 416 ex
1419 388 1644 419 senatusconsulto

58 428 208 466 provincias
222 428 249 455 in
262 427 396 464 posterum
412 425 584 457 sortirentur,
607 428 632 454 ἃ
646 426 709 454 inde
722 431 878 462 propraetores
889 424 1013 460 appellari
1028 424 1110 460 ccepti
1124 424 1191 452 sunt.
1346 428 1349 431 '

98 468 234 495 Caeterum
254 466 286 493 ad
306 463 388 500 ipsam
411 463 618 500 appellationem
640 464 713 501 quod
733 465 843 494 attinet,
862 470 953 490 utrum
963 471 1109 496 propretor,
1129 472 1161 490 an
1172 472 1315 496 propraetore
1328 464 1472 493 dicendum
1487 465 1518 493 fit
1531 487 1538 498 ‚
1560 475 1589 493 ea
1603 465 1647 495 hic

57 512 210 541 repetant-ur
223 525 231 536 ,
258 512 314 540 quae
334 503 367 530 de
380 502 561 537 proconsulibus
580 503 745 531 monuimus.
787 503 852 529 Ix'on
872 509 962 528 autem
983 510 1037 528 uno
1059 501 1143 528 modo
1156 510 1312 535 propt-atores
1330 502 1395 530 dieti
1415 503 1482 533 sunt.
1522 505 1646 534 Primum

58 544 132 571 enim
151 550 264 577 pretores
278 539 446 576 provinciales
461 562 469 573 ,
496 543 541 579 qui
562 542 680 578 imperio
700 547 846 578 prorogato
870 540 897 567 in
916 540 1061 575 provinciis
1081 539 1149 566 ultra
1169 538 1323 575 legitimum
1344 548 1451 578 tempus
1475 542 1647 576 manserunt,

53 587 208 616 propretores
227 578 286 608 sunt
305 578 441 616 appellati:
461 587 519 607 turn
541 581 623 608 etiam
643 580 695 611 illi,
716 580 762 617 qui
783 589 815 607 ex
834 577 942 615 privatis
960 578 992 605 ad
1012 577 1111 605 bellurn
1132 577 1296 615 gerendum,
1318 587 1372 605 non
1393 588 1483 608 autem
1504 582 1535 609 ad
1550 581 1648 619 guber-

56 619 172 647 nandam
194 618 379 655 provinciam,
400 618 469 645 miffi
489 617 562 650 sunt,
581 626 611 647 ut
630 623 660 646 C.
681 617 814 646 offa-uius-
855 617 888 644 Et
907 615 934 643 hi
953 617 1062 653 proprie
1081 614 1244 653 magistratus
1258 625 1312 642 non
1329 615 1444 645 fuerunt.
1485 621 1580 647 Tertio
1589 629 1647 653 pro-

53 663 166 693 pretores
184 657 265 688 dieti,
285 657 330 694 qui
344 664 453 691 pratum
472 657 499 684 in
520 657 595 685 Urbe
612 658 696 695 gesta,
716 656 762 684 sub
782 657 864 684 finem
883 655 946 682 anni
960 655 987 682 in
1002 655 1152 691 provincias
1164 653 1294 690 profeftL
1315 655 1352 681 eis
1365 656 1538 690 praefuerunt:
1559 657 1586 686 hi
1601 668 1646 686 or-

55 693 151 723 dinarii
168 693 330 733 magistratus
348 694 512 729 provinciales
532 695 639 724 fuerunt
656 706 663 723 :
684 705 799 732 quorum
820 694 964 730 imperium
986 695 1013 722 δε
1031 693 1145 730 potestas
1166 693 1260 720 eadem
1281 690 1333 719 fuit
1345 713 1352 723 ,
1379 701 1435 729 quae
1454 696 1626 731 proconsulum
1638 716 1647 726 ,

55 732 103 761 nifi
123 733 195 769 quod
215 733 260 762 sex
280 741 386 762 tantum
401 733 554 766 liiioribus‚
575 734 691 763 totidem
705 733 829 764 fascibus,
850 735 877 762 δε
892 731 1024 760 securibus
1037 731 1074 758 ufi
1089 731 1212 761 suerunt,
1235 732 1260 758 8<
1275 731 1347 766 quod
1362 732 1512 772 provincias
1525 736 1646 763 minores

55 771 240 799 obtinuerunt.
281 773 383 800 Caetera
396 793 403 803 ,
430 780 487 809 quae
507 772 594 809 capite
612 773 737 809 proxime
755 771 937 807 praecedenti,
957 771 991 798 de
1003 769 1173 804 proconficlum
1191 770 1218 796 in
1238 769 1389 806 provincias
1407 772 1575 805 preteetione
1589 794 1596 805 ,
1617 775 1645 802 δε

56 810 190 838 comitam
209 809 338 842 diximus,
360 810 427 838 item
448 811 481 838 de
500 811 631 847 imperio,
650 810 847 846 jurisdiffione‚
870 809 1008 838 curatione
1028 810 1054 837 ὃς
1073 808 1240 838 decessione,
1261 806 1304 834 illa
1324 807 1417 835 omnia
1437 809 1518 837 etiam
1540 812 1571 839 ad
1588 821 1644 845 pro-

49 856 165 882 pretores
183 849 327 885 pertinent.
367 849 472 886 Qarto
488 856 644 883 propretores
657 850 739 876 etiam
754 848 818 876 dieti
833 847 892 876 sunt
906 847 956 878 illi,
977 856 1043 883 quos
1056 851 1086 875 C.
1100 845 1224 873 offlam:
1237 844 1384 882 Augustus,
1407 847 1433 874 ὃ(
1447 848 1504 882 post
1522 858 1583 876 eum
1604 859 1645 877 re-

54 885 121 923 liqui
135 886 315 924 Imperatores
328 887 356 914 in
370 895 412 914 eas
424 887 589 924 provincias,
608 895 671 924 quas
685 887 731 915 fibi
745 886 926 918 reservabant,
946 884 1086 914 miserunt.
1126 885 1160 912 Et
1174 884 1200 912 hi
1214 885 1349 920 majorem
1362 905 1369 916 ,
1390 893 1471 921 quam
1479 887 1644 921 proconfieles‚

56 925 103 960 qui
121 925 267 960 provinciis
284 923 378 961 populi
396 924 621 961 praeficiebantur,
640 925 772 954 habebant
792 925 965 962 potestatem:
986 924 1019 951 de
1033 923 1127 961 quibus
1143 922 1195 950 Dio
1210 923 1254 951 lib.
1267 933 1310 959 53.
1325 923 1353 950 in
1366 922 1438 951 hunc
1452 925 1566 952 modum
1582 925 1644 953 scri-

56 961 116 992 bit,
139 962 174 989 de
198 962 306 1001 Augusto
325 962 404 990 verba
424 962 522 991 faciens
538 974 543 991 2
570 964 625 1002 Q
644 974 730 1002 neque
749 964 894 1000 confictores
908 984 915 995 ,
941 971 1028 999 neque
1041 961 1149 996 pretorii
1168 969 1259 992 erant,
1285 960 1338 998 ipse
1359 961 1370 995 (
1379 960 1508 999 Augustos
1526 962 1643 998 scilicet)

56 998 158 1037 delegit
169 1020 176 1032 ,
197 1011 227 1028 ac
242 1002 344 1039 legatos
357 1000 415 1029 suos
429 1003 455 1030 &
463 1010 619 1037 propraetores
630 1005 791 1031 nominavit.
833 1004 906 1030 Nam
921 1011 984 1028 cum
997 999 1053 1028 haec
1067 1001 1179 1028 nomina
1192 1000 1237 1028 diu
1250 999 1400 1027 admodum
1415 1001 1442 1028 in
1455 1001 1541 1036 priori
1555 1003 1643 1039 reipu-

55 1037 128 1066 blicae
147 1037 236 1068 forma
255 1039 414 1071 floruiss'ent,
428 1048 559 1074 pretores,
579 1041 704 1078 inquam,
726 1044 753 1070 &
774 1042 907 1076 Conficles:
928 1039 1047 1076 praetoris
1066 1039 1192 1069 nomine,
1213 1046 1242 1066 ut
1262 1037 1334 1066 bellis
1348 1039 1468 1066 maxime
1483 1039 1515 1067 ab
1529 1041 1645 1078 antiquis

55 1077 224 1113 temporibus
243 1079 419 1110 conveniens,
441 1079 454 1106 ὲ
474 1077 499 1106 se
519 1079 635 1107 delectos
655 1080 805 1118 inlignivit,
820 1087 973 1115 propraetores
993 1087 1038 1105 eos
1057 1086 1229 1113 nuncupans:
1251 1076 1386 1111 Confidam
1407 1077 1583 1114 appellatione
1604 1089 1646 1107 re-

53 1115 156 1152 liqum,
176 1124 206 1144 ut
219 1117 278 1153 paci
292 1117 497 1153 propinquiores
511 1117 615 1150 affecit,
629 1119 782 1153 proconsules
795 1119 893 1147 dicens.
934 1119 998 1145 Haec
1012 1116 1124 1143 nomina
1137 1116 1164 1143 in
1178 1114 1252 1143 Italia
1266 1116 1347 1150 Caefirr
1360 1114 1517 1144 reservavit:
1539 1118 1584 1154 qui
1599 1127 1644 1146 ex-

56 1160 98 1182 tra
111 1153 214 1182 Italiam
230 1155 408 1191 imperarent,
429 1155 498 1192 quafi
512 1165 607 1183 eorum
622 1156 714 1185 locum
730 1165 865 1188 tenentes,
879 1154 1002 1190 profestos
1015 1153 1164 1191 appellavit.
1198 1155 1221 1182 A
1237 1152 1263 1181 se
1275 1162 1358 1190 porro
1373 1153 1527 1191 delignatis‚
1548 1164 1644 1191 praetet

57 1201 160 1220 nomen
173 1202 346 1228 propretorum
359 1193 412 1221 hoc
423 1195 505 1221 etiam
519 1194 613 1222 tribuit
626 1216 633 1227 ‚
654 1204 683 1223 ut
695 1195 752 1231 plus
766 1205 846 1232 quam
862 1203 962 1222 annum
977 1193 1059 1221 effent
1073 1202 1137 1220 cum
1152 1192 1267 1228 imperio
1279 1212 1286 1223 2
1307 1200 1434 1229 quatenus
1449 1193 1573 1222 videlicet
1587 1194 1642 1231 ipse

56 1230 196 1262 statuisset,
216 1238 245 1258 ut
260 1230 405 1259 militarem
419 1231 539 1260 habitum
553 1233 697 1268 gestarent,
718 1233 904 1270 gladiumque,
925 1232 1006 1267 &jus
1019 1232 1104 1267 capite
1116 1230 1252 1267 pleetentii
1266 1230 1359 1258 militis
1371 1229 1507 1259 haberent.
1538 1235 1644 1260 Omnes

57 1276 148 1295 autem
163 1277 322 1303 propraetores
335 1289 343 1300 ,
370 1278 400 1296 ac
415 1271 460 1307 qui
475 1279 530 1297 non
545 1269 603 1299 sunt
616 1280 663 1305 pro
675 1270 807 1305 conficlt'bus
818 1292 824 1303 ,
845 1272 888 1299 sex
903 1277 1014 1298 utuntur
1028 1269 1166 1297 lietoribus
1179 1289 1185 1300 ‚
1206 1278 1361 1305 nomenque
1376 1269 1438 1296 inde
1451 1269 1519 1305 apud
1534 1272 1644 1299 Graecos

58 1304 158 1333 habent
171 1310 322 1342 ἐξαπελέκως.
344 1308 460 1344 Utrique
474 1317 565 1336 autem
579 1310 686 1345 imperii
700 1309 810 1347 insignia
824 1310 926 1340 statim,
947 1316 1025 1343 atque
1041 1308 1162 1334 venerint
1177 1309 1204 1334 in
1218 1306 1385 1343 provinciam
1401 1306 1459 1343 ipfis
1470 1308 1642 1341 destinatam,

56 1344 206 1380 accipiunt,
224 1343 411 1382 perfunffique
431 1356 464 1373 eo
482 1347 569 1374 statim
591 1348 737 1384 deponunt.
771 1350 834 1376 Haec
850 1347 902 1375 ille.
936 1347 991 1382 Qi
1010 1347 1090 1373 etiam
1112 1345 1190 1381 paulo
1208 1345 1265 1382 post
1284 1344 1371 1375 addit,
1386 1353 1556 1379 propraetores,
1577 1357 1642 1376 cum

57 1382 164 1410 urbanis
185 1382 332 1419 legionibus
344 1403 352 1414 ,
378 1383 496 1419 pluribus
515 1385 645 1413 instruffitis
663 1386 793 1422 praefeffis
806 1387 832 1413 in
847 1384 997 1422 provincias
1011 1384 1025 1411 ἐι
1039 1384 1131 1418 Castxre
1146 1383 1250 1414 missos,
1272 1381 1429 1419 additosque
1444 1384 1480 1411 eis
1492 1393 1642 1419 curatores,

57 1421 104 1457 qui
123 1420 243 1457 publicos
263 1421 362 1448 reditus
383 1422 553 1460 colligerent,
575 1425 601 1451 δε
621 1431 704 1452 certas
726 1424 855 1460 impenfiis
876 1423 1001 1451 facerent.
1044 1422 1117 1458 Qin
1132 1422 1212 1449 etiam
1228 1421 1261 1448 de
1276 1420 1334 1458 ipfis
1347 1421 1521 1450 constitutum
1537 1424 1588 1456 ait,
1609 1433 1643 1453 ne

57 1467 141 1495 quem
156 1459 290 1487 deleClum
307 1459 426 1487 rnilitum
441 1470 548 1497 agerent
562 1482 570 1493 ‚
591 1472 624 1489 ne
637 1462 777 1498 pecuniam
793 1469 888 1499 praeter
901 1471 976 1492 cam,
996 1469 1054 1497 quae
1067 1460 1208 1488 constituta
1221 1467 1292 1489 erat,
1312 1459 1464 1495 exigerent,
1481 1463 1643 1495 Imperatoris

57 1496 155 1533 injussu
167 1518 175 1529 ‚
195 1497 238 1524 cui
251 1495 379 1524 succell‘or
394 1499 485 1525 missus
499 1501 574 1531 effes,
597 1501 617 1527 is
632 1502 717 1528 statim
735 1510 767 1528 ex
781 1500 918 1538 provincia
931 1498 1015 1526 abiret
1025 1519 1034 1530 ‚
1055 1508 1085 1526 ac
1099 1508 1133 1525 ne
1146 1499 1173 1525 in
1187 1497 1323 1524 redeundo
1339 1505 1445 1534 tempus
1459 1505 1558 1526 tereret
1568 1519 1576 1530 ,
1597 1500 1641 1529 sed

57 1535 126 1562 intra
145 1536 253 1566 tertium
274 1534 395 1562 menstem
418 1538 537 1565 Romam
557 1546 747 1567 reverteretur.
786 1539 865 1568 Plura
881 1538 915 1566 de
934 1536 973 1566 his
986 1536 1169 1572 proprasort‘bus
1182 1535 1313 1565 habentur
1326 1535 1353 1562 in
1370 1536 1504 1563 Paodec‘its
1517 1537 1596 1565 titulo
1609 1540 1643 1567 de

57 1572 151 1600 officio
163 1571 284 1612 prqfido's,
305 1583 362 1611 quae
381 1575 444 1603 inde
461 1584 595 1613 petantur.

713 1656 737 1683 C
759 1666 775 1683 Α
797 1665 820 1682 P.
859 1656 886 1683 X
897 1654 984 1684 LIV·

492 1717 545 1751 De
559 1718 670 1764 legatis
680 1719 887 1768 proconsulum
897 1744 906 1760 ,
933 1726 980 1754 (θ’
990 1727 1210 1768 propretorum.

58 1790 152 1852 Inter
175 1795 274 1823 comites
295 1796 464 1831 proconfidmn
485 1798 512 1824 δι
530 1804 705 1831 γνορνιωνωη
724 1799 844 1834 primum
870 1798 960 1826 locum
987 1798 1157 1827 obtinuerunt
1180 1794 1278 1833 legati,
1304 1795 1338 1822 de
1362 1794 1456 1832 quibus
1480 1793 1533 1824 hoc
1553 1799 1640 1833 capite
1651 1782 2034 1833 ιιᾷινῶονιβὲίέτῖέπίίλ

109 1840 235 1869 agemus,
255 1833 372 1870 reliquos
385 1835 417 1862 ad
431 1834 512 1862 alium
523 1855 529 1865 ‚
550 1836 576 1863 8:
592 1837 811 1864 commodiorem
827 1837 918 1865 locum
935 1837 1096 1864 differentes.
1127 1841 1231 1874 Legatt,
1253 1834 1337 1870 inquit
1353 1837 1429 1874 Varro
1443 1833 1487 1861 lib.
1501 1843 1528 1869 4.
1543 1836 1576 1862 de
1589 1835 1639 1864 lin·
1663 1836 1684 1853 α

60 1879 111 1909 gua
127 1872 220 1900 Latina
232 1871 357 1900 dicuntur
371 1894 378 1905 ,
404 1875 449 1910 qui
463 1872 523 1900 lezsti
536 1872 642 1909 publice
655 1895 663 1906 ,
691 1884 805 1912 quorum
820 1885 900 1912 opera
915 1875 1076 1912 consilioque
1095 1882 1212 1902 uteretur
1225 1880 1337 1909 peregre
1350 1870 1510 1908 magrstmtus
1525 1891 1532 1901 ‚
1560 1875 1641 1910 quive

59 1908 147 1935 nuntii
167 1909 267 1939 senatus
280 1930 288 1942 ,
314 1918 359 1938 aut
379 1910 472 1948 populi
491 1911 581 1939 essent.
622 1913 725 1951 Qibus
743 1923 774 1941 ex
789 1914 875 1942 verbis
889 1913 1064 1950 intelligitur,
1090 1912 1194 1946 dupltces
1209 1910 1283 1937 fuisse
1296 1910 1364 1946 apud
1380 1916 1520 1937 Romanos
1534 1910 1642 1949 legatos:

58 1946 123 1974 alios
136 1966 154 1986 ,Ι
169 1949 215 1984 qui
234 1947 334 1975 senatus
354 1949 521 1977 voluntatem
542 1950 574 1977 ad
593 1950 657 1978 alios
676 1951 844 1980 detulerunt:
869 1952 933 1978 alios
945 1971 952 1982 ,
972 1951 1017 1987 qui
1030 1949 1172 1986 praefidzbus
1186 1969 1192 1980 ‚
1204 1947 1382 1981 proconsisltbus
1401 1946 1518 1982 scilicet,
1540 1952 1566 1978 δί
1583 1959 1651 1984 pm·-

54 1982 199 2019 p›·1101·1bus
218 1995 328 2022 operam
348 1995 504 2025 quacunque
521 1989 623 2015 ratione
636 1997 775 2018 navarunt.
818 1992 884 2017 Sunt
896 1996 986 2016 autem
1003 1989 1029 2015 δε
1043 1987 1098 2015 aliae
1111 1986 1187 2024 legati
1201 1985 1405 2022 significationes
1420 2007 1427 2018 ‚
1456 1996 1550 2014 verum
1564 1989 1597 2016 de
1610 1998 1640 2018 ea

60 2029 165 2050 tantum
188 2024 308 2053 dicemus
321 2045 328 2057 ‚
355 2027 428 2063 cujus
448 2027 533 2062 priori
550 2027 612 2054 loco
632 2030 708 2055 Varro
730 2028 866 2056 meminit.
906 2026 948 2055 llli
964 2026 1045 2062 igitur
1063 2025 1165 2063 legati,
1190 2025 1235 2060 qui
1250 2024 1398 2058 proconficles
1411 2044 1418 2056 ,
1438 2027 1639 2065 propraetoresque

61 2060 87 2087 in
107 2062 255 2096 provincias
274 2070 365 2091 euntes
383 2065 594 2097 comitabantur,
616 2073 660 2094 aut
681 2065 693 2093 ὲ
713 2064 801 2094 senatu
820 2066 851 2093 iis
871 2064 1014 2095 dabantur,
1035 2071 1078 2091 aut
1097 2063 1223 2099 permissu
1234 2062 1340 2097 finanus
1358 2062 1391 2090 ab
1409 2062 1468 2099 ipsis
1488 2064 1637 2099 praefidibus

59 2097 267 2128 adsciscebantur
280 2121 287 2132 ,
313 2108 358 2129 aut
377 2102 436 2140 lege
453 2103 539 2141 aliqua
559 2111 631 2131 extra
650 2104 772 2131 ordinem
794 2103 997 2141 deligebantur,
1023 2100 1136 2128 Cicerone
1155 2101 1227 2129 teste.
1265 2102 1392 2127 Numerus
1415 2102 1556 2138 legatorum
1575 2113 1637 2140 pro-

59 2137 206 2165 vinciarum
226 2139 372 2169 rectoribus
391 2142 578 2179 assignatorum
592 2162 599 2173 ,
626 2142 671 2179 qui
693 2142 822 2170 minimus
835 2163 842 2173 ‚
862 2141 911 2169 fuit
930 2139 1019 2168 trium.
1059 2141 1119 2168 Nec
1139 2149 1203 2167 vero
1221 2137 1332 2167 dubium
1353 2139 1403 2171 est,
1423 2140 1487 2177 quin
1506 2141 1534 2167 in
1553 2150 1587 2169 eo
1607 2143 1638 2172 lit

57 2173 146 2203 habita
166 2177 234 2204 ratio
247 2177 355 2212 pretorii
372 2180 467 2216 gradus
487 2182 514 2209 ὃς
535 2179 690 2215 Consularis,
712 2182 737 2208 ὃς
758 2180 920 2217 provinciae,
941 2181 967 2207 &
986 2177 1060 2210 belli,
1080 2178 1156 2215 ipsius
1176 2178 1290 2214 denique
1308 2176 1433 2205 hominis.
1473 2178 1553 2206 Unde
1572 2180 1637 2218 legi-

60 2222 141 2246 mus,
167 2215 300 2243 nonnullis
323 2215 461 2253 legatorum
482 2228 627 2247 numerum
655 2219 762 2246 antiium
788 2218 848 2246 effe.
887 2217 1064 2245 Observatum
1092 2219 1118 2245 &
1144 2216 1197 2244 hoc
1217 2216 1272 2247 est,
1299 2223 1329 2243 ut
1347 2215 1438 2253 legatos
1457 2215 1570 2245 libenter
1589 2220 1636 2247 fibi

59 2251 168 2289 quisque
194 2253 294 2290 legaret
308 2275 314 2285 ,
341 2255 386 2291 qui
412 2256 449 2282 rei
469 2256 589 2284 militaris
606 2257 684 2293 periti
704 2257 785 2285 essent
798 2277 805 2287 ‚
829 2256 927 2294 quique
946 2255 992 2292 ipsi
1012 2255 1156 2291 provinciis
1175 2254 1236 2282 alias
1253 2263 1314 2282 cum
1336 2254 1450 2292 imperio
1467 2255 1636 2290 praefuill‘ent.

60 2290 151 2328 Itaque
177 2292 321 2326 Conjulares
347 2293 525 2326 Consulibus,
546 2295 654 2329 pretorii
679 2294 834 2331 praetoribus
858 2295 949 2332 legatos
974 2293 1000 2321 se
1025 2292 1192 2329 poscentibus
1211 2293 1387 2329 adjunxerunt
1402 2314 1410 2325 ,
1437 2294 1463 2321 Sc
1484 2292 1565 2320 frater
1585 2295 1637 2322 fra-

58 2335 146 2361 trem,
167 2330 234 2358 filius
256 2339 357 2366 patrem
379 2331 426 2359 fibi
445 2331 550 2368 legavit.
589 2334 739 2364 Caeterum,
760 2333 831 2370 quod
851 2336 882 2360 ad
898 2341 994 2359 munus
1007 2330 1125 2368 ipsorum
1140 2332 1250 2361 attinet,
1271 2330 1361 2358 vicarii
1374 2332 1482 2368 quidam
1498 2340 1638 2368 erantpro-

57 2368 182 2405 consulum
192 2389 200 2402 ,
221 2369 254 2396 ad
270 2369 372 2397 molem
389 2379 478 2398 rerum
493 2371 696 2407 provincialium
711 2371 887 2399 sustinendam
897 2391 903 2402 ,
925 2371 995 2398 unde
1010 2371 1089 2398 etiam
1105 2371 1151 2407 ipfi
1166 2370 1302 2399 lictoribus
1316 2379 1346 2397 ac
1362 2368 1474 2398 fascibus
1487 2370 1639 2399 utebantur.

1594 2413 1627 2439 A(
