2075 2734
319 123 367 152 Dr:
392 117 455 159 ‘Jus
482 112 732 149 υῐοεκτηυεζ
758 124 823 143 νει,
851 125 893 144 nr
920 112 1116 147 immotus}
1137 117 1190 144 ἃς.
1230 116 1316 145 Car.
1336 119 1361 146 6.
1596 123 1651 152 661

106 176 265 208 'Mandatum
276 175 417 203 comraHus
429 175 505 203 bonae
519 174 579 202 fidei
590 193 598 204 ‚
619 170 655 199 d!
667 180 700 198 eo
713 169 786 207 quod
802 169 858 197 fieri
873 169 926 197 fine
941 170 1066 198 mercede
1081 171 1238 199 conveniret
1250 192 1258 203 ‚
1278 171 1399 208 periculo
1413 171 1575 202 mandatoris
1590 184 1651 203 exe.

70 218 193 256 'quendo,
213 216 283 244 inter
294 225 360 252 quos
373 215 431 249 jure
443 213 514 241 civili
527 211 620 240 licebat
634 209 718 236 sanstus
730 228 738 240 ,
759 213 839 245 atque
854 209 881 236 in
894 207 947 235 hoc
960 208 1078 244 perl'onae
1092 229 1098 239 ,
1119 219 1174 240 res,
1197 211 1336 242 mandata,
1358 210 1447 239 forma
1463 212 1598 246 mandati,
1619 216 1648 243 ὃς

69 256 111 292 jus
125 254 277 283 contraCmS
288 253 400 280 comidex
408 252 526 279 abantur.
755 242 786 270 ι’

109 294 160 321 His
172 294 253 321 etiam
269 290 447 318 conrraftibus
459 288 603 324 adjungere
616 286 678 313 licet
680 283 808 323 fiducmm
817 305 824 318 ,
845 294 902 322 quae
917 284 981 320 juris
997 284 1080 312 civilis
1094 284 1152 312 fuit.
1190 285 1252 314 Erat
1265 294 1354 315 autem
1364 286 1564 326 fiducia-species
1576 300 1650 318 man-

71 329 211 366 cipationis,
232 336 261 358 ut
276 332 377 356 Boc-mes
396 328 432 354 ait
446 347 452 357 ,
472 334 571 360 nempe
585 325 690 361 quotics
705 324 746 350 cui
765 333 804 349 res
818 323 851 350 ali
863 331 904 358 jua
918 323 1118 359 mancipabatur
1133 343 1140 353 ‚
1160 333 1222 350 curn
1239 333 1272 352 eo
1286 346 1291 353 ,
1303 333 1342 352 vut
1355 336 1413 354 eam
1432 329 1594 364 mancipanti
1608 339 1650 356 re-

73 369 256 404 manciparet:
278 365 378 395 veluti,
400 364 418 391 fi
434 366 491 399 quis
505 363 616 391 dubium
633 363 732 390 timens
746 382 753 392 ‚
773 362 864 388 amico
879 361 1022 397 potentiori
1036 361 1149 388 fundum
1166 363 1337 398 mancipasset
1351 386 1357 396 ,
1378 367 1407 393 u‘t
1420 365 1480 397 fibi,
1502 376 1564 394 curn
1579 375 1650 394 tem-

7 392 11 463 ιι
40 408 45 411 ’
71 415 134 443 pus,
156 406 226 443 quod
242 403 388 440 suipeQum
403 401 654 438 essctpraereri1llet,
675 399 805 427 redderet.
845 401 910 426 Haec
924 398 1073 432 mancipium
1083 398 1223 435 fidu-'imm
1236 402 1388 433 nominata,
1408 404 1480 440 quod
1495 405 1649 432 restituendi

38 451 42 455 ·
72 444 138 472 fides
152 445 372 479 interponeretur.
398 443 487 466 Lrwm
500 439 546 466 lib.
563 449 604 476 32.
626 439 771 475 optimum
786 444 857 464 ratus
871 435 1033 464 Corinthum
1052 437 1107 463 Na:
1115 436 1151 463 idi
1166 435 1432 468 Lacedaemoniorum
1449 449 1563 478 tyranno
1576 443 1649 471 velut

62 480 230 520 fiduciariam
243 481 319 510 dare,
339 485 369 505 ut
383 478 479 505 vietori
494 478 539 505 sibi
556 477 703 504 restitueret
716 475 734 502 fi
747 475 810 512 quid
827 475 928 502 adverfi
939 474 1086 505 accidisset,
1107 474 1160 510 ipse
1174 474 1289 504 haberet.
1328 479 1421 515 Itaque
1429 478 1530 517 fidus-m
1546 481 1651 509 videtur

71 519 147 548 fuisle
162 516 299 546 contradus
312 536 319 547 ‚
340 525 394 552 quo
415 516 495 543 fidem
510 515 619 550 alicujus
635 514 716 542 secuti
729 533 736 545 ‚
757 523 814 540 rem
832 513 855 540 ei
869 512 984 549 aliquam
1002 513 1067 540 dicis
1081 511 1154 538 causa
1165 514 1352 549 mancipabant
1367 526 1374 543 z
1396 518 1432 544 ita
1450 518 1535 545 dictus
1547 539 1556 550 ‚
1578 519 1652 556 quod

71 558 142 586 nulla
155 558 201 585 alia
214 565 256 586 re,
275 563 356 591 quarn
370 554 436 585 fide,
458 556 484 582 &
497 553 629 590 probitate
641 552 771 588 emptoris
784 552 860 582 freti,
880 561 939 578 eam
947 551 1133 589 venditionem
1146 551 1318 580 celebrabant.
1340 555 1370 581 ln
1384 554 1439 589 ejus
1454 565 1519 583 vero
1533 556 1649 584 formula

71 596 128 624 haec
141 595 219 623 verba
232 593 305 620 fuere
318 591 445 620 solennia:
467 595 501 619 Ut
515 594 582 619 inter
594 590 663 618 bonos
673 589 753 622 viros,
774 588 833 616 bene
845 589 886 627 agi
898 597 1005 624 oportet:
1027 588 1067 621 C?
1080 595 1119 614 ut!
1132 597 1163 614 ne
1170 595 1270 624 propter
1284 599 1310 616 te
1323 611 1329 622 ,
1342 591 1457 629 fidem-ce
1468 602 1541 621 tuam
1552 603 1650 629 captus,

65 632 231 670 fraudatufi‘e
242 630 303 670 fim.

111 669 236 708 obligatio
249 679 281 697 ex
295 669 364 706 quafi
378 669 517 697 contrac‘tu
531 674 586 696 erat
601 688 608 699 ‚
628 676 685 704 quae
697 675 784 704 neque
801 675 832 693 ex
845 665 982 693 contrafiu
997 686 1003 697 ,
1029 674 1117 701 neque
1130 674 1162 692 ex
1175 664 1275 693 delicto
1287 668 1396 703 proprie
1409 668 1560 699 nascebatur
1573 682 1578 698 :
1603 671 1648 700 sed

70 709 131 747 quia
150 710 188 736 rei
204 709 312 744 privatae
325 709 466 744 negotium
487 707 589 744 gestum
606 713 660 733 erat
673 726 680 736 ,
701 706 738 733 ita
751 703 948 741 appellabatur,
974 712 1004 731 ut
1019 703 1037 730 fi
1050 704 1107 739 quis
1123 705 1264 739 negotium
1285 705 1397 733 absentis
1410 727 1417 738 ,
1438 708 1585 743 ignorantis
1604 709 1648 736 sua

70 748 180 785 sponte,
201 756 231 774 ac
244 745 298 773 stne
312 746 441 774 mandato
454 744 580 782 geffiss‘et,
602 753 659 781 quae
673 744 846 780 negotiorum
863 741 998 778 gestorum
1017 742 1052 768 est
1065 741 1202 778 appellata.

109 782 426 812 Contractus-innommati
439 790 515 812 erant
528 790 657 819 quatuor,
676 781 708 807 do
720 789 749 807 ut
761 781 819 812 des,
839 780 868 806 do
882 787 911 806 ut
918 779 1016 815 facias,
1029 779 1098 815 fimo
1110 788 1140 806 ut
1154 780 1196 806 cles
1205 800 1211 811 ‚
1227 779 1295 815 finio
1308 789 1338 807 ut
1345 781 1438 817 facias.

111 828 152 852 Do
165 831 194 850 ut
207 823 259 853 des,
271 831 333 850 cum
343 822 369 849 id
384 823 524 858 negotium
539 820 642 856 gestum
656 826 721 849 erat,
731 819 804 855 quod
813 826 900 854 neque
914 819 1070 853 emptionis,
1080 826 1165 855 neque
1178 818 1283 846 alterius
1297 822 1430 849 nominati
1445 824 1594 850 contrae‘tus
1603 833 1652 852 no-

68 861 275 898 mine,appellari
283 860 441 896 poterat,¹.ed
449 866 596 885 conventum
604 864 699 886 erat,ut
705 866 746 884 res
754 866 803 893 pro
811 865 840 883 re
846 855 1044 889 daretur‚vcluti
1058 856 1085 883 in
1096 857 1304 891 permutatione,
1315 860 1339 886 ἃ
1350 861 1460 896 negotio
1469 861 1650 889 aestiniatorio.

78 910 81 911 ⁷
110 904 150 927 Do
169 907 198 925 ut
207 896 305 934 finias,
326 906 389 924 cum
404 897 430 924 id
445 895 621 924 conveniebat
634 894 690 921 ficri
705 914 712 926 ‚
734 895 806 931 quod
821 894 902 922 locari
916 903 972 921 non
982 902 1087 930 poterat
1103 904 1110 920 :
1130 894 1211 923 veluti
1224 915 1232 927 ‚
1252 904 1283 923 ut
1295 904 1395 924 centum
1410 908 1496 925 aureos
1508 899 1649 934 Sempronio

69 938 128 966 dem
136 958 143 968 ‚
161 945 191 963 ut
196 937 302 970 servum
308 935 387 968 ficum
399 934 576 962 manumittat.

110 973 182 1003 Facio
200 981 230 1001 ut
245 973 287 1000 des
300 992 308 1002 ,
336 973 357 1000 is
369 993 376 1003 ‚
405 974 450 1010 qui
464 982 526 1001 cum
541 972 675 1009 superiore
695 972 875 1008 reciprocatur
889 992 896 1004 ,
925 970 1007 1000 veluti
1021 991 1029 1003 ,
1049 971 1068 998 fi
1081 972 1260 1006 convenisset,
1280 980 1310 1001 ut
1324 971 1429 1002 servum
1445 984 1538 1003 meum
1554 985 1636 1004 manu

69 1014 196 1044 mittam,
217 1014 243 1040 &
259 1019 288 1040 tu
302 1010 369 1038 mihi
384 1020 492 1039 centum
507 1010 601 1038 solvas.
1622 1025 1625 1027 ·

111 1051 185 1079 Facio
204 1058 234 1077 ut
249 1049 332 1085 fimas
345 1071 354 1081 ,
381 1059 443 1078 cum
459 1059 545 1087 neque
558 1050 639 1087 gratis
658 1070 665 1081 ,
686 1059 772 1086 neque
787 1049 912 1077 mercede
925 1049 1074 1084 pecuniaria
1089 1049 1230 1077 constituta
1243 1049 1304 1087 quid
1320 1049 1376 1077 fieri
1391 1051 1581 1086 conveniebat,
1604 1051 1647 1080 sed

70 1098 102 1120 ut
113 1089 213 1117 factum
229 1098 279 1125 pro
290 1088 361 1115 facto
374 1088 541 1115 redderetur:
563 1087 657 1118 veluti.
678 1095 710 1115 ut
721 1087 795 1114 virini
808 1086 878 1118 bubus
885 1088 939 1121 fias
951 1086 1057 1113 alternis
1068 1087 1153 1113 Alebus
1165 1096 1305 1114 meremur.

109 1127 276 1165 Obligattones
291 1134 380 1153 autem
395 1134 509 1162 quatuor
523 1127 611 1153 modis
625 1125 842 1156 diffolvebantur,
858 1124 993 1159 Jblutione,
1013 1124 1207 1159 acceptilattone,
1220 1122 1353 1152 novatione
1366 1125 1407 1158 ζῇ
1419 1126 1582 1164 delegaram».

107 1165 248 1196 Solarium,
270 1173 331 1192 cum
347 1164 387 1191 vel
398 1173 427 1191 ea
441 1174 494 1196 res,
505 1173 562 1201 quae
573 1164 726 1195 debebatur,
735 1163 817 1195 ve1,fi
832 1164 916 1191 modo
930 1163 1046 1190 creditor
1061 1163 1322 1195 conlentiret‚altcra
1331 1165 1500 1199 praestaretur.
1523 1167 1594 1194 Nam
1610 1169 1648 1195 in-

70 1206 132 1234 vito
146 1203 272 1233 creditori
285 1202 353 1230 aliud
366 1211 416 1238 pro
430 1202 481 1230 alio
496 1202 560 1229 solvi
575 1212 629 1230 non
644 1211 758 1238 poterat.
777 1200 941 1236 acceptilatio
955 1210 1009 1228 erat
1022 1201 1050 1228 in
1066 1201 1164 1228 tabulas
1178 1211 1292 1238 accepae
1306 1204 1423 1237 pecuniae
1436 1203 1537 1231 relatio.
1558 1209 1649 1232 „Now-

72 1242 110 1272 rio
123 1242 218 1279 prioris
234 1240 318 1268 debiti
333 1241 359 1268 in
373 1240 451 1267 aliam
466 1240 658 1277 obligationem
675 1239 829 1273 transfusio,
852 1248 931 1276 atque
945 1239 1094 1271 transsatio,
1115 1249 1172 1276 quae
1186 1249 1234 1276 per
1247 1240 1442 1276 stipulationem
1458 1241 1544 1269 fiebat.
1571 1245 1648 1270 Dele-

66 1280 153 1319 gatio‚
172 1279 276 1307 alterius
292 1278 419 1306 debitoris
435 1279 461 1306 in
477 1278 552 1306 suam
567 1279 659 1306 locum
672 1277 830 1306 substitutio.
1101 1288 1107 1293 ¹

111 1316 280 1355 obligationes
292 1327 325 1344 ex
337 1316 441 1349 delicto,
461 1326 518 1354 quae
532 1326 563 1344 ex
576 1317 678 1344 dehetis
692 1324 798 1344 tantum
813 1315 922 1351 privatis
934 1313 1107 1344 nascebantur
1118 1336 1125 1346 ‚
1149 1315 1243 1348 furto,
1255 1316 1358 1353 rapina.
1379 1316 1480 1344 damno
1495 1318 1590 1354 injuria
1605 1320 1650 1347 da-

71 1362 118 1388 to,
138 1358 163 1384 &
178 1356 283 1391 injuria.
315 1359 426 1382 Furtum
438 1364 494 1383 erat
510 1356 687 1383 contreetatio
700 1353 878 1385 fraudulenta,
899 1352 1085 1382 lucrifaciendi
1098 1355 1198 1391 gratia,
1219 1354 1261 1382 vel
1278 1355 1355 1390 ipsius
1369 1355 1420 1388 rei,
1441 1355 1482 1382 vel
1497 1357 1577 1384 etiam
1593 1357 1652 1386 usus

72 1395 130 1431 ejus
141 1415 148 1426 ,
168 1392 363 1431 poffeffionisve
376 1413 384 1424 ,
403 1394 476 1430 quod
489 1394 546 1430 lege
566 1393 677 1421 naturali
690 1392 855 1430 prohibitum
871 1400 926 1419 erat
939 1393 1090 1419 admittere.
1131 1393 1215 1429 quue
1228 1392 1324 1428 duplex
1337 1414 1344 1425 ‚
1365 1392 1526 1429 manifestum
1541 1414 1548 1424 .
1568 1398 1594 1423 εἰς
1608 1406 1651 1423 mc

71 1430 240 1468 manfiestum.
260 1430 437 1467 Mamflflum,
458 1441 519 1459 curn
536 1441 576 1458 res
592 1433 620 1459 in
635 1431 757 1458 manibus
770 1430 848 1459 furis.
869 1438 1011 1466 antequam
1024 1430 1182 1458 destinatum
1197 1432 1224 1457 in
1241 1431 1330 1457 locum
1347 1430 1474 1463 ferretur,
1493 1433 1653 1468 deprehensa

72 1478 138 1499 erat.
158 1473 209 1496 Nec
221 1467 392 1505 manifestum,
415 1478 477 1496 curn
493 1471 536 1497 fiir
546 1471 574 1496 in
588 1469 711 1497 faciendo
726 1470 835 1505 quidem
850 1467 1025 1504 deprehensus
1041 1478 1095 1495 non
1110 1477 1175 1497 erat,
1198 1469 1241 1495 sed
1256 1478 1316 1495 eum
1332 1468 1435 1496 furtum
1451 1468 1551 1502 feciss‘e,
1572 1481 1652 1509 nega-

72 1505 97 1536 ᾗ
110 1518 165 1536 non
177 1514 290 1544 poterat.
309 1507 359 1534 His
373 1506 587 1542 additurficrtum
598 1516 644 1541 per
656 1507 766 1540 lancem,
776 1509 800 1534 3<
815 1506 906 1533 licium
921 1514 1099 1542 conceptum,
1120 1508 1146 1534 ἃ
1161 1505 1280 1534 oblatum
1291 1527 1298 1537 ,
1319 1507 1353 1534 dc
1366 1506 1459 1542 quibus
1471 1509 1498 1534 in
1513 1507 1650 1545 fragmen.

73 1547 108 1575 tis
121 1555 151 1574 xi
163 1554 183 1572 1.
196 1543 277 1572 tabul-
293 1544 418 1572 diximus.
439 1547 551 1579 Rapma,
573 1545 674 1573 furtum
690 1554 744 1573 erat
758 1545 820 1572 illud
835 1545 958 1581 quidem,
979 1543 1023 1570 sed
1038 1545 1233 1579 imprudenter.
1257 1546 1281 1572 ἃ
1295 1546 1319 1571 vi
1333 1543 1444 1571 factum.
1474 1546 1566 1583 Itaque
1579 1549 1650 1584 rapi-

73 1593 114 1612 nae
126 1583 309 1618 &privatum,
332 1584 358 1609 ὃς
369 1582 506 1617 publicum
521 1583 643 1611 constitui
655 1583 784 1619 judicium
797 1584 899 1619 potuit,
921 1591 1000 1618 paena
1014 1581 1148 1618 proposita
1163 1581 1213 1609 fuit
1226 1583 1298 1618 tr.pli

115 1624 248 1648 Damnum
259 1619 354 1654 mjuria
367 1619 459 1646 datum
473 1620 486 1647 a
506 1620 579 1648 fiirto
593 1641 600 1652 ,
622 1623 648 1650 δί
663 1623 753 1657 rapina
771 1621 822 1649 fuit
833 1621 967 1648 diverlum
983 1641 991 1651 ,
1013 1621 1084 1655 quod
1106 1619 1148 1646 illa
1161 1619 1350 1648 lucrifaciendi
1365 1619 1438 1648 causa
1451 1629 1556 1650 tantum
1570 1643 1578 1654 ‚
1597 1623 1650 1652 hoc

74 1659 168 1687 damni
182 1659 208 1685 in
220 1658 313 1685 ‘ereudi
328 1657 401 1685 causa
413 1657 514 1685 faelum
529 1659 577 1685 est:
598 1658 641 1685 illa
655 1669 709 1686 non
722 1659 775 1686 fine
789 1658 866 1686 dolo.
887 1657 940 1685 hoc
953 1667 1000 1693 per
1014 1658 1221 1694 imprudentiam
1235 1659 1387 1686 admiffum.
1408 1659 1503 1693 Iniuria
1519 1662 1592 1688 enirn
1605 1663 1653 1694 est,

74 1707 131 1726 non
146 1705 254 1726 cavere,
274 1695 346 1731 quod
360 1696 446 1723 caveri
462 1696 567 1727 debuit,
588 1698 614 1724 ἔκ*
628 1697 732 1732 potuit,
752 1704 781 1723 ut
795 1695 831 1727 is,
851 1697 896 1732 qui
907 1705 941 1724 eo
954 1697 1014 1723 loco
1027 1695 1154 1730 iaculatur
1167 1716 1175 1727 ,
1195 1696 1240 1723 ubi
1255 1697 1296 1724 vel
1309 1697 1373 1724 nulli
1386 1717 1394 1728 ‚
1417 1697 1459 1723 vel
1476 1697 1523 1726 soli
1537 1698 1562 1726 se
1580 1700 1652 1727 mili-

73 1741 114 1764 tes
125 1743 247 1763 exercere
262 1733 354 1760 iolent.
372 1735 470 1767 trgiurm
484 1734 595 1762 demum
610 1743 680 1766 erat,
701 1744 757 1771 quac
770 1742 812 1761 aut
827 1734 974 1770 puliatione
987 1755 994 1765 ,
1015 1741 1059 1761 aut
1073 1735 1211 1766 convicio,
1233 1743 1276 1762 aut
1292 1735 1455 1770 turpitudine
1469 1745 1564 1772 corpus
1579 1758 1586 1769 ‚
1606 1747 1651 1765 au-

73 1783 130 1805 res,
149 1781 195 1800 aut
208 1772 292 1798 vitam
305 1771 414 1806 alicujus
428 1770 553 1803 violavit,
573 1781 618 1799 aut
632 1773 765 1803 nostram,
786 1781 831 1799 aut
845 1771 949 1800 alterius
963 1773 989 1799 in
1003 1772 1196 1799 contumeliam
1212 1774 1342 1800 nostram:
1364 1773 1397 1800 de
1405 1773 1476 1810 quib.
1491 1775 1557 1801 inxt
1569 1775 1651 1804 r.tab.

113 1809 240 1847 obligatm
251 1818 283 1836 ex
297 1809 367 1845 quasi
379 1808 478 1836 delicto
492 1817 547 1837 erat
560 1830 567 1840 ,
589 1819 650 1837 cum
666 1812 723 1847 quis
740 1819 821 1846 poena
834 1810 919 1847 aliqua
933 1810 1109 1837 mulstabatur
1122 1830 1129 1840 ‚
1150 1810 1220 1847 quasi
1237 1811 1383 1847 deliquiffet
1396 1831 1402 1841 ‚
1424 1821 1486 1838 cum
1502 1821 1593 1840 tamen
1609 1824 1649 1842 re-

72 1857 138 1886 yera
153 1856 209 1878 non
223 1845 384 1884 deliquisset,
403 1846 448 1875 sed
458 1854 562 1876 tantum
577 1849 604 1875 in
618 1848 692 1886 culfa
705 1849 779 1877 ess‘et:
801 1848 896 1880 veluti,
912 1848 931 1876 fi
945 1849 1020 1885 cujus
1033 1858 1065 1876 ex
1081 1849 1219 1877 coenaculo
1233 1849 1369 1886 dejectum
1381 1849 1478 1888 ahquid
1492 1851 1574 1879 effen

752 1921 776 1947 C
803 1932 818 1947 Α
846 1930 868 1947 ι’.
914 1921 968 1948 VI.

388 1973 439 2007 De
446 1974 502 2019 jus
518 1971 686 2006 dicentibus
704 1999 714 2014 ,
739 1974 792 2006 vel
806 1972 844 2005 de
856 1974 990 2020 personis
1004 1999 1014 2013 ,
1040 1986 1100 2019 quae
1112 1978 1168 2019 jus
1181 1974 1332 2010 dixerunt.

73 2042 224 2106 Civibus
242 2040 410 2078 poscentibus
425 2052 456 2071 ex
475 2042 576 2080 legibus
589 2053 621 2071 xi
631 2052 651 2070 r.
667 2041 815 2070 tabularum
830 2061 837 2073 ‚
858 2052 915 2080 quae
928 2044 968 2079 jus
989 2053 1072 2071 omne
1087 2046 1223 2081 privatum
1236 2044 1383 2082 complexae
1396 2045 1474 2079 sunt,
1495 2048 1538 2076 vel
1552 2050 1644 2081 exiis,

158 2091 216 2118 quae
228 2081 285 2117 post
297 2090 327 2108 xi
338 2089 360 2107 1.
375 2079 472 2109 tabula3
489 2082 595 2117 dejure
608 2082 679 2109 civili
695 2081 752 2109 latae
768 2080 843 2112 sunt,
865 2082 952 2118 quales
966 2081 1072 2110 fuerunt
1093 2087 1184 2113 Furta,
1208 2086 1311 2110 Voconia
1324 2104 1332 2117 ,
1353 2085 1449 2112 Atinia
1460 2104 1468 2114 ,
1488 2087 1584 2120 Atilia,
1604 2093 1649 2116 A·

73 2119 181 2158 quium,
202 2121 228 2147 &
246 2118 371 2148 Falctdt'ffi
389 2121 441 2147 &c.
461 2119 502 2146 vel
515 2128 547 2146 ex
564 2121 655 2147 annuis
667 2128 810 2155 praetorum
828 2120 921 2146 ediCiis
935 2141 942 2151 ,
961 2120 1003 2155 jus
1015 2122 1187 2149 reddiderunt
1200 2117 1357 2159 magistratus
1373 2123 1390 2149 ii
1405 2144 1410 2153 ,
1432 2125 1476 2161 qui
1490 2124 1558 2153 hanc
1571 2135 1649 2162 pote-

73 2159 166 2185 statem
181 2156 195 2184 a
209 2155 308 2192 populo
320 2165 487 2194 acceperunt.
509 2162 548 2185 Ac
565 2159 609 2194 qui
621 2158 663 2193 jus
677 2157 786 2193 quidem
801 2156 876 2185 suum
891 2156 1019 2194 perstent!
1034 2158 1108 2191 sunt,
1130 2159 1148 2186 ii
1161 2159 1220 2197 iege
1233 2161 1311 2197 agere
1324 2171 1329 2187 :
1350 2158 1396 2197 q'ui
1405 2161 1447 2197 jus
1459 2163 1648 2197 reddiderunt,

73 2196 92 2224 ii
104 2196 146 2231 jus
159 2195 247 2222 dicere
259 2195 324 2222 disti
337 2194 404 2222 sunt.
445 2195 523 2222 Unde
533 2195 576 2223 illa
588 2196 700 2231 potestas
713 2195 772 2233 legts
783 2204 862 2226 amo,
885 2196 939 2223 haec
947 2195 1088 2230 jur-1sdictro
1101 2197 1236 2234 appellata.
1270 2200 1308 2226 Ut
1321 2208 1410 2227 autem
1425 2199 1476 2237 lege
1489 2211 1574 2238 agere,
1597 2203 1647 2231 fuit

71 2233 171 2270 aliquid
185 2242 217 2260 ex
233 2233 263 2259 iis
280 2253 286 2263 ‚
312 2241 369 2269 quae
383 2230 484 2269 legibus
497 2242 542 2262 aut
555 2234 656 2261 dehetis
674 2234 790 2261 instituta
805 2242 879 2261 erant
892 2254 899 2265 ‚
926 2235 954 2262 in
968 2234 1028 2270 jure
1039 2235 1160 2273 persequi
1175 2246 1182 2263 :
1209 2236 1244 2264 fic
1250 2238 1296 2272 jus
1310 2236 1403 2267 dicere,
1425 2238 1475 2266 fuit
1490 2241 1600 2268 reddere
1615 2251 1645 2268 ea.

71 2271 145 2309 jura,
165 2280 222 2308 quae
234 2269 336 2307 legibus
349 2278 393 2298 aut
408 2270 501 2298 ediffls
512 2273 721 2300 continerentur.

112 2307 170 2346 Jm
185 2317 274 2337 autem
291 2308 343 2348 hoc
359 2309 478 2344 primum
494 2308 580 2335 dixere
593 2313 682 2346 Reges,
703 2311 799 2338 deinde
812 2309 943 2345 Consicles‚
965 2311 991 2338 &
1007 2310 1052 2347 qui
1065 2321 1127 2339 cum
1140 2312 1269 2348 potestate
1282 2311 1420 2341 Consulari
1434 2314 1553 2342 fuerunt:
1576 2316 1650 2343 vide-

69 2346 147 2414 {icet²
167 2345 262 2412 thum'
276 2345 402 2374 mtlitares
416 2345 554 2375 Consulari
566 2349 708 2384 potestate,
730 2351 757 2377 ὃς
772 2347 906 2377 decemviri
919 2347 1022 2386 legibus
1036 2348 1181 2378 scribendis
1197 2370 1204 2384 ,
1229 2351 1365 2388 postremo
1373 2361 1486 2386 pretores
1502 2362 1580 2390 atque
1593 2353 1650 2381 edi..

80 2396 104 2414 es
114 2395 173 2413 curu
196 2395 218 2412 ι.

887 2428 1031 2464 Οοοος
1607 2433 1650 2459 De
