2075 2734
53 925 58 1000 f

53 1007 56 1040 l

52 1042 55 1060 4

51 1171 54 1192 s

436 90 491 121 DE
516 93 694 121 M‘ART102
719 99 760 119 ετ
788 97 920 118 ninus
949 97 984 117 xx
1011 97 1053 118 to
1080 97 1223 120 res-ris.
1256 90 1385 128 Carus.
1649 107 1709 139 259

428 140 526 169 Altera
530 139 662 178 gramineo
667 137 789 175 spectabis
801 136 910 178 Equiria
922 147 1025 174 campo,
1647 135 1654 140 i

490 182 576 217 Qem
589 178 684 206 Tiberis
695 176 777 205 curvis
790 176 818 204 in
831 178 900 204 latus
911 185 983 214 urget
996 177 1077 217 aquis.

432 216 488 256 Qi
498 225 585 245 tamen
598 214 675 250 ejedit'a
680 212 783 252 fisorte
797 214 922 243 tenebitur
935 216 1020 245 unda,

492 253 582 282 celius
596 252 696 288 accipiet
702 253 893 288 pulverulentus
907 263 990 293 equos.

162 293 298 332 Significat
305 294 432 325 Ovidius.
450 291 558 332 Equiria
571 291 628 319 haec
641 293 668 319 in
682 301 778 328 campo
789 292 889 320 Martio
901 291 977 327 juxta
984 291 1109 320 Tiberim
1124 301 1180 321 non
1194 291 1268 320 fuifle
1282 290 1426 325 celebrata,
1446 290 1494 321 nifi
1508 292 1614 322 Tiberis
1627 295 1703 326 inun-

123 333 213 361 daffet.
254 334 332 363 Tum,
343 333 416 361 enim
430 333 459 359 in
471 336 598 358 montem
613 329 718 357 Caelium
733 330 857 359 transsata
870 351 878 361 ,
905 330 977 358 unde
995 330 1022 357 in
1033 339 1066 357 eo
1080 338 1176 358 monte
1192 330 1265 359 locus
1278 331 1364 359 dietus
1378 335 1488 366 Campus
1502 332 1635 361 Martialis
1648 355 1656 366 ,
1676 336 1705 365 in

129 379 182 408 quo
197 369 304 410 Equiria
317 369 435 398 solebant
444 368 502 396 fieri
515 389 524 400 ‚
542 368 562 396 fi
576 368 683 405 quando
697 377 769 405 aquae
782 368 889 396 Tiberis
902 368 1040 405 Campum
1056 370 1187 396 Martium
1202 369 1380 405 occupassent.
1399 368 1494 408 Festus.
1702 369 1704 371 ’

161 408 252 436 Idibus
267 409 357 436 Martii
371 411 455 436 Anna
465 410 582 434 Perenna
596 405 693 434 festum
708 414 779 438 erat,
800 408 828 435 in
843 405 1062 444 quolarg-ioribus
1069 405 1172 444 poculis
1182 406 1371 444 indulgebant,
1393 410 1477 447 &pro
1484 408 1644 447 cyathorum
1652 413 1701 445 nug*

127 455 206 475 mero
219 455 301 475 annos
314 452 410 475 mutuo
420 444 612 483 precabantur,
632 445 665 472 de
678 454 734 482 quo
749 444 816 473 festo
829 445 866 474 ita
878 443 969 472 scribit
984 445 1098 473 Ovidius
1115 455 1140 482 3.
1160 444 1226 472 Fast.
1241 444 1307 472 vers.
1318 455 1384 483 523.
1574 448 1579 449 ⁷

425 482 511 511 Idibus
525 482 559 520 est
574 486 657 510 Anna
663 482 758 521 festum
764 483 866 522 geniale
879 486 995 509 Perenne
1003 503 1011 515 ‚

478 525 540 549 Non
548 521 635 556 procul
646 520 664 548 ἆ
677 521 739 556 ripis
751 523 852 549 adven-³
866 519 938 548 Tibri
951 519 1012 549 tuis.

423 558 497 587 Plebs
510 562 580 587 venit
595 569 622 587 ac
639 558 730 587 virides
738 559 830 596 paffim
844 557 948 593 disjeeia
957 568 1004 593 per
1019 557 1103 586 herbas

481 600 572 629 Potat,
596 597 637 630 ἐς
649 598 770 625 accumbit
783 607 839 625 cum
847 606 910 632 pare
923 597 1027 635 quisque
1033 598 1094 631 fita.

424 634 476 663 Sub
488 640 551 669 Jove
558 645 619 671 pars
631 636 710 662 durat
716 657 725 669 ‚
740 635 814 671 pauzi
827 633 937 663 tentoria
947 644 1059 669 ponunt,

482 678 549 701 Sunt
563 672 652 713 quibus
664 672 677 700 ὲ
691 673 771 702 ramis
778 674 886 710 frondea
892 672 968 708 fiust'a
982 674 1036 707 casa
1049 672 1097 708 est,
1121 675 1172 702 ἃς.

155 711 251 740 Causas
278 721 325 740 cur
350 714 427 739 Anna
453 711 550 740 festum
577 719 650 740 tanta
674 711 764 740 iaetitia
784 712 863 740 fuerit
882 710 1046 739 celebratum
1060 732 1068 743 ‚
1096 709 1207 738 ovidius
1226 711 1289 740 duas
1310 709 1393 739 refert
1404 721 1413 741 3
1439 719 1552 749 quarum
1572 723 1623 743 una
1644 715 1680 744 est
1692 717 1702 749 ‚¹

114 752 186 788 quod
208 752 241 783 ii,
261 752 308 788 qui
328 753 437 778 Annam
454 753 598 778 Perennam
616 750 686 785 apud
705 752 819 778 AEneam
838 749 1006 780 exulantem,
1028 751 1055 778 ἓξ
1074 749 1134 785 post
1152 750 1243 777 uxoris
1263 750 1320 786 ejus
1341 749 1458 776 Lavinia:
1477 750 1580 779 infidias
1596 753 1700 791 fugien-

113 797 170 817 tem
189 788 359 827 quaefiverant
375 810 382 821 ‚
408 787 533 824 responso
553 795 665 824 accepto
677 808 686 820 ‚
715 788 766 816 effe
785 797 846 816 eam
864 787 1004 825 nympham
1023 785 1127 814 Numici
1145 787 1232 815 amnis
1245 808 1253 819 ,
1281 795 1371 816 totum
1391 786 1467 815 illum
1489 789 1563 817 diem
1584 790 1612 818 in
1631 793 1700 829 agris

112 826 177 855 laetis
195 828 327 855 conviviis
340 827 506 855 celebrarint.
547 826 638 854 Altera
651 846 658 857 ‚
680 827 753 863 quod
769 832 848 853 Anna
861 834 925 852 anus
939 826 1062 862 quaedam
1077 823 1183 852 Bovillis
1197 826 1328 857 oriunda,
1347 825 1418 861 plebi
1432 825 1560 855 seditiosae
1576 827 1603 854 in
1619 838 1699 857 mon-

112 871 171 893 tem
191 865 295 893 sacrum
309 865 442 902 digressae,
463 867 489 894 δε
503 865 616 901 penuria
630 862 775 896 laboranti,
796 864 917 901 quotidie
931 863 984 891 liba
997 863 1130 895 attulerit,
1150 865 1177 892 &
1192 863 1327 895 diviserit,
1349 864 1376 891 in
1391 864 1466 900 cujus
1480 866 1518 892 rei
1532 868 1698 895 memoriam

111 903 212 939 plebeji
227 912 291 940 pace
304 912 367 931 cum
382 903 499 931 Patriciis
512 902 596 934 faeta,
615 901 668 930 hoc
682 901 780 930 festum
794 902 901 930 solenne
915 903 1084 930 instituerint.
1104 902 1147 929 De
1160 901 1246 938 priori
1260 901 1335 930 causa
1348 902 1385 930 ita
1397 901 1488 941 scribit
1501 904 1582 932 Ovid.
1593 914 1618 941 3.
1633 905 1698 940 Fast2

103 941 176 969 ¹vers.
185 944 248 981 649.
264 978 267 981 .

146 977 247 1006 Sidonis
256 987 354 1007 interea
365 988 454 1016 magno
465 977 570 1006 clamore
579 983 624 1014 per
635 987 708 1015 agros
959 979 1010 1016 Ipfix
1022 977 1090 1017 loqui
1102 977 1155 1014 visis
1167 977 1199 1012 est
1207 988 1216 1004 :
1235 976 1404 1012 Placidificm
1414 977 1528 1016 nympha
1538 978 1655 1013 Numici,

204 1020 348 1055 Quum,
366 1025 485 1052 apparent
491 1014 568 1054 signa
578 1017 797 1055 notaquepedum.
1015 1020 1105 1044 Amne
1113 1025 1219 1051 perenne
1231 1016 1312 1044 latens
1331 1020 1409 1043 Anna
1422 1020 1538 1045 Perenna
1551 1027 1628 1046 vocor.

147 1058 257 1083 Ventum
270 1063 326 1083 erat
336 1056 374 1083 ad
383 1055 447 1089 ripas
454 1076 461 1087 ‚
479 1055 583 1083 inerant
592 1054 699 1092 ‘vestigia
710 1054 785 1090 ripis,
957 1054 1079 1083 Protinus
1092 1054 1183 1082 erratis
1196 1053 1246 1082 lati
1256 1055 1387 1090 vefiuntur
1397 1053 1424 1081 in
1435 1054 1517 1091 agris,

206 1091 329 1131 Sustinuit
341 1092 429 1121 tacitas
440 1093 543 1128 conscius
553 1094 637 1122 amnis
650 1103 739 1133 aquas.
1014 1097 1049 1121 Et
1062 1092 1184 1121 celebrant
1196 1093 1264 1130 largo
1275 1094 1355 1132 seque
1366 1091 1482 1131 diemque
1495 1103 1574 1122 mero.

111 1130 234 1162 Alteram
248 1131 353 1160 causam
367 1132 407 1160 his
422 1132 536 1167 explicat
548 1131 676 1161 versibus:

148 1173 206 1196 Ha
216 1179 314 1208 quoque
321 1191 330 1202 ,
338 1180 417 1209 quam
423 1170 531 1204 reseram
537 1190 546 1201 ‚
554 1168 645 1205 nostras
649 1168 764 1203 pervenit
769 1169 883 1196 adnare:
959 1167 1032 1195 Plebs
1045 1177 1117 1196 vetus
1123 1189 1131 1201 ‚
1152 1169 1186 1203 όν
1199 1167 1275 1197 nullis
1284 1167 1366 1196 etiam
1379 1176 1438 1196 tunc
1449 1175 1508 1195 tum
1517 1168 1638 1197 Tribunis

207 1211 304 1238 Fama,
324 1217 366 1233 nec
379 1206 399 1233 ιὶ
413 1205 466 1233 veri
478 1204 578 1240 diffidet
590 1206 705 1244 illafide.
1015 1206 1107 1243 Fugit,
1129 1206 1169 1238 035·
1181 1206 1208 1232 in
1213 1205 1280 1240 sacri
1292 1205 1386 1233 vertice
1397 1205 1489 1232 moniis
1501 1215 1575 1239 erat,
1595 1208 1650 1236 &cs

150 1244 229 1271 Idem
242 1244 325 1271 etiam
339 1243 446 1279 subjicit
460 1242 511 1270 hoc
524 1243 566 1270 die
580 1243 646 1271 festo
659 1242 771 1280 puellas,
790 1242 881 1279 jocosa
896 1243 1017 1280 quaedam
1032 1242 1185 1271 &obscaena
1192 1244 1310 1270 carmina
1320 1251 1426 1271 cantare
1433 1238 1609 1276 consuevisse,
1630 1249 1692 1276 eam‘

111 1282 149 1310 ob
163 1280 281 1313 causam,
303 1281 375 1318 quod
391 1284 471 1308 Anna
485 1282 555 1309 inter
567 1281 644 1309 divos
658 1281 754 1313 relata,
776 1283 803 1309 ὃς
816 1281 830 1309 ὲ
845 1280 1218 1318 Marteprecibussollicitata‚
1237 1289 1266 1308 ut
1273 1279 1398 1307 Minerva
1407 1301 1414 1312 ,
1436 1280 1510 1316 cujus
1518 1290 1611 1310 amore
1619 1290 1694 1312 tene·

112 1321 204 1351 batur,
225 1320 330 1355 nuptias
342 1318 390 1346 fibi
406 1318 575 1349 conciliaret,
596 1329 658 1347 eum
668 1318 808 1350 deluserit,
829 1319 965 1346 affirm-ans
978 1318 1005 1346 se
1018 1319 1148 1346 inflexiffe
1162 1318 1282 1346 Minerva
1293 1319 1431 1350 animum,
1451 1327 1564 1356 eamque
1570 1328 1692 1357 paratam

110 1359 163 1385 efle
177 1358 209 1385 ad
222 1358 396 1394 conjugium:
417 1358 444 1385 in
458 1357 533 1392 cujus
547 1365 638 1385 tamen
652 1357 743 1385 locum
757 1356 870 1392 ipsamet
884 1357 1030 1387 flammeo,
1051 1363 1177 1393 tanquam
1192 1366 1262 1384 nova
1272 1364 1353 1393 nupta
1368 1356 1454 1384 velata
1466 1357 1499 1384 ad
1512 1362 1629 1388 Martem
1645 1359 1692 1393 de«¹

109 1396 203 1427 duCta,
225 1397 252 1424 &
266 1395 340 1423 dolus
355 1395 473 1422 detecms
488 1394 554 1427 fuit,
574 1405 655 1432 quam
670 1395 852 1423 narrationem
867 1393 945 1422 Orid.
956 1394 998 1422 his
1012 1393 1127 1421 verfibus
1140 1394 1290 1423 concludit:

146 1432 228 1461 Ludis
239 1441 377 1460 amatorem
389 1432 462 1459 chara
473 1443 539 1460 nova
551 1442 630 1468 nupta
642 1432 763 1460 Minerrae
769 1453 777 1465 ,
953 1432 1014 1459 Inde
1017 1431 1068 1466 joci
1080 1439 1175 1459 veteres
1186 1431 1340 1471 obfioenaque
1351 1431 1420 1460 dieta
1431 1440 1567 1466 canuntur,

202 1474 255 1497 Nec
267 1481 304 1498 res
316 1471 361 1498 hac
375 1469 462 1498 Veneri
467 1470 568 1508 gratior
577 1472 630 1499 ulla
637 1470 702 1508 suit.
1011 1474 1045 1496 Et
1051 1472 1132 1505 juvat
1145 1471 1207 1498 hanc
1219 1481 1309 1507 „ragno
1321 1470 1396 1497 verba
1409 1470 1500 1507 dedtſje
1509 1475 1572 1499 Deo.

145 1510 222 1537 Idem
236 1508 291 1536 dies
304 1509 389 1537 dictus
405 1509 440 1536 est
455 1507 639 1543 Parricidium,
659 1510 732 1547 quod
748 1513 778 1536 C.
790 1506 875 1541 Julius
887 1510 965 1544 Cafitr
978 1508 1103 1535 Distator
1116 1507 1130 1535 a
1143 1509 1287 1545 conjuratis
1301 1509 1329 1536 in
1343 1511 1440 1536 Senatu
1452 1508 1566 1536 c011e6to
1579 1509 1688 1540 incuria

107 1547 231 1584 Pompeji
244 1567 252 1578 ‚
277 1557 377 1576 xxiii.
398 1546 549 1575 vulneribus
569 1544 703 1576 confoffus
721 1548 758 1575 est
768 1567 775 1578 ‚
803 1548 836 1574 de
857 1556 908 1584 qua
923 1557 952 1574 re
964 1545 1097 1574 Suetonius
1108 1547 1135 1573 in
1150 1546 1251 1574 Caesare
1264 1566 1271 1578 ,
1295 1547 1381 1583 capite
1393 1546 1546 1582 penultimo
1559 1567 1566 1578 ‚
1596 1548 1686 1575 Florus

109 1586 237 1621 Epitoma
258 1586 367 1612 Liviana
380 1585 448 1612 libro
466 1588 525 1613 116.
550 1585 714 1619 Plutarchus,
735 1583 858 1615 osidius,
876 1585 940 1618 Dio=
963 1587 989 1613 ἃ
1005 1584 1047 1612 alii
1063 1583 1151 1612 multi.
1184 1585 1227 1612 Est
1242 1586 1268 1612 ἃ*
1283 1583 1336 1612 hoc
1349 1593 1404 1611 non
1419 1583 1462 1611 abs
1476 1593 1503 1612 re
1519 1586 1671 1614 meminisse
1677 1607 1686 1620 ‚

108 1624 136 1649 P.
155 1622 312 1650 Cornelium
326 1622 494 1650 Dolabellam
510 1624 654 1652 Consulem
670 1646 678 1656 ,
703 1631 733 1652 ut
745 1624 780 1651 est
793 1623 864 1660 apud
878 1624 1019 1658 Appianum
1033 1622 1078 1649 lib.
1091 1632 1115 1649 2.
1131 1623 1164 1650 de
1176 1622 1250 1650 bellis
1264 1622 1382 1651 civilibus
1395 1642 1403 1654 ,
1428 1621 1516 1658 legem
1533 1623 1617 1650 tuliss'e
1630 1644 1637 1655 ‚
1657 1632 1688 1652 ut

107 1660 150 1688 hic
172 1662 241 1692 dies,
261 1669 316 1697 quo
336 1664 366 1688 C.
381 1659 476 1698 Julius
493 1665 516 1687 C
516 1663 573 1696 aefizr
586 1662 741 1691 interfeftus
754 1661 831 1694 ess'et,
851 1663 879 1689 in
892 1662 1030 1700 posterum
1042 1660 1135 1689 natalis
1147 1660 1219 1689 urbis
1231 1660 1388 1693 haberetur,
1406 1660 1477 1698 quali
1491 1659 1544 1688 scil.
1556 1660 1605 1689 hac
1620 1660 1688 1695 sulti

104 1698 207 1733 Castris
220 1708 285 1726 nece
302 1698 408 1727 libertas
420 1699 535 1736 Reipub.
549 1701 667 1729 restituta
682 1701 753 1729 esset.

142 1746 206 1764 xvi.
226 1737 406 1765 Kalendarum
420 1738 532 1774 Aprilis,
552 1740 597 1776 qui
611 1740 647 1766 est
661 1739 715 1767 dies
730 1738 823 1768 Martii
836 1748 887 1766 xvx
895 1749 919 1766 1.
936 1736 1063 1765 Liberalia
1078 1742 1167 1770 erant,
1187 1736 1222 1766 fic
1236 1738 1264 1765 in
1279 1735 1441 1766 Kalendario
1454 1743 1553 1765 notata.

142 1775 178 1802 D.
199 1776 270 1803 Lis.
290 1776 349 1803 NP.
368 1778 430 1803 Hoc
444 1777 494 1808 est,
514 1776 654 1809 Liberalia,
676 1775 798 1805 Nefastus
810 1777 911 1815 primo.

145 1813 168 1839 L
177 1823 185 1840 1
194 1823 207 1840 B
217 1822 231 1840 E
241 1822 258 1839 R
267 1824 283 1840 A
293 1823 309 1840 ι,
322 1823 331 1840 1
345 1824 360 1840 A
374 1834 382 1845 ‚
408 1815 494 1852 inquit
512 1813 596 1852 Festus
609 1836 616 1847 ‚
645 1815 735 1843 Liberi
748 1815 811 1843 festa
824 1837 833 1848 ‚
861 1824 918 1852 quae
931 1814 1001 1851 apud
1015 1815 1124 1843 Graecos
1136 1814 1260 1843 dicuntur
1273 1817 1392 1842 ,um-5511.
1423 1816 1499 1840 Wm‘o
1511 1812 1571 1840 libr.
1586 1812 1683 1849 quinto

103 1852 138 1880 de
158 1850 247 1889 lingua
267 1853 380 1880 Latina:
406 1851 532 1880 Liberalia
552 1853 638 1885 dicia,
659 1853 745 1891 quod,
766 1862 815 1890 per
836 1860 927 1882 totum
942 1853 1073 1891 oppidum
1088 1862 1122 1880 eo
1136 1853 1179 1880 die
1193 1852 1285 1880 sedent
1298 1851 1445 1880 sacerdotes
1460 1850 1563 1883 Liberi,
1583 1850 1680 1879 hedera

105 1897 237 1918 coronatae
255 1899 318 1918 anus
337 1900 400 1918 cum
420 1890 495 1918 libeis
512 1893 537 1919 δε
558 1890 648 1919 foculo
667 1901 718 1928 pro
738 1899 864 1928 emptore
877 1890 1060 1920 sacrificantes.
1100 1892 1132 1919 In
1141 1890 1213 1919 libris
1225 1890 1351 1918 Saliorum
1363 1909 1370 1920 ‚
1396 1898 1510 1925 quorum
1525 1897 1680 1926 cognomen

104 1925 268 1966 ,igonenfium
282 1949 290 1959 ,
316 1928 422 1957 feriitan
437 1929 480 1957 hic
500 1930 556 1957 dies
576 1930 636 1957 ideo
657 1929 802 1967 appellatur
820 1930 909 1966 potius
927 1929 1038 1967 Agonia.
1080 1930 1171 1966 Qem
1184 1928 1276 1956 locum
1293 1927 1423 1963 explicans
1437 1926 1571 1954 Adrianus
1584 1931 1681 1954 Turne-

103 1965 165 1996 bus,
186 1965 226 1992 vir
245 1966 448 2000 eruditiffimus,
468 1968 496 1997 in
513 1969 543 1995 iis
564 1969 777 1996 Commentariis
790 1969 976 1998 Varronianis,
998 1976 1064 2004 quos
1074 1968 1132 2003 post
1147 1967 1254 1995 obitum
1268 1965 1345 2002 ipsius
1360 1964 1474 1992 haeredes
1489 1966 1516 1993 in
1529 1965 1618 1993 lucem
1631 1965 1679 2000 de-⁴

103 2004 203 2031 derunt
215 2023 223 2035 ‚
242 2005 278 2033 ait
291 2025 299 2036 ‚
309 2005 394 2039 ft’dere
407 2027 414 2038 ‚
431 2006 476 2035 hic
497 2007 644 2044 significare
664 2006 774 2038 feriari,
796 2008 822 2034 ἃ
841 2015 890 2042 per
900 2005 1013 2042 foculum
1032 2004 1210 2042 ignitabulum
1230 2003 1356 2040 intelligi,
1376 2012 1544 2041 parvumque
1566 2004 1676 2037 focum,

103 2050 161 2078 quo
180 2041 331 2070 usi-veteres
345 2042 443 2073 fuerint
452 2065 459 2077 ‚
479 2055 543 2074 cum
555 2055 612 2073 rem
627 2045 747 2072 divinam
761 2050 836 2071 extra
848 2044 950 2080 templa.
961 2043 989 2070 in
1003 2043 1067 2070 locis
1080 2053 1136 2070 non
1149 2043 1240 2074 sacris,
1262 2049 1306 2070 aut
1321 2044 1348 2068 in
1361 2041 1455 2078 quibus
1470 2051 1513 2069 ara
1528 2051 1584 2069 non
1600 2049 1674 2074 erat,

104 2080 231 2108 facerent.
269 2081 347 2108 Unde
360 2082 444 2110 Cicero
457 2093 508 2120 pro
522 2086 628 2112 Domo:
652 2088 682 2110 C.
695 2080 810 2110 Attinius
823 2081 893 2110 bona
907 2083 943 2117 Q
957 2080 1060 2109 Metelli
1073 2081 1250 2112 consecravit,
1271 2079 1361 2108 foculo
1374 2080 1460 2116 polito
1470 2081 1497 2107 in
1504 2080 1608 2112 rostris,
1627 2080 1673 2107 ad-

102 2117 244 2154 hibitoque
263 2118 382 2148 tibicine.
406 2124 470 2149 Haec
486 2123 539 2151 ille.
568 2122 650 2160 Qod
669 2125 744 2149 Varro
758 2121 823 2148 dicit
836 2141 845 2152 ‚
872 2121 900 2148 in
912 2119 985 2147 libris
1000 2119 1131 2147 Saliorum
1143 2119 1213 2147 hunc
1225 2119 1299 2146 diem
1313 2117 1415 2156 Agonia
1428 2117 1573 2155 appellari,
1597 2117 1672 2146 idem

103 2156 247 2184 confirmat
268 2157 348 2184 etiam
369 2159 508 2194 Masurius,
528 2163 573 2199 qui
590 2163 657 2190 libro
674 2171 699 2188 2.
719 2159 854 2187 Fastorum
869 2179 877 2193 ,
898 2166 929 2187 ut
942 2158 978 2186 est
991 2158 1060 2195 apud
1074 2156 1230 2185 Macrobium
1240 2156 1286 2185 lib.
1299 2168 1321 2185 1.
1335 2157 1560 2185 saturnaliorum.
1580 2164 1637 2192 cap.
1645 2165 1674 2191 4.

104 2194 268 2222 Liberalium
282 2196 354 2222 diem
374 2195 388 2223 a
408 2199 577 2228 Pontificibus
596 2199 726 2237 Agonium
747 2197 870 2225 Martiale
889 2195 1013 2234 appellari
1027 2195 1125 2224 scribit.
1159 2197 1274 2224 Rituum
1289 2216 1297 2228 ,
1317 2195 1362 2233 qui
1376 2194 1537 2223 Liberalibus
1550 2193 1672 2222 observa-

102 2231 198 2261 bantur
211 2253 219 2264 ,
245 2232 332 2261 causas
345 2233 485 2271 diligenter
501 2238 611 2274 explicat
624 2237 700 2266 ovid.
716 2235 808 2264 multis
822 2235 935 2264 versibus
950 2257 958 2267 ,
986 2244 1053 2273 quos
1065 2235 1154 2273 legere
1166 2242 1243 2273 potes
1257 2256 1265 2268 ‚
1291 2243 1341 2263 nos
1354 2233 1455 2272 aliquos
1468 2240 1574 2264 tantum
1589 2232 1672 2269 addu3

100 2280 202 2300 cemus,
223 2271 265 2300 Sic
278 2272 361 2309 igitur
372 2272 461 2302 scribit
475 2284 498 2311 3.
510 2276 574 2303 Fast.
590 2276 654 2304 veri]
669 2286 729 2313 725.

409 2311 538 2340 Carminis
549 2314 620 2348 hujus
632 2323 703 2348 opus,
722 2313 805 2348 caicsas
819 2322 949 2347 expcnet‘e3
968 2320 1048 2351 quare

463 2349 525 2382 Vilis
537 2361 600 2380 anus
606 2352 704 2388 populos
715 2353 751 2381 ad
756 2353 807 2387 fica
819 2350 871 2380 liba
883 2357 959 2379 vocet.

952 2387 959 2389 ”
1028 2388 1082 2417 Kk
1102 2386 1120 2424 ἐ,
1596 2382 1672 2415 Ante
