<?xml version="1.0" encoding="UTF-8"?>
<!DOCTYPE html PUBLIC "-//W3C//DTD XHTML 1.0 Transitional//EN"
    "http://www.w3.org/TR/xhtml1/DTD/xhtml1-transitional.dtd">
<html xmlns="http://www.w3.org/1999/xhtml" xml:lang="en" lang="en">
 <head>
  <title>
</title>
<meta http-equiv="Content-Type" content="text/html;charset=utf-8" />
  <meta name='ocr-system' content='tesseract 3.04.00' />
  <meta name='ocr-capabilities' content='ocr_page ocr_carea ocr_par ocr_line ocrx_word'/>
</head>
<body>
  <div class='ocr_page' id='page_1' title='image "./johannisrosinian00rosi/johannisrosinian00rosi_0759.png"; bbox 0 0 2075 2734; ppageno 0'>
   <div class='ocr_carea' id='block_1_1' title="bbox 0 0 81 2734">
    <p class='ocr_par' dir='ltr' id='par_1_1' title="bbox 0 0 81 2734">
     <span class='ocr_line' id='line_1_1' title="bbox 0 0 81 2734; baseline 0 0"><span class='ocrx_word' id='word_1_1' title='bbox 0 0 81 2734; x_wconf 95' lang='lat' dir='ltr'> </span> 
     </span>
    </p>
   </div>
   <div class='ocr_carea' id='block_1_2' title="bbox 408 108 1683 156">
    <p class='ocr_par' dir='ltr' id='par_1_2' title="bbox 408 108 1683 156">
     <span class='ocr_line' id='line_1_2' title="bbox 408 108 1683 156; baseline -0.002 -15"><span class='ocrx_word' id='word_1_2' title='bbox 408 112 461 141; x_wconf 69' lang='lat' dir='ltr'>Dr:</span> <span class='ocrx_word' id='word_1_3' title='bbox 487 119 582 141; x_wconf 74' lang='lat' dir='ltr'>Auis</span> <span class='ocrx_word' id='word_1_4' title='bbox 609 117 860 141; x_wconf 71' lang='grc' dir='ltr'><strong>ΜιιιτΑῐιιιιυε</strong></span> <span class='ocrx_word' id='word_1_5' title='bbox 888 116 1112 137; x_wconf 60' lang='lat' dir='ltr'>murmanus·</span> <span class='ocrx_word' id='word_1_6' title='bbox 1151 108 1235 138; x_wconf 68' lang='lat' dir='ltr'>Car·</span> <span class='ocrx_word' id='word_1_7' title='bbox 1258 110 1284 139; x_wconf 92' lang='lat'>8.</span> <span class='ocrx_word' id='word_1_8' title='bbox 1300 110 1332 139; x_wconf 68' lang='grc' dir='ltr'>’δε</span> <span class='ocrx_word' id='word_1_9' title='bbox 1350 108 1381 147; x_wconf 68' lang='lat'>93</span> <span class='ocrx_word' id='word_1_10' title='bbox 1622 123 1683 156; x_wconf 67' lang='lat'>&#39;7²5</span> 
     </span>
    </p>
   </div>
   <div class='ocr_carea' id='block_1_3' title="bbox 608 185 1183 283">
    <p class='ocr_par' dir='ltr' id='par_1_3' title="bbox 608 185 1183 283">
     <span class='ocr_line' id='line_1_3' title="bbox 761 185 1004 214; baseline -0.004 0"><span class='ocrx_word' id='word_1_11' title='bbox 761 187 785 214; x_wconf 96' lang='lat' dir='ltr'>C</span> <span class='ocrx_word' id='word_1_12' title='bbox 805 197 822 214; x_wconf 79' lang='lat' dir='ltr'>A</span> <span class='ocrx_word' id='word_1_13' title='bbox 842 196 870 213; x_wconf 56' lang='grc' dir='ltr'>ιη’</span> <span class='ocrx_word' id='word_1_14' title='bbox 907 185 1004 213; x_wconf 81' lang='lat' dir='ltr'>VIII.</span> 
     </span>
     <span class='ocr_line' id='line_1_4' title="bbox 608 244 1183 283; baseline 0 -1"><span class='ocrx_word' id='word_1_15' title='bbox 608 248 661 282; x_wconf 85' lang='lat' dir='ltr'>De</span> <span class='ocrx_word' id='word_1_16' title='bbox 685 248 761 282; x_wconf 81' lang='lat' dir='ltr'>aliis</span> <span class='ocrx_word' id='word_1_17' title='bbox 783 244 972 281; x_wconf 79' lang='lat' dir='ltr'>militaribus</span> <span class='ocrx_word' id='word_1_18' title='bbox 997 245 1183 283; x_wconf 73' lang='lat' dir='ltr'>muneribus.</span> 
     </span>
    </p>
   </div>
   <div class='ocr_carea' id='block_1_4' title="bbox 91 324 1726 2083">
    <p class='ocr_par' dir='ltr' id='par_1_4' title="bbox 107 324 1690 446">
     <span class='ocr_line' id='line_1_5' title="bbox 107 324 1684 393; baseline -0.001 -33"><span class='ocrx_word' id='word_1_19' title='bbox 107 329 237 393; x_wconf 65' lang='lat' dir='ltr'>Praeter</span> <span class='ocrx_word' id='word_1_20' title='bbox 249 341 295 360; x_wconf 82' lang='lat' dir='ltr'>eos</span> <span class='ocrx_word' id='word_1_21' title='bbox 308 328 316 363; x_wconf 61' lang='grc' dir='ltr'>ζ</span> <span class='ocrx_word' id='word_1_22' title='bbox 336 330 371 359; x_wconf 87' lang='lat' dir='ltr'>de</span> <span class='ocrx_word' id='word_1_23' title='bbox 382 330 476 367; x_wconf 70' lang='lat' dir='ltr'>quibus</span> <span class='ocrx_word' id='word_1_24' title='bbox 489 329 650 366; x_wconf 76' lang='lat' dir='ltr'>praecedenti</span> <span class='ocrx_word' id='word_1_25' title='bbox 662 329 748 365; x_wconf 85' lang='lat' dir='ltr'>capite</span> <span class='ocrx_word' id='word_1_26' title='bbox 761 328 879 356; x_wconf 79' lang='lat' dir='ltr'>diximus</span> <span class='ocrx_word' id='word_1_27' title='bbox 895 348 900 358; x_wconf 87' lang='lat'><strong>‚</strong></span> <span class='ocrx_word' id='word_1_28' title='bbox 922 327 1003 354; x_wconf 86' lang='lat' dir='ltr'>etiam</span> <span class='ocrx_word' id='word_1_29' title='bbox 1018 325 1061 353; x_wconf 89' lang='lat' dir='ltr'>alii</span> <span class='ocrx_word' id='word_1_30' title='bbox 1078 324 1185 366; x_wconf 82' lang='lat' dir='ltr'>fuerunt</span> <span class='ocrx_word' id='word_1_31' title='bbox 1200 326 1358 356; x_wconf 87' lang='lat' dir='ltr'>militarium</span> <span class='ocrx_word' id='word_1_32' title='bbox 1374 325 1518 356; x_wconf 73' lang='lat' dir='ltr'>munerum</span> <span class='ocrx_word' id='word_1_33' title='bbox 1534 335 1684 363; x_wconf 78' lang='lat' dir='ltr'><strong>curatores,</strong></span> 
     </span>
     <span class='ocr_line' id='line_1_6' title="bbox 167 364 1690 406; baseline -0.001 -9"><span class='ocrx_word' id='word_1_34' title='bbox 167 399 169 401; x_wconf 64' lang='grc'><em>,</em></span> <span class='ocrx_word' id='word_1_35' title='bbox 183 370 224 398; x_wconf 90' lang='lat' dir='ltr'>vel</span> <span class='ocrx_word' id='word_1_36' title='bbox 235 368 360 406; x_wconf 65' lang='lat' dir='ltr'>puset‘b&#39;,</span> <span class='ocrx_word' id='word_1_37' title='bbox 379 376 409 397; x_wconf 89' lang='lat' dir='ltr'>ut</span> <span class='ocrx_word' id='word_1_38' title='bbox 422 375 486 406; x_wconf 86' lang='lat' dir='ltr'>puta</span> <span class='ocrx_word' id='word_1_39' title='bbox 493 366 602 405; x_wconf 61' lang='lat' dir='ltr'>prafedii</span> <span class='ocrx_word' id='word_1_40' title='bbox 614 366 752 405; x_wconf 85' lang='lat' dir='ltr'>legionum</span> <span class='ocrx_word' id='word_1_41' title='bbox 762 387 769 398; x_wconf 89' lang='lat'>,</span> <span class='ocrx_word' id='word_1_42' title='bbox 787 364 894 401; x_wconf 58' lang='lat' dir='ltr'>prasecVi</span> <span class='ocrx_word' id='word_1_43' title='bbox 906 364 1009 393; x_wconf 73' lang='lat' dir='ltr'>socium</span> <span class='ocrx_word' id='word_1_44' title='bbox 1024 385 1031 395; x_wconf 91' lang='lat'>‚</span> <span class='ocrx_word' id='word_1_45' title='bbox 1046 365 1154 400; x_wconf 66' lang='lat' dir='ltr'>praejeffli</span> <span class='ocrx_word' id='word_1_46' title='bbox 1168 365 1330 397; x_wconf 81' lang='lat' dir='ltr'>castrorum,</span> <span class='ocrx_word' id='word_1_47' title='bbox 1343 366 1454 403; x_wconf 55' lang='lat' dir='ltr'>prasecqi</span> <span class='ocrx_word' id='word_1_48' title='bbox 1466 367 1620 401; x_wconf 84' lang='lat' dir='ltr'>fabrorum,</span> <span class='ocrx_word' id='word_1_49' title='bbox 1635 371 1690 398; x_wconf 84' lang='lat' dir='ltr'>&amp;c.</span> 
     </span>
     <span class='ocr_line' id='line_1_7' title="bbox 108 405 1131 446; baseline -0.007 -10"><span class='ocrx_word' id='word_1_50' title='bbox 108 408 144 436; x_wconf 91' lang='lat' dir='ltr'>de</span> <span class='ocrx_word' id='word_1_51' title='bbox 157 409 252 446; x_wconf 88' lang='lat' dir='ltr'>quibus</span> <span class='ocrx_word' id='word_1_52' title='bbox 265 408 317 436; x_wconf 89' lang='lat' dir='ltr'>hoc</span> <span class='ocrx_word' id='word_1_53' title='bbox 330 407 429 442; x_wconf 86' lang='lat' dir='ltr'>capite,</span> <span class='ocrx_word' id='word_1_54' title='bbox 451 415 508 442; x_wconf 81' lang='lat' dir='ltr'>quae</span> <span class='ocrx_word' id='word_1_55' title='bbox 521 413 677 436; x_wconf 85' lang='lat' dir='ltr'>occurrent,</span> <span class='ocrx_word' id='word_1_56' title='bbox 698 405 922 442; x_wconf 79' lang='lat' dir='ltr'>consignabimus.</span> <span class='ocrx_word' id='word_1_57' title='bbox 1127 439 1131 443; x_wconf 25' lang='lat' dir='ltr'>q</span> 
     </span>
    </p>

    <p class='ocr_par' dir='ltr' id='par_1_5' title="bbox 102 440 1687 787">
     <span class='ocr_line' id='line_1_8' title="bbox 148 440 1687 485; baseline 0.008 -24"><span class='ocrx_word' id='word_1_58' title='bbox 148 445 350 485; x_wconf 52' lang='lat' dir='ltr'>Qispmsaqus</span> <span class='ocrx_word' id='word_1_59' title='bbox 360 443 464 481; x_wconf 42' lang='lat' dir='ltr'>legion&amp;</span> <span class='ocrx_word' id='word_1_60' title='bbox 476 444 570 475; x_wconf 66' lang='lat' dir='ltr'>fuerit,</span> <span class='ocrx_word' id='word_1_61' title='bbox 591 446 618 472; x_wconf 62' lang='grc' dir='ltr'>ὃς</span> <span class='ocrx_word' id='word_1_62' title='bbox 632 443 703 481; x_wconf 86' lang='lat' dir='ltr'>quod</span> <span class='ocrx_word' id='word_1_63' title='bbox 719 444 775 479; x_wconf 75' lang='lat' dir='ltr'>ejus</span> <span class='ocrx_word' id='word_1_64' title='bbox 788 443 908 470; x_wconf 88' lang='lat' dir='ltr'>officium</span> <span class='ocrx_word' id='word_1_65' title='bbox 922 462 930 475; x_wconf 92' lang='lat'>‚</span> <span class='ocrx_word' id='word_1_66' title='bbox 950 442 1030 469; x_wconf 90' lang='lat' dir='ltr'>docet</span> <span class='ocrx_word' id='word_1_67' title='bbox 1046 442 1161 477; x_wconf 66' lang='lat' dir='ltr'>vegetius</span> <span class='ocrx_word' id='word_1_68' title='bbox 1177 440 1246 468; x_wconf 90' lang='lat' dir='ltr'>libro</span> <span class='ocrx_word' id='word_1_69' title='bbox 1261 449 1284 467; x_wconf 89' lang='lat'>2.</span> <span class='ocrx_word' id='word_1_70' title='bbox 1301 440 1341 469; x_wconf 90' lang='lat' dir='ltr'>his</span> <span class='ocrx_word' id='word_1_71' title='bbox 1356 442 1442 470; x_wconf 88' lang='lat' dir='ltr'>verbis</span> <span class='ocrx_word' id='word_1_72' title='bbox 1458 454 1462 470; x_wconf 95' lang='lat'>:</span> <span class='ocrx_word' id='word_1_73' title='bbox 1484 444 1625 480; x_wconf 88' lang='lat' dir='ltr'>Proprius,</span> <span class='ocrx_word' id='word_1_74' title='bbox 1646 446 1687 474; x_wconf 90' lang='lat' dir='ltr'>in-</span> 
     </span>
     <span class='ocr_line' id='line_1_9' title="bbox 108 479 1687 522; baseline 0.001 -13"><span class='ocrx_word' id='word_1_75' title='bbox 108 486 181 522; x_wconf 74' lang='lat' dir='ltr'>quit,</span> <span class='ocrx_word' id='word_1_76' title='bbox 200 485 282 521; x_wconf 84' lang='lat' dir='ltr'>judex</span> <span class='ocrx_word' id='word_1_77' title='bbox 296 491 350 511; x_wconf 85' lang='lat' dir='ltr'>erat</span> <span class='ocrx_word' id='word_1_78' title='bbox 357 481 487 519; x_wconf 60' lang='lat' dir='ltr'>proficius</span> <span class='ocrx_word' id='word_1_79' title='bbox 500 481 602 520; x_wconf 48' lang='lat' dir='ltr'>legioni&amp;</span> <span class='ocrx_word' id='word_1_80' title='bbox 618 482 718 510; x_wconf 89' lang='lat' dir='ltr'>habens</span> <span class='ocrx_word' id='word_1_81' title='bbox 733 489 913 509; x_wconf 86' lang='lat' dir='ltr'>communem</span> <span class='ocrx_word' id='word_1_82' title='bbox 926 480 1008 516; x_wconf 89' lang='lat' dir='ltr'>primi</span> <span class='ocrx_word' id='word_1_83' title='bbox 1022 479 1123 519; x_wconf 79' lang='lat' dir='ltr'>ordinis</span> <span class='ocrx_word' id='word_1_84' title='bbox 1143 479 1302 516; x_wconf 84' lang='lat' dir='ltr'>dignitatem</span> <span class='ocrx_word' id='word_1_85' title='bbox 1318 500 1325 510; x_wconf 87' lang='lat'>‚</span> <span class='ocrx_word' id='word_1_86' title='bbox 1345 481 1391 517; x_wconf 89' lang='lat' dir='ltr'>qui</span> <span class='ocrx_word' id='word_1_87' title='bbox 1406 480 1511 509; x_wconf 89' lang='lat' dir='ltr'>absente</span> <span class='ocrx_word' id='word_1_88' title='bbox 1524 482 1614 519; x_wconf 87' lang='lat' dir='ltr'>legato</span> <span class='ocrx_word' id='word_1_89' title='bbox 1627 491 1687 511; x_wconf 90' lang='lat' dir='ltr'>tan-</span> 
     </span>
     <span class='ocr_line' id='line_1_10' title="bbox 108 516 1686 560; baseline -0.001 -9"><span class='ocrx_word' id='word_1_90' title='bbox 108 532 190 560; x_wconf 86' lang='lat' dir='ltr'>quam</span> <span class='ocrx_word' id='word_1_91' title='bbox 205 523 316 550; x_wconf 86' lang='lat' dir='ltr'>vicarius</span> <span class='ocrx_word' id='word_1_92' title='bbox 329 520 406 556; x_wconf 84' lang='lat' dir='ltr'>ipsius</span> <span class='ocrx_word' id='word_1_93' title='bbox 426 522 584 557; x_wconf 82' lang='lat' dir='ltr'>potestatem</span> <span class='ocrx_word' id='word_1_94' title='bbox 602 521 750 549; x_wconf 82' lang='lat' dir='ltr'>maximam</span> <span class='ocrx_word' id='word_1_95' title='bbox 767 518 908 547; x_wconf 88' lang='lat' dir='ltr'>retinebat.</span> <span class='ocrx_word' id='word_1_96' title='bbox 947 516 1057 544; x_wconf 76' lang='lat' dir='ltr'>Tribuni</span> <span class='ocrx_word' id='word_1_97' title='bbox 1069 536 1076 546; x_wconf 91' lang='lat'><em>,</em></span> <span class='ocrx_word' id='word_1_98' title='bbox 1096 516 1138 544; x_wconf 88' lang='lat' dir='ltr'>vel</span> <span class='ocrx_word' id='word_1_99' title='bbox 1156 519 1310 543; x_wconf 77' lang='lat' dir='ltr'><em>centuriones</em></span> <span class='ocrx_word' id='word_1_100' title='bbox 1322 537 1330 547; x_wconf 82' lang='lat'><em>,</em></span> <span class='ocrx_word' id='word_1_101' title='bbox 1358 519 1498 556; x_wconf 73' lang='lat' dir='ltr'>caeterique</span> <span class='ocrx_word' id='word_1_102' title='bbox 1513 521 1612 549; x_wconf 82' lang='lat' dir='ltr'>milites</span> <span class='ocrx_word' id='word_1_103' title='bbox 1626 522 1686 557; x_wconf 82' lang='lat' dir='ltr'>ejus</span> 
     </span>
     <span class='ocr_line' id='line_1_11' title="bbox 106 554 1686 597; baseline 0 -10"><span class='ocrx_word' id='word_1_104' title='bbox 106 567 238 597; x_wconf 86' lang='lat' dir='ltr'>praecepta</span> <span class='ocrx_word' id='word_1_105' title='bbox 250 558 395 587; x_wconf 86' lang='lat' dir='ltr'>servabant.</span> <span class='ocrx_word' id='word_1_106' title='bbox 436 559 593 596; x_wconf 78' lang='lat' dir='ltr'>Vigiliarum</span> <span class='ocrx_word' id='word_1_107' title='bbox 605 581 613 591; x_wconf 96' lang='lat'><em>‚</em></span> <span class='ocrx_word' id='word_1_108' title='bbox 634 559 687 586; x_wconf 81' lang='lat' dir='ltr'>sive</span> <span class='ocrx_word' id='word_1_109' title='bbox 700 558 874 594; x_wconf 69' lang='lat' dir='ltr'>profectionis</span> <span class='ocrx_word' id='word_1_110' title='bbox 887 555 979 584; x_wconf 78' lang='lat' dir='ltr'>tessera</span> <span class='ocrx_word' id='word_1_111' title='bbox 995 555 1026 583; x_wconf 87' lang='lat' dir='ltr'>ab</span> <span class='ocrx_word' id='word_1_112' title='bbox 1040 555 1138 582; x_wconf 86' lang='lat' dir='ltr'>eodem</span> <span class='ocrx_word' id='word_1_113' title='bbox 1154 554 1302 590; x_wconf 84' lang='lat' dir='ltr'>petebatur.</span> <span class='ocrx_word' id='word_1_114' title='bbox 1335 557 1360 583; x_wconf 89' lang='lat' dir='ltr'>Si</span> <span class='ocrx_word' id='word_1_115' title='bbox 1378 557 1453 585; x_wconf 86' lang='lat' dir='ltr'>miles</span> <span class='ocrx_word' id='word_1_116' title='bbox 1464 558 1567 586; x_wconf 87' lang='lat' dir='ltr'>crimen</span> <span class='ocrx_word' id='word_1_117' title='bbox 1579 559 1686 597; x_wconf 85' lang='lat' dir='ltr'>aliquod</span> 
     </span>
     <span class='ocr_line' id='line_1_12' title="bbox 107 594 1686 634; baseline -0.002 -8"><span class='ocrx_word' id='word_1_118' title='bbox 107 598 263 629; x_wconf 76' lang='lat' dir='ltr'>admisisset,</span> <span class='ocrx_word' id='word_1_119' title='bbox 286 596 446 625; x_wconf 77' lang='lat' dir='ltr'>authoritate</span> <span class='ocrx_word' id='word_1_120' title='bbox 455 597 563 634; x_wconf 55' lang='lat' dir='ltr'>presedit*</span> <span class='ocrx_word' id='word_1_121' title='bbox 576 596 677 634; x_wconf 66' lang='lat' dir='ltr'>legionis</span> <span class='ocrx_word' id='word_1_122' title='bbox 690 595 704 623; x_wconf 73' lang='lat' dir='ltr'>a</span> <span class='ocrx_word' id='word_1_123' title='bbox 716 597 825 624; x_wconf 86' lang='lat' dir='ltr'>tribuno</span> <span class='ocrx_word' id='word_1_124' title='bbox 840 594 1015 632; x_wconf 78' lang='lat' dir='ltr'>deputabatur</span> <span class='ocrx_word' id='word_1_125' title='bbox 1028 594 1060 621; x_wconf 89' lang='lat' dir='ltr'>ad</span> <span class='ocrx_word' id='word_1_126' title='bbox 1075 601 1184 629; x_wconf 83' lang='lat' dir='ltr'>poenam</span> <span class='ocrx_word' id='word_1_127' title='bbox 1197 603 1202 618; x_wconf 92' lang='lat'><strong>:</strong></span> <span class='ocrx_word' id='word_1_128' title='bbox 1225 594 1309 620; x_wconf 85' lang='lat' dir='ltr'>Arma</span> <span class='ocrx_word' id='word_1_129' title='bbox 1323 595 1447 621; x_wconf 91' lang='lat' dir='ltr'>omnium</span> <span class='ocrx_word' id='word_1_130' title='bbox 1464 595 1596 627; x_wconf 84' lang='lat' dir='ltr'>militum,</span> <span class='ocrx_word' id='word_1_131' title='bbox 1617 599 1686 626; x_wconf 82' lang='lat' dir='ltr'>item</span> 
     </span>
     <span class='ocr_line' id='line_1_13' title="bbox 108 630 1685 673; baseline -0.001 -9"><span class='ocrx_word' id='word_1_132' title='bbox 108 637 204 666; x_wconf 85' lang='lat' dir='ltr'>vestes.</span> <span class='ocrx_word' id='word_1_133' title='bbox 226 637 300 673; x_wconf 85' lang='lat' dir='ltr'>equi,</span> <span class='ocrx_word' id='word_1_134' title='bbox 322 644 427 663; x_wconf 88' lang='lat' dir='ltr'>annona</span> <span class='ocrx_word' id='word_1_135' title='bbox 441 636 472 662; x_wconf 82' lang='lat' dir='ltr'>ad</span> <span class='ocrx_word' id='word_1_136' title='bbox 484 637 540 672; x_wconf 88' lang='lat' dir='ltr'>ejus</span> <span class='ocrx_word' id='word_1_137' title='bbox 554 645 643 664; x_wconf 86' lang='lat' dir='ltr'>curam</span> <span class='ocrx_word' id='word_1_138' title='bbox 659 635 835 672; x_wconf 83' lang='lat' dir='ltr'>pertinebant.</span> <span class='ocrx_word' id='word_1_139' title='bbox 853 631 1006 668; x_wconf 84' lang='lat' dir='ltr'>Disciplinae</span> <span class='ocrx_word' id='word_1_140' title='bbox 1015 632 1057 668; x_wconf 86' lang='lat' dir='ltr'>jus</span> <span class='ocrx_word' id='word_1_141' title='bbox 1071 633 1097 659; x_wconf 71' lang='grc' dir='ltr'>ὃ(</span> <span class='ocrx_word' id='word_1_142' title='bbox 1112 630 1235 672; x_wconf 70' lang='lat' dir='ltr'>severitas</span> <span class='ocrx_word' id='word_1_143' title='bbox 1251 632 1381 659; x_wconf 79' lang='lat' dir='ltr'>exercitus</span> <span class='ocrx_word' id='word_1_144' title='bbox 1395 642 1449 660; x_wconf 89' lang='lat' dir='ltr'>non</span> <span class='ocrx_word' id='word_1_145' title='bbox 1458 633 1542 661; x_wconf 73' lang='lat' dir='ltr'>solnm</span> <span class='ocrx_word' id='word_1_146' title='bbox 1552 636 1685 671; x_wconf 86' lang='lat' dir='ltr'>peditum,</span> 
     </span>
     <span class='ocr_line' id='line_1_14' title="bbox 106 669 1685 711; baseline -0.001 -9"><span class='ocrx_word' id='word_1_147' title='bbox 106 673 150 702; x_wconf 81' lang='lat' dir='ltr'>sed</span> <span class='ocrx_word' id='word_1_148' title='bbox 163 675 245 702; x_wconf 89' lang='lat' dir='ltr'>etiam</span> <span class='ocrx_word' id='word_1_149' title='bbox 260 675 381 710; x_wconf 85' lang='lat' dir='ltr'>equitum</span> <span class='ocrx_word' id='word_1_150' title='bbox 396 673 603 711; x_wconf 68' lang='lat' dir='ltr'>legionariorum</span> <span class='ocrx_word' id='word_1_151' title='bbox 615 681 747 710; x_wconf 71' lang='lat' dir='ltr'>praecepto</span> <span class='ocrx_word' id='word_1_152' title='bbox 761 673 818 709; x_wconf 81' lang='lat' dir='ltr'>ejus</span> <span class='ocrx_word' id='word_1_153' title='bbox 830 672 950 709; x_wconf 85' lang='lat' dir='ltr'>quotidie</span> <span class='ocrx_word' id='word_1_154' title='bbox 965 670 1111 698; x_wconf 81' lang='lat' dir='ltr'>curabatur.</span> <span class='ocrx_word' id='word_1_155' title='bbox 1143 669 1200 705; x_wconf 82' lang='lat' dir='ltr'>lpse</span> <span class='ocrx_word' id='word_1_156' title='bbox 1213 678 1303 696; x_wconf 85' lang='lat' dir='ltr'>autem</span> <span class='ocrx_word' id='word_1_157' title='bbox 1320 670 1405 697; x_wconf 84' lang='lat' dir='ltr'>custos</span> <span class='ocrx_word' id='word_1_158' title='bbox 1419 670 1531 708; x_wconf 84' lang='lat' dir='ltr'>diligens</span> <span class='ocrx_word' id='word_1_159' title='bbox 1546 676 1571 700; x_wconf 57' lang='grc' dir='ltr'>ὃς</span> <span class='ocrx_word' id='word_1_160' title='bbox 1585 672 1685 702; x_wconf 83' lang='lat' dir='ltr'>sobrius</span> 
     </span>
     <span class='ocr_line' id='line_1_15' title="bbox 106 706 1683 750; baseline 0 -10"><span class='ocrx_word' id='word_1_161' title='bbox 106 711 243 750; x_wconf 79' lang='lat' dir='ltr'>legionem</span> <span class='ocrx_word' id='word_1_162' title='bbox 260 713 306 740; x_wconf 84' lang='lat' dir='ltr'>fibi</span> <span class='ocrx_word' id='word_1_163' title='bbox 320 712 449 740; x_wconf 87' lang='lat' dir='ltr'>creditam</span> <span class='ocrx_word' id='word_1_164' title='bbox 471 713 576 740; x_wconf 77' lang='lat' dir='ltr'>affiduis</span> <span class='ocrx_word' id='word_1_165' title='bbox 589 712 713 750; x_wconf 85' lang='lat' dir='ltr'>operibus</span> <span class='ocrx_word' id='word_1_166' title='bbox 732 712 763 739; x_wconf 87' lang='lat' dir='ltr'>ad</span> <span class='ocrx_word' id='word_1_167' title='bbox 779 720 892 738; x_wconf 89' lang='lat' dir='ltr'>omnem</span> <span class='ocrx_word' id='word_1_168' title='bbox 908 709 1083 737; x_wconf 86' lang='lat' dir='ltr'>devotionem</span> <span class='ocrx_word' id='word_1_169' title='bbox 1099 706 1264 735; x_wconf 84' lang='lat' dir='ltr'>informabat</span> <span class='ocrx_word' id='word_1_170' title='bbox 1279 727 1287 739; x_wconf 85' lang='lat'><em>,</em></span> <span class='ocrx_word' id='word_1_171' title='bbox 1315 710 1340 736; x_wconf 63' lang='grc' dir='ltr'>ὃς</span> <span class='ocrx_word' id='word_1_172' title='bbox 1356 708 1510 737; x_wconf 84' lang='lat' dir='ltr'>industriam</span> <span class='ocrx_word' id='word_1_173' title='bbox 1523 731 1532 742; x_wconf 92' lang='lat'><em>‚</em></span> <span class='ocrx_word' id='word_1_174' title='bbox 1551 709 1634 739; x_wconf 84' lang='lat' dir='ltr'>sciens</span> <span class='ocrx_word' id='word_1_175' title='bbox 1649 713 1683 740; x_wconf 92' lang='lat' dir='ltr'>ad</span> 
     </span>
     <span class='ocr_line' id='line_1_16' title="bbox 102 749 1348 787; baseline -0.002 -9"><span class='ocrx_word' id='word_1_176' title='bbox 102 750 212 787; x_wconf 62' lang='lat' dir='ltr'>prasecii</span> <span class='ocrx_word' id='word_1_177' title='bbox 226 750 332 778; x_wconf 87' lang='lat' dir='ltr'>laudem</span> <span class='ocrx_word' id='word_1_178' title='bbox 345 749 526 786; x_wconf 71' lang='lat' dir='ltr'>subjectorum</span> <span class='ocrx_word' id='word_1_179' title='bbox 539 751 685 778; x_wconf 84' lang='lat' dir='ltr'>redundare</span> <span class='ocrx_word' id='word_1_180' title='bbox 697 750 835 777; x_wconf 88' lang='lat' dir='ltr'>virtutem.</span> <span class='ocrx_word' id='word_1_181' title='bbox 1345 783 1348 786; x_wconf 91' lang='lat'>.</span> 
     </span>
    </p>

    <p class='ocr_par' dir='ltr' id='par_1_6' title="bbox 104 783 1687 975">
     <span class='ocr_line' id='line_1_17' title="bbox 148 783 1685 826; baseline 0.001 -10"><span class='ocrx_word' id='word_1_182' title='bbox 148 788 264 826; x_wconf 65' lang='lat' dir='ltr'>I’raesedi‘i</span> <span class='ocrx_word' id='word_1_183' title='bbox 276 787 373 824; x_wconf 69' lang='lat' dir='ltr'>sociimr</span> <span class='ocrx_word' id='word_1_184' title='bbox 386 789 543 817; x_wconf 85' lang='lat' dir='ltr'>dicebantur</span> <span class='ocrx_word' id='word_1_185' title='bbox 555 810 564 821; x_wconf 93' lang='lat'><em>,</em></span> <span class='ocrx_word' id='word_1_186' title='bbox 590 790 638 825; x_wconf 80' lang='lat' dir='ltr'>qui</span> <span class='ocrx_word' id='word_1_187' title='bbox 651 788 753 816; x_wconf 82' lang='lat' dir='ltr'>auxiliis</span> <span class='ocrx_word' id='word_1_188' title='bbox 767 806 775 817; x_wconf 82' lang='lat'>.</span> <span class='ocrx_word' id='word_1_189' title='bbox 795 787 821 814; x_wconf 89' lang='lat' dir='ltr'>id</span> <span class='ocrx_word' id='word_1_190' title='bbox 836 786 887 817; x_wconf 90' lang='lat' dir='ltr'>est,</span> <span class='ocrx_word' id='word_1_191' title='bbox 908 784 992 821; x_wconf 83' lang='lat' dir='ltr'>copiis</span> <span class='ocrx_word' id='word_1_192' title='bbox 1006 783 1140 811; x_wconf 83' lang='lat' dir='ltr'>sociorum</span> <span class='ocrx_word' id='word_1_193' title='bbox 1154 783 1186 811; x_wconf 91' lang='lat' dir='ltr'>ab</span> <span class='ocrx_word' id='word_1_194' title='bbox 1199 783 1393 818; x_wconf 49' lang='lat' dir='ltr'>Imperium-rbus</span> <span class='ocrx_word' id='word_1_195' title='bbox 1407 786 1539 814; x_wconf 88' lang='lat' dir='ltr'>Romanis</span> <span class='ocrx_word' id='word_1_196' title='bbox 1551 787 1685 824; x_wconf 73' lang='lat' dir='ltr'>praepositi</span> 
     </span>
     <span class='ocr_line' id='line_1_18' title="bbox 108 823 1687 864; baseline 0 -10"><span class='ocrx_word' id='word_1_197' title='bbox 108 834 198 856; x_wconf 81' lang='lat' dir='ltr'>erant,</span> <span class='ocrx_word' id='word_1_198' title='bbox 218 827 252 854; x_wconf 90' lang='lat' dir='ltr'>de</span> <span class='ocrx_word' id='word_1_199' title='bbox 266 826 360 864; x_wconf 88' lang='lat' dir='ltr'>quibus</span> <span class='ocrx_word' id='word_1_200' title='bbox 373 827 406 854; x_wconf 87' lang='lat' dir='ltr'>ad</span> <span class='ocrx_word' id='word_1_201' title='bbox 420 825 491 854; x_wconf 90' lang='lat' dir='ltr'>hunc</span> <span class='ocrx_word' id='word_1_202' title='bbox 505 828 620 854; x_wconf 89' lang='lat' dir='ltr'>modum</span> <span class='ocrx_word' id='word_1_203' title='bbox 635 825 749 862; x_wconf 74' lang='lat' dir='ltr'>Polybius</span> <span class='ocrx_word' id='word_1_204' title='bbox 762 825 807 852; x_wconf 92' lang='lat' dir='ltr'>lib.</span> <span class='ocrx_word' id='word_1_205' title='bbox 817 827 842 852; x_wconf 91' lang='lat'>6.</span> <span class='ocrx_word' id='word_1_206' title='bbox 862 823 916 851; x_wconf 90' lang='lat' dir='ltr'>Ubi</span> <span class='ocrx_word' id='word_1_207' title='bbox 930 823 994 850; x_wconf 86' lang='lat' dir='ltr'>socii</span> <span class='ocrx_word' id='word_1_208' title='bbox 1004 831 1132 850; x_wconf 71' lang='lat' dir='ltr'>unacum</span> <span class='ocrx_word' id='word_1_209' title='bbox 1153 823 1284 850; x_wconf 81' lang='lat' dir='ltr'>Romanis</span> <span class='ocrx_word' id='word_1_210' title='bbox 1302 824 1458 860; x_wconf 81' lang='lat' dir='ltr'>congregati</span> <span class='ocrx_word' id='word_1_211' title='bbox 1471 824 1530 853; x_wconf 85' lang='lat' dir='ltr'>sunt</span> <span class='ocrx_word' id='word_1_212' title='bbox 1543 835 1634 853; x_wconf 90' lang='lat' dir='ltr'>curam</span> <span class='ocrx_word' id='word_1_213' title='bbox 1647 827 1687 854; x_wconf 89' lang='lat' dir='ltr'>di-</span> 
     </span>
     <span class='ocr_line' id='line_1_19' title="bbox 106 860 1686 901; baseline -0.001 -8"><span class='ocrx_word' id='word_1_214' title='bbox 106 865 270 893; x_wconf 81' lang='lat' dir='ltr'>stributionis</span> <span class='ocrx_word' id='word_1_215' title='bbox 283 873 378 892; x_wconf 86' lang='lat' dir='ltr'>eorum</span> <span class='ocrx_word' id='word_1_216' title='bbox 395 863 611 901; x_wconf 61' lang='lat' dir='ltr'>tractationisque</span> <span class='ocrx_word' id='word_1_217' title='bbox 625 863 723 891; x_wconf 86' lang='lat' dir='ltr'>habent</span> <span class='ocrx_word' id='word_1_218' title='bbox 735 863 872 890; x_wconf 87' lang='lat' dir='ltr'>constituti</span> <span class='ocrx_word' id='word_1_219' title='bbox 886 861 899 889; x_wconf 74' lang='lat' dir='ltr'>a</span> <span class='ocrx_word' id='word_1_220' title='bbox 914 861 989 889; x_wconf 77' lang='lat' dir='ltr'>sociis</span> <span class='ocrx_word' id='word_1_221' title='bbox 1003 861 1139 897; x_wconf 82' lang='lat' dir='ltr'>principes</span> <span class='ocrx_word' id='word_1_222' title='bbox 1149 881 1156 891; x_wconf 92' lang='lat'><strong>‚</strong></span> <span class='ocrx_word' id='word_1_223' title='bbox 1169 860 1279 897; x_wconf 66' lang='lat' dir='ltr'>prafi’c‘ii</span> <span class='ocrx_word' id='word_1_224' title='bbox 1291 862 1413 899; x_wconf 77' lang='lat' dir='ltr'>appellari</span> <span class='ocrx_word' id='word_1_225' title='bbox 1425 882 1432 893; x_wconf 81' lang='lat'>,</span> <span class='ocrx_word' id='word_1_226' title='bbox 1453 872 1569 890; x_wconf 90' lang='lat' dir='ltr'>numero</span> <span class='ocrx_word' id='word_1_227' title='bbox 1584 865 1686 892; x_wconf 90' lang='lat' dir='ltr'>duode-</span> 
     </span>
     <span class='ocr_line' id='line_1_20' title="bbox 107 898 1685 939; baseline -0.001 -8"><span class='ocrx_word' id='word_1_228' title='bbox 107 904 177 931; x_wconf 83' lang='lat' dir='ltr'>cim:</span> <span class='ocrx_word' id='word_1_229' title='bbox 196 904 242 939; x_wconf 90' lang='lat' dir='ltr'>qui</span> <span class='ocrx_word' id='word_1_230' title='bbox 251 903 373 939; x_wconf 90' lang='lat' dir='ltr'>primum</span> <span class='ocrx_word' id='word_1_231' title='bbox 392 911 423 928; x_wconf 89' lang='lat' dir='ltr'>ex</span> <span class='ocrx_word' id='word_1_232' title='bbox 436 902 563 929; x_wconf 90' lang='lat' dir='ltr'>omnibus</span> <span class='ocrx_word' id='word_1_233' title='bbox 572 922 578 931; x_wconf 88' lang='lat'><em>,</em></span> <span class='ocrx_word' id='word_1_234' title='bbox 599 903 644 938; x_wconf 88' lang='lat' dir='ltr'>qui</span> <span class='ocrx_word' id='word_1_235' title='bbox 657 901 811 929; x_wconf 67' lang='lat' dir='ltr'>accesserint</span> <span class='ocrx_word' id='word_1_236' title='bbox 823 900 989 929; x_wconf 83' lang='lat' dir='ltr'>auxiliaribus</span> <span class='ocrx_word' id='word_1_237' title='bbox 1002 920 1010 930; x_wconf 89' lang='lat'><em>,</em></span> <span class='ocrx_word' id='word_1_238' title='bbox 1029 899 1177 935; x_wconf 83' lang='lat' dir='ltr'>aptissimos</span> <span class='ocrx_word' id='word_1_239' title='bbox 1190 898 1291 939; x_wconf 81' lang='lat' dir='ltr'>eligunt</span> <span class='ocrx_word' id='word_1_240' title='bbox 1304 901 1407 936; x_wconf 85' lang='lat' dir='ltr'>equites</span> <span class='ocrx_word' id='word_1_241' title='bbox 1420 920 1428 930; x_wconf 95' lang='lat'><em>,</em></span> <span class='ocrx_word' id='word_1_242' title='bbox 1448 901 1604 939; x_wconf 84' lang='lat' dir='ltr'>peditesque</span> <span class='ocrx_word' id='word_1_243' title='bbox 1618 911 1685 939; x_wconf 87' lang='lat' dir='ltr'>ope-</span> 
     </span>
     <span class='ocr_line' id='line_1_21' title="bbox 104 937 1367 975; baseline -0.004 -7"><span class='ocrx_word' id='word_1_244' title='bbox 104 950 164 968; x_wconf 85' lang='lat' dir='ltr'>ram</span> <span class='ocrx_word' id='word_1_245' title='bbox 178 939 250 967; x_wconf 88' lang='lat' dir='ltr'>suam</span> <span class='ocrx_word' id='word_1_246' title='bbox 265 941 297 967; x_wconf 85' lang='lat' dir='ltr'>ad</span> <span class='ocrx_word' id='word_1_247' title='bbox 312 940 516 967; x_wconf 81' lang='lat' dir='ltr'>ministrandum</span> <span class='ocrx_word' id='word_1_248' title='bbox 531 939 678 975; x_wconf 67' lang='lat' dir='ltr'>Consulibus</span> <span class='ocrx_word' id='word_1_249' title='bbox 691 939 855 968; x_wconf 87' lang='lat' dir='ltr'>exhibituros</span> <span class='ocrx_word' id='word_1_250' title='bbox 865 960 871 971; x_wconf 90' lang='lat'><strong><em>‚</em></strong></span> <span class='ocrx_word' id='word_1_251' title='bbox 892 939 940 966; x_wconf 83' lang='lat' dir='ltr'>hos</span> <span class='ocrx_word' id='word_1_252' title='bbox 953 944 1052 965; x_wconf 89' lang='lat' dir='ltr'>vocant</span> <span class='ocrx_word' id='word_1_253' title='bbox 1063 937 1294 975; x_wconf 61' lang='lat' dir='ltr'>extraordinarios,</span> <span class='ocrx_word' id='word_1_254' title='bbox 1315 940 1367 966; x_wconf 83' lang='lat' dir='ltr'>&amp;c.</span> 
     </span>
    </p>

    <p class='ocr_par' dir='ltr' id='par_1_7' title="bbox 101 974 1726 1169">
     <span class='ocr_line' id='line_1_22' title="bbox 142 974 1684 1015; baseline 0.001 -10"><span class='ocrx_word' id='word_1_255' title='bbox 142 979 187 1006; x_wconf 88' lang='lat' dir='ltr'>De</span> <span class='ocrx_word' id='word_1_256' title='bbox 194 977 317 1015; x_wconf 46' lang='lat' dir='ltr'>praesedit&amp;</span> <span class='ocrx_word' id='word_1_257' title='bbox 328 976 463 1015; x_wconf 83' lang='lat' dir='ltr'>castrorum</span> <span class='ocrx_word' id='word_1_258' title='bbox 478 977 648 1014; x_wconf 72' lang='lat' dir='ltr'>&amp;fabrorum</span> <span class='ocrx_word' id='word_1_259' title='bbox 664 978 700 1006; x_wconf 83' lang='lat' dir='ltr'>ita</span> <span class='ocrx_word' id='word_1_260' title='bbox 713 976 848 1015; x_wconf 64' lang='lat' dir='ltr'>ngerius:</span> <span class='ocrx_word' id='word_1_261' title='bbox 869 978 933 1005; x_wconf 85' lang='lat' dir='ltr'>Erat</span> <span class='ocrx_word' id='word_1_262' title='bbox 946 977 1042 1008; x_wconf 87' lang='lat' dir='ltr'>etiam,</span> <span class='ocrx_word' id='word_1_263' title='bbox 1065 976 1167 1011; x_wconf 88' lang='lat' dir='ltr'>inquit,</span> <span class='ocrx_word' id='word_1_264' title='bbox 1186 974 1320 1013; x_wconf 84' lang='lat' dir='ltr'>castrorum</span> <span class='ocrx_word' id='word_1_265' title='bbox 1327 975 1455 1012; x_wconf 67' lang='lat' dir='ltr'>prasec‘ius</span> <span class='ocrx_word' id='word_1_266' title='bbox 1471 998 1480 1009; x_wconf 92' lang='lat'>‚</span> <span class='ocrx_word' id='word_1_267' title='bbox 1498 978 1561 1007; x_wconf 85' lang='lat' dir='ltr'>licet</span> <span class='ocrx_word' id='word_1_268' title='bbox 1573 978 1684 1007; x_wconf 85' lang='lat' dir='ltr'>inferior</span> 
     </span>
     <span class='ocr_line' id='line_1_23' title="bbox 104 1012 1686 1054; baseline -0.001 -10"><span class='ocrx_word' id='word_1_269' title='bbox 104 1017 237 1054; x_wconf 86' lang='lat' dir='ltr'>dignitate</span> <span class='ocrx_word' id='word_1_270' title='bbox 248 1037 255 1049; x_wconf 92' lang='lat'><strong>,</strong></span> <span class='ocrx_word' id='word_1_271' title='bbox 275 1022 419 1053; x_wconf 81' lang='lat' dir='ltr'>occupatus</span> <span class='ocrx_word' id='word_1_272' title='bbox 431 1023 524 1044; x_wconf 87' lang='lat' dir='ltr'>tamen</span> <span class='ocrx_word' id='word_1_273' title='bbox 538 1026 595 1045; x_wconf 86' lang='lat' dir='ltr'>non</span> <span class='ocrx_word' id='word_1_274' title='bbox 608 1016 789 1045; x_wconf 86' lang='lat' dir='ltr'>mediocribus</span> <span class='ocrx_word' id='word_1_275' title='bbox 804 1015 884 1044; x_wconf 83' lang='lat' dir='ltr'>causis</span> <span class='ocrx_word' id='word_1_276' title='bbox 895 1036 901 1047; x_wconf 92' lang='lat'><strong>‚</strong></span> <span class='ocrx_word' id='word_1_277' title='bbox 929 1015 960 1043; x_wconf 89' lang='lat' dir='ltr'>ad</span> <span class='ocrx_word' id='word_1_278' title='bbox 977 1023 1058 1050; x_wconf 88' lang='lat' dir='ltr'>quem</span> <span class='ocrx_word' id='word_1_279' title='bbox 1071 1012 1204 1049; x_wconf 78' lang='lat' dir='ltr'>castrorum</span> <span class='ocrx_word' id='word_1_280' title='bbox 1219 1012 1306 1051; x_wconf 75' lang='lat' dir='ltr'>pcfitio</span> <span class='ocrx_word' id='word_1_281' title='bbox 1319 1036 1326 1046; x_wconf 89' lang='lat'>‚</span> <span class='ocrx_word' id='word_1_282' title='bbox 1347 1014 1408 1042; x_wconf 85' lang='lat' dir='ltr'>valli</span> <span class='ocrx_word' id='word_1_283' title='bbox 1422 1017 1448 1042; x_wconf 67' lang='grc' dir='ltr'>ὃ(</span> <span class='ocrx_word' id='word_1_284' title='bbox 1461 1015 1532 1044; x_wconf 78' lang='lat' dir='ltr'>foffae</span> <span class='ocrx_word' id='word_1_285' title='bbox 1545 1017 1686 1045; x_wconf 77' lang='lat' dir='ltr'>destinatio</span> 
     </span>
     <span class='ocr_line' id='line_1_24' title="bbox 103 1051 1726 1093; baseline -0.001 -10"><span class='ocrx_word' id='word_1_286' title='bbox 103 1055 266 1093; x_wconf 87' lang='lat' dir='ltr'>pertinebat.</span> <span class='ocrx_word' id='word_1_287' title='bbox 287 1054 470 1089; x_wconf 84' lang='lat' dir='ltr'>tabernacula,</span> <span class='ocrx_word' id='word_1_288' title='bbox 489 1054 531 1082; x_wconf 89' lang='lat' dir='ltr'>vel</span> <span class='ocrx_word' id='word_1_289' title='bbox 546 1054 608 1082; x_wconf 84' lang='lat' dir='ltr'>casae</span> <span class='ocrx_word' id='word_1_290' title='bbox 620 1054 740 1083; x_wconf 89' lang='lat' dir='ltr'>militum</span> <span class='ocrx_word' id='word_1_291' title='bbox 756 1064 818 1082; x_wconf 86' lang='lat' dir='ltr'>cum</span> <span class='ocrx_word' id='word_1_292' title='bbox 837 1053 1040 1091; x_wconf 87' lang='lat' dir='ltr'>impedimentis</span> <span class='ocrx_word' id='word_1_293' title='bbox 1051 1051 1177 1079; x_wconf 87' lang='lat' dir='ltr'>omnibus</span> <span class='ocrx_word' id='word_1_294' title='bbox 1192 1060 1258 1079; x_wconf 80' lang='lat' dir='ltr'>nutu</span> <span class='ocrx_word' id='word_1_295' title='bbox 1273 1052 1350 1088; x_wconf 80' lang='lat' dir='ltr'>ipsius</span> <span class='ocrx_word' id='word_1_296' title='bbox 1362 1052 1528 1081; x_wconf 83' lang='lat' dir='ltr'>curabantur.</span> <span class='ocrx_word' id='word_1_297' title='bbox 1557 1056 1687 1084; x_wconf 74' lang='lat' dir='ltr'>Praeterea</span> <span class='ocrx_word' id='word_1_298' title='bbox 1721 1079 1726 1081; x_wconf 85' lang='lat'>.</span> 
     </span>
     <span class='ocr_line' id='line_1_25' title="bbox 101 1090 1688 1131; baseline -0.001 -10"><span class='ocrx_word' id='word_1_299' title='bbox 101 1094 169 1131; x_wconf 71' lang='lat' dir='ltr'>aegri</span> <span class='ocrx_word' id='word_1_300' title='bbox 181 1092 383 1127; x_wconf 46' lang='lat' dir='ltr'>contubernale„</span> <span class='ocrx_word' id='word_1_301' title='bbox 405 1095 432 1122; x_wconf 73' lang='grc' dir='ltr'>δε</span> <span class='ocrx_word' id='word_1_302' title='bbox 449 1092 556 1125; x_wconf 81' lang='lat' dir='ltr'>medici,</span> <span class='ocrx_word' id='word_1_303' title='bbox 577 1092 590 1120; x_wconf 72' lang='lat' dir='ltr'>a</span> <span class='ocrx_word' id='word_1_304' title='bbox 605 1093 699 1130; x_wconf 86' lang='lat' dir='ltr'>quibus</span> <span class='ocrx_word' id='word_1_305' title='bbox 713 1093 884 1122; x_wconf 83' lang='lat' dir='ltr'>curabantur,</span> <span class='ocrx_word' id='word_1_306' title='bbox 905 1090 1022 1129; x_wconf 87' lang='lat' dir='ltr'>expensae</span> <span class='ocrx_word' id='word_1_307' title='bbox 1035 1091 1116 1117; x_wconf 87' lang='lat' dir='ltr'>etiam</span> <span class='ocrx_word' id='word_1_308' title='bbox 1130 1091 1161 1118; x_wconf 90' lang='lat' dir='ltr'>ad</span> <span class='ocrx_word' id='word_1_309' title='bbox 1179 1091 1234 1126; x_wconf 88' lang='lat' dir='ltr'>ejus</span> <span class='ocrx_word' id='word_1_310' title='bbox 1248 1091 1401 1119; x_wconf 81' lang='lat' dir='ltr'>industriam</span> <span class='ocrx_word' id='word_1_311' title='bbox 1416 1092 1594 1127; x_wconf 71' lang='lat' dir='ltr'>pertinebant.</span> <span class='ocrx_word' id='word_1_312' title='bbox 1617 1093 1688 1121; x_wconf 84' lang='lat' dir='ltr'>Vehi-</span> 
     </span>
     <span class='ocr_line' id='line_1_26' title="bbox 103 1127 1686 1169; baseline 0.001 -10"><span class='ocrx_word' id='word_1_313' title='bbox 103 1132 175 1164; x_wconf 77' lang='lat' dir='ltr'>cula‚</span> <span class='ocrx_word' id='word_1_314' title='bbox 186 1130 324 1169; x_wconf 78' lang='lat' dir='ltr'>Jagittarii</span> <span class='ocrx_word' id='word_1_315' title='bbox 337 1152 345 1164; x_wconf 92' lang='lat'>,</span> <span class='ocrx_word' id='word_1_316' title='bbox 367 1141 473 1160; x_wconf 88' lang='lat' dir='ltr'>necnon</span> <span class='ocrx_word' id='word_1_317' title='bbox 488 1133 570 1159; x_wconf 87' lang='lat' dir='ltr'>etiarn</span> <span class='ocrx_word' id='word_1_318' title='bbox 585 1131 761 1163; x_wconf 84' lang='lat' dir='ltr'>ferramenta,</span> <span class='ocrx_word' id='word_1_319' title='bbox 782 1130 877 1168; x_wconf 88' lang='lat' dir='ltr'>quibus</span> <span class='ocrx_word' id='word_1_320' title='bbox 889 1130 1013 1158; x_wconf 89' lang='lat' dir='ltr'>materies</span> <span class='ocrx_word' id='word_1_321' title='bbox 1025 1127 1125 1156; x_wconf 81' lang='lat' dir='ltr'>secatur</span> <span class='ocrx_word' id='word_1_322' title='bbox 1139 1150 1146 1160; x_wconf 88' lang='lat'>,</span> <span class='ocrx_word' id='word_1_323' title='bbox 1167 1129 1208 1156; x_wconf 89' lang='lat' dir='ltr'>vel</span> <span class='ocrx_word' id='word_1_324' title='bbox 1223 1129 1331 1157; x_wconf 81' lang='lat' dir='ltr'>caeditur</span> <span class='ocrx_word' id='word_1_325' title='bbox 1343 1150 1351 1161; x_wconf 91' lang='lat'><strong><em>,</em></strong></span> <span class='ocrx_word' id='word_1_326' title='bbox 1373 1129 1519 1166; x_wconf 78' lang='lat' dir='ltr'>quibusque</span> <span class='ocrx_word' id='word_1_327' title='bbox 1532 1132 1686 1167; x_wconf 87' lang='lat' dir='ltr'>aperiuntur</span> 
     </span>
    </p>

    <p class='ocr_par' dir='ltr' id='par_1_8' title="bbox 92 1167 1687 1283">
     <span class='ocr_line' id='line_1_27' title="bbox 92 1167 1687 1207; baseline 0 -10"><span class='ocrx_word' id='word_1_328' title='bbox 92 1169 177 1206; x_wconf 21' lang='lat' dir='ltr'>vfoffae</span> <span class='ocrx_word' id='word_1_329' title='bbox 188 1171 257 1198; x_wconf 85' lang='lat' dir='ltr'>circa</span> <span class='ocrx_word' id='word_1_330' title='bbox 270 1169 348 1198; x_wconf 90' lang='lat' dir='ltr'>situm</span> <span class='ocrx_word' id='word_1_331' title='bbox 363 1169 423 1197; x_wconf 89' lang='lat' dir='ltr'>valli</span> <span class='ocrx_word' id='word_1_332' title='bbox 439 1171 464 1198; x_wconf 84' lang='lat'>&amp;</span> <span class='ocrx_word' id='word_1_333' title='bbox 475 1179 548 1207; x_wconf 79' lang='lat' dir='ltr'>aquae</span> <span class='ocrx_word' id='word_1_334' title='bbox 561 1169 667 1197; x_wconf 65' lang='lat' dir='ltr'>duetus:</span> <span class='ocrx_word' id='word_1_335' title='bbox 688 1170 754 1198; x_wconf 87' lang='lat' dir='ltr'>item</span> <span class='ocrx_word' id='word_1_336' title='bbox 768 1169 854 1207; x_wconf 85' lang='lat' dir='ltr'>ligna,</span> <span class='ocrx_word' id='word_1_337' title='bbox 874 1169 916 1197; x_wconf 88' lang='lat' dir='ltr'>vel</span> <span class='ocrx_word' id='word_1_338' title='bbox 928 1168 1068 1198; x_wconf 86' lang='lat' dir='ltr'>stramina,</span> <span class='ocrx_word' id='word_1_339' title='bbox 1090 1167 1196 1197; x_wconf 84' lang='lat' dir='ltr'>arietes,</span> <span class='ocrx_word' id='word_1_340' title='bbox 1216 1168 1330 1204; x_wconf 83' lang='lat' dir='ltr'>onagri,</span> <span class='ocrx_word' id='word_1_341' title='bbox 1349 1168 1458 1199; x_wconf 86' lang='lat' dir='ltr'>balistae,</span> <span class='ocrx_word' id='word_1_342' title='bbox 1479 1176 1625 1206; x_wconf 74' lang='lat' dir='ltr'>caeteraque</span> <span class='ocrx_word' id='word_1_343' title='bbox 1639 1179 1687 1207; x_wconf 86' lang='lat' dir='ltr'>ge-</span> 
     </span>
     <span class='ocr_line' id='line_1_28' title="bbox 104 1205 1685 1246; baseline 0.001 -11"><span class='ocrx_word' id='word_1_344' title='bbox 104 1217 169 1235; x_wconf 81' lang='lat' dir='ltr'>nera</span> <span class='ocrx_word' id='word_1_345' title='bbox 183 1216 387 1237; x_wconf 88' lang='lat' dir='ltr'>tormentorum</span> <span class='ocrx_word' id='word_1_346' title='bbox 402 1229 408 1238; x_wconf 88' lang='lat'>‚</span> <span class='ocrx_word' id='word_1_347' title='bbox 430 1218 464 1235; x_wconf 90' lang='lat' dir='ltr'>ne</span> <span class='ocrx_word' id='word_1_348' title='bbox 477 1208 594 1236; x_wconf 72' lang='lat' dir='ltr'>deessent</span> <span class='ocrx_word' id='word_1_349' title='bbox 608 1208 764 1244; x_wconf 83' lang='lat' dir='ltr'>aliquando,</span> <span class='ocrx_word' id='word_1_350' title='bbox 785 1208 950 1246; x_wconf 84' lang='lat' dir='ltr'>procurabat.</span> <span class='ocrx_word' id='word_1_351' title='bbox 980 1207 1034 1234; x_wconf 88' lang='lat' dir='ltr'>Hic</span> <span class='ocrx_word' id='word_1_352' title='bbox 1050 1205 1107 1243; x_wconf 87' lang='lat' dir='ltr'>post</span> <span class='ocrx_word' id='word_1_353' title='bbox 1120 1205 1247 1243; x_wconf 85' lang='lat' dir='ltr'>longam,</span> <span class='ocrx_word' id='word_1_354' title='bbox 1267 1206 1462 1243; x_wconf 84' lang='lat' dir='ltr'>probatamque</span> <span class='ocrx_word' id='word_1_355' title='bbox 1475 1206 1600 1236; x_wconf 86' lang='lat' dir='ltr'>militiam</span> <span class='ocrx_word' id='word_1_356' title='bbox 1615 1209 1685 1245; x_wconf 79' lang='lat' dir='ltr'>peri-</span> 
     </span>
     <span class='ocr_line' id='line_1_29' title="bbox 104 1243 1327 1283; baseline -0.002 -9"><span class='ocrx_word' id='word_1_357' title='bbox 104 1246 220 1274; x_wconf 77' lang='lat' dir='ltr'>tissimus</span> <span class='ocrx_word' id='word_1_358' title='bbox 233 1248 359 1274; x_wconf 84' lang='lat' dir='ltr'>omnium</span> <span class='ocrx_word' id='word_1_359' title='bbox 375 1246 511 1283; x_wconf 78' lang='lat' dir='ltr'>legebatur</span> <span class='ocrx_word' id='word_1_360' title='bbox 521 1267 527 1278; x_wconf 91' lang='lat'>‚</span> <span class='ocrx_word' id='word_1_361' title='bbox 547 1253 577 1274; x_wconf 92' lang='lat' dir='ltr'>ut</span> <span class='ocrx_word' id='word_1_362' title='bbox 587 1247 658 1274; x_wconf 57' lang='lat' dir='ltr'>reete</span> <span class='ocrx_word' id='word_1_363' title='bbox 674 1247 783 1274; x_wconf 88' lang='lat' dir='ltr'>doceret</span> <span class='ocrx_word' id='word_1_364' title='bbox 797 1246 876 1278; x_wconf 69' lang='lat' dir='ltr'>alim,</span> <span class='ocrx_word' id='word_1_365' title='bbox 898 1245 970 1283; x_wconf 89' lang='lat' dir='ltr'>quod</span> <span class='ocrx_word' id='word_1_366' title='bbox 985 1243 1039 1280; x_wconf 85' lang='lat' dir='ltr'>ipse</span> <span class='ocrx_word' id='word_1_367' title='bbox 1053 1253 1115 1271; x_wconf 90' lang='lat' dir='ltr'>curn</span> <span class='ocrx_word' id='word_1_368' title='bbox 1129 1244 1206 1272; x_wconf 86' lang='lat' dir='ltr'>laude</span> <span class='ocrx_word' id='word_1_369' title='bbox 1221 1244 1327 1272; x_wconf 70' lang='lat' dir='ltr'>fecisset.</span> 
     </span>
    </p>

    <p class='ocr_par' dir='ltr' id='par_1_9' title="bbox 98 1281 1688 1853">
     <span class='ocr_line' id='line_1_30' title="bbox 144 1281 1683 1323; baseline -0.002 -12"><span class='ocrx_word' id='word_1_370' title='bbox 144 1284 234 1312; x_wconf 81' lang='lat' dir='ltr'>Habet</span> <span class='ocrx_word' id='word_1_371' title='bbox 247 1292 372 1320; x_wconf 62' lang='lat' dir='ltr'>praeterea</span> <span class='ocrx_word' id='word_1_372' title='bbox 385 1283 456 1320; x_wconf 83' lang='lat' dir='ltr'>legio</span> <span class='ocrx_word' id='word_1_373' title='bbox 463 1283 562 1320; x_wconf 59' lang='lat' dir='ltr'>fibros,</span> <span class='ocrx_word' id='word_1_374' title='bbox 583 1283 720 1323; x_wconf 74' lang='lat' dir='ltr'>tignarios,</span> <span class='ocrx_word' id='word_1_375' title='bbox 737 1283 909 1321; x_wconf 64' lang='lat' dir='ltr'>instruc&#39;i‘orm,</span> <span class='ocrx_word' id='word_1_376' title='bbox 929 1282 1093 1317; x_wconf 67' lang='lat' dir='ltr'>cmpemarios</span> <span class='ocrx_word' id='word_1_377' title='bbox 1103 1301 1111 1311; x_wconf 92' lang='lat'><em>,</em></span> <span class='ocrx_word' id='word_1_378' title='bbox 1124 1281 1246 1319; x_wconf 60' lang='lat' dir='ltr'>jem-arios</span> <span class='ocrx_word' id='word_1_379' title='bbox 1261 1303 1268 1314; x_wconf 88' lang='lat'><strong><em>‚</em></strong></span> <span class='ocrx_word' id='word_1_380' title='bbox 1283 1281 1390 1317; x_wconf 50' lang='lat' dir='ltr'>pistores</span> <span class='ocrx_word' id='word_1_381' title='bbox 1403 1303 1410 1314; x_wconf 92' lang='lat'><em>,</em></span> <span class='ocrx_word' id='word_1_382' title='bbox 1439 1282 1606 1321; x_wconf 82' lang='lat' dir='ltr'>reliquosque</span> <span class='ocrx_word' id='word_1_383' title='bbox 1619 1286 1683 1313; x_wconf 83' lang='lat' dir='ltr'>arti-</span> 
     </span>
     <span class='ocr_line' id='line_1_31' title="bbox 105 1320 1684 1361; baseline 0.002 -12"><span class='ocrx_word' id='word_1_384' title='bbox 105 1321 169 1350; x_wconf 82' lang='lat' dir='ltr'>fices</span> <span class='ocrx_word' id='word_1_385' title='bbox 183 1323 214 1349; x_wconf 85' lang='lat' dir='ltr'>ad</span> <span class='ocrx_word' id='word_1_386' title='bbox 229 1321 412 1358; x_wconf 84' lang='lat' dir='ltr'>hybernorum</span> <span class='ocrx_word' id='word_1_387' title='bbox 428 1322 537 1350; x_wconf 76' lang='lat' dir='ltr'>aedificia</span> <span class='ocrx_word' id='word_1_388' title='bbox 551 1321 704 1351; x_wconf 87' lang='lat' dir='ltr'>fabricanda</span> <span class='ocrx_word' id='word_1_389' title='bbox 715 1344 722 1354; x_wconf 92' lang='lat'><strong>‚</strong></span> <span class='ocrx_word' id='word_1_390' title='bbox 743 1324 773 1350; x_wconf 88' lang='lat' dir='ltr'>ad</span> <span class='ocrx_word' id='word_1_391' title='bbox 789 1322 940 1355; x_wconf 87' lang='lat' dir='ltr'>machinas,</span> <span class='ocrx_word' id='word_1_392' title='bbox 962 1320 1098 1357; x_wconf 81' lang='lat' dir='ltr'>turresque</span> <span class='ocrx_word' id='word_1_393' title='bbox 1112 1321 1212 1357; x_wconf 76' lang='lat' dir='ltr'>ligneas</span> <span class='ocrx_word' id='word_1_394' title='bbox 1224 1341 1231 1352; x_wconf 87' lang='lat'>‚</span> <span class='ocrx_word' id='word_1_395' title='bbox 1254 1330 1414 1357; x_wconf 70' lang='lat' dir='ltr'>caeteraque,</span> <span class='ocrx_word' id='word_1_396' title='bbox 1435 1321 1528 1357; x_wconf 84' lang='lat' dir='ltr'>quibus</span> <span class='ocrx_word' id='word_1_397' title='bbox 1542 1323 1584 1350; x_wconf 91' lang='lat' dir='ltr'>vel</span> <span class='ocrx_word' id='word_1_398' title='bbox 1598 1333 1684 1361; x_wconf 90' lang='lat' dir='ltr'>oppu-</span> 
     </span>
     <span class='ocr_line' id='line_1_32' title="bbox 103 1359 1688 1399; baseline -0.002 -11"><span class='ocrx_word' id='word_1_399' title='bbox 103 1367 221 1397; x_wconf 83' lang='lat' dir='ltr'>gnantur</span> <span class='ocrx_word' id='word_1_400' title='bbox 233 1360 446 1388; x_wconf 84' lang='lat' dir='ltr'>adversariorum</span> <span class='ocrx_word' id='word_1_401' title='bbox 462 1361 593 1390; x_wconf 85' lang='lat' dir='ltr'>civitates,</span> <span class='ocrx_word' id='word_1_402' title='bbox 614 1362 655 1389; x_wconf 87' lang='lat' dir='ltr'>vel</span> <span class='ocrx_word' id='word_1_403' title='bbox 667 1360 847 1389; x_wconf 87' lang='lat' dir='ltr'>defenduntur</span> <span class='ocrx_word' id='word_1_404' title='bbox 861 1360 974 1398; x_wconf 76' lang='lat' dir='ltr'>propriae</span> <span class='ocrx_word' id='word_1_405' title='bbox 990 1370 998 1386; x_wconf 86' lang='lat'><strong>:</strong></span> <span class='ocrx_word' id='word_1_406' title='bbox 1017 1368 1176 1396; x_wconf 81' lang='lat' dir='ltr'>praeparatos</span> <span class='ocrx_word' id='word_1_407' title='bbox 1190 1360 1271 1387; x_wconf 86' lang='lat' dir='ltr'>etiam</span> <span class='ocrx_word' id='word_1_408' title='bbox 1286 1359 1331 1395; x_wconf 90' lang='lat' dir='ltr'>qui</span> <span class='ocrx_word' id='word_1_409' title='bbox 1344 1368 1433 1399; x_wconf 76' lang='lat' dir='ltr'>arma,</span> <span class='ocrx_word' id='word_1_410' title='bbox 1456 1359 1585 1393; x_wconf 82' lang='lat' dir='ltr'>vehicula,</span> <span class='ocrx_word' id='word_1_411' title='bbox 1608 1370 1688 1390; x_wconf 78' lang='lat' dir='ltr'>caete-</span> 
     </span>
     <span class='ocr_line' id='line_1_33' title="bbox 102 1396 1685 1436; baseline 0.001 -11"><span class='ocrx_word' id='word_1_412' title='bbox 102 1407 185 1435; x_wconf 78' lang='lat' dir='ltr'>saque</span> <span class='ocrx_word' id='word_1_413' title='bbox 195 1408 293 1436; x_wconf 84' lang='lat' dir='ltr'>genera</span> <span class='ocrx_word' id='word_1_414' title='bbox 307 1407 523 1431; x_wconf 84' lang='lat' dir='ltr'>tormentorum,</span> <span class='ocrx_word' id='word_1_415' title='bbox 546 1399 586 1427; x_wconf 90' lang='lat' dir='ltr'>vel</span> <span class='ocrx_word' id='word_1_416' title='bbox 601 1410 671 1428; x_wconf 78' lang='lat' dir='ltr'>nova</span> <span class='ocrx_word' id='word_1_417' title='bbox 685 1399 818 1432; x_wconf 85' lang='lat' dir='ltr'>facerent,</span> <span class='ocrx_word' id='word_1_418' title='bbox 838 1400 880 1427; x_wconf 93' lang='lat' dir='ltr'>vel</span> <span class='ocrx_word' id='word_1_419' title='bbox 894 1398 1007 1436; x_wconf 69' lang='lat' dir='ltr'>quassata</span> <span class='ocrx_word' id='word_1_420' title='bbox 1019 1405 1178 1434; x_wconf 88' lang='lat' dir='ltr'>repararent.</span> <span class='ocrx_word' id='word_1_421' title='bbox 1201 1397 1343 1425; x_wconf 85' lang='lat' dir='ltr'>Habebant</span> <span class='ocrx_word' id='word_1_422' title='bbox 1349 1396 1461 1433; x_wconf 69' lang='lat' dir='ltr'>fabricas</span> <span class='ocrx_word' id='word_1_423' title='bbox 1464 1398 1604 1432; x_wconf 74' lang='lat' dir='ltr'>stararias,</span> <span class='ocrx_word' id='word_1_424' title='bbox 1624 1399 1685 1427; x_wconf 78' lang='lat' dir='ltr'>lori-</span> 
     </span>
     <span class='ocr_line' id='line_1_34' title="bbox 101 1435 1687 1475; baseline 0.003 -13"><span class='ocrx_word' id='word_1_425' title='bbox 101 1436 194 1469; x_wconf 77' lang='lat' dir='ltr'>carias,</span> <span class='ocrx_word' id='word_1_426' title='bbox 215 1436 358 1469; x_wconf 65' lang='lat' dir='ltr'>annarias,</span> <span class='ocrx_word' id='word_1_427' title='bbox 380 1439 406 1465; x_wconf 91' lang='lat' dir='ltr'>in</span> <span class='ocrx_word' id='word_1_428' title='bbox 422 1438 516 1474; x_wconf 87' lang='lat' dir='ltr'>quibus</span> <span class='ocrx_word' id='word_1_429' title='bbox 530 1437 642 1475; x_wconf 73' lang='lat' dir='ltr'>sagittae,</span> <span class='ocrx_word' id='word_1_430' title='bbox 663 1439 769 1466; x_wconf 77' lang='lat' dir='ltr'>missilia</span> <span class='ocrx_word' id='word_1_431' title='bbox 785 1459 792 1470; x_wconf 88' lang='lat'>‚</span> <span class='ocrx_word' id='word_1_432' title='bbox 813 1438 921 1466; x_wconf 83' lang='lat' dir='ltr'>cassides</span> <span class='ocrx_word' id='word_1_433' title='bbox 933 1458 940 1469; x_wconf 88' lang='lat'><em>‚</em></span> <span class='ocrx_word' id='word_1_434' title='bbox 959 1436 1105 1472; x_wconf 84' lang='lat' dir='ltr'>omniaque</span> <span class='ocrx_word' id='word_1_435' title='bbox 1119 1444 1258 1462; x_wconf 89' lang='lat' dir='ltr'>armorum</span> <span class='ocrx_word' id='word_1_436' title='bbox 1272 1445 1370 1473; x_wconf 86' lang='lat' dir='ltr'>genera</span> <span class='ocrx_word' id='word_1_437' title='bbox 1386 1435 1582 1464; x_wconf 79' lang='lat' dir='ltr'>formabantur.</span> <span class='ocrx_word' id='word_1_438' title='bbox 1620 1441 1687 1466; x_wconf 78' lang='lat' dir='ltr'>Haee</span> 
     </span>
     <span class='ocr_line' id='line_1_35' title="bbox 105 1473 1685 1513; baseline 0.001 -11"><span class='ocrx_word' id='word_1_439' title='bbox 105 1475 178 1502; x_wconf 82' lang='lat' dir='ltr'>enim</span> <span class='ocrx_word' id='word_1_440' title='bbox 194 1483 249 1502; x_wconf 84' lang='lat' dir='ltr'>erat</span> <span class='ocrx_word' id='word_1_441' title='bbox 263 1484 324 1502; x_wconf 87' lang='lat' dir='ltr'>cura</span> <span class='ocrx_word' id='word_1_442' title='bbox 338 1477 482 1511; x_wconf 70' lang='lat' dir='ltr'>praecipua,</span> <span class='ocrx_word' id='word_1_443' title='bbox 504 1484 533 1503; x_wconf 90' lang='lat' dir='ltr'>ut</span> <span class='ocrx_word' id='word_1_444' title='bbox 547 1476 674 1512; x_wconf 75' lang='lat' dir='ltr'>quicquid</span> <span class='ocrx_word' id='word_1_445' title='bbox 689 1478 815 1504; x_wconf 84' lang='lat' dir='ltr'>exercitui</span> <span class='ocrx_word' id='word_1_446' title='bbox 830 1475 1002 1503; x_wconf 65' lang='lat' dir='ltr'>necessarium</span> <span class='ocrx_word' id='word_1_447' title='bbox 1017 1473 1169 1503; x_wconf 85' lang='lat' dir='ltr'>videbatur,</span> <span class='ocrx_word' id='word_1_448' title='bbox 1188 1482 1324 1511; x_wconf 89' lang='lat' dir='ltr'>nunquam</span> <span class='ocrx_word' id='word_1_449' title='bbox 1339 1473 1437 1500; x_wconf 81' lang='lat' dir='ltr'>deesset</span> <span class='ocrx_word' id='word_1_450' title='bbox 1451 1474 1477 1500; x_wconf 88' lang='lat' dir='ltr'>in</span> <span class='ocrx_word' id='word_1_451' title='bbox 1490 1475 1592 1507; x_wconf 79' lang='lat' dir='ltr'>castris,</span> <span class='ocrx_word' id='word_1_452' title='bbox 1604 1476 1685 1513; x_wconf 71' lang='lat' dir='ltr'>usque</span> 
     </span>
     <span class='ocr_line' id='line_1_36' title="bbox 103 1510 1684 1551; baseline -0.001 -11"><span class='ocrx_word' id='word_1_453' title='bbox 103 1522 137 1540; x_wconf 85' lang='lat' dir='ltr'>eo</span> <span class='ocrx_word' id='word_1_454' title='bbox 152 1532 158 1542; x_wconf 87' lang='lat'>‚</span> <span class='ocrx_word' id='word_1_455' title='bbox 179 1521 209 1541; x_wconf 88' lang='lat' dir='ltr'>ut</span> <span class='ocrx_word' id='word_1_456' title='bbox 224 1514 304 1541; x_wconf 87' lang='lat' dir='ltr'>etiam</span> <span class='ocrx_word' id='word_1_457' title='bbox 322 1514 497 1541; x_wconf 77' lang='lat' dir='ltr'>cunicularios</span> <span class='ocrx_word' id='word_1_458' title='bbox 510 1513 637 1542; x_wconf 75' lang='lat' dir='ltr'>haberent</span> <span class='ocrx_word' id='word_1_459' title='bbox 650 1534 656 1544; x_wconf 88' lang='lat'>‚</span> <span class='ocrx_word' id='word_1_460' title='bbox 678 1515 723 1551; x_wconf 89' lang='lat' dir='ltr'>qui</span> <span class='ocrx_word' id='word_1_461' title='bbox 741 1515 772 1542; x_wconf 91' lang='lat' dir='ltr'>ad</span> <span class='ocrx_word' id='word_1_462' title='bbox 787 1523 894 1541; x_wconf 69' lang='lat' dir='ltr'>morem</span> <span class='ocrx_word' id='word_1_463' title='bbox 906 1513 1038 1539; x_wconf 86' lang='lat' dir='ltr'>bellorum</span> <span class='ocrx_word' id='word_1_464' title='bbox 1053 1511 1135 1538; x_wconf 70' lang='lat' dir='ltr'>‹iu-sto</span> <span class='ocrx_word' id='word_1_465' title='bbox 1148 1511 1194 1538; x_wconf 90' lang='lat' dir='ltr'>sub</span> <span class='ocrx_word' id='word_1_466' title='bbox 1209 1512 1287 1539; x_wconf 86' lang='lat' dir='ltr'>terris</span> <span class='ocrx_word' id='word_1_467' title='bbox 1299 1510 1423 1539; x_wconf 87' lang='lat' dir='ltr'>cuniculo</span> <span class='ocrx_word' id='word_1_468' title='bbox 1438 1530 1444 1541; x_wconf 91' lang='lat'><strong>‚</strong></span> <span class='ocrx_word' id='word_1_469' title='bbox 1464 1512 1600 1549; x_wconf 79' lang='lat' dir='ltr'>murisque</span> <span class='ocrx_word' id='word_1_470' title='bbox 1614 1515 1684 1542; x_wconf 77' lang='lat' dir='ltr'>intra</span> 
     </span>
     <span class='ocr_line' id='line_1_37' title="bbox 103 1549 1684 1589; baseline 0.001 -11"><span class='ocrx_word' id='word_1_471' title='bbox 103 1551 278 1579; x_wconf 66' lang='lat' dir='ltr'>fundamenta</span> <span class='ocrx_word' id='word_1_472' title='bbox 292 1551 426 1587; x_wconf 79' lang='lat' dir='ltr'>perfossis,</span> <span class='ocrx_word' id='word_1_473' title='bbox 447 1551 585 1587; x_wconf 80' lang='lat' dir='ltr'>improvisi</span> <span class='ocrx_word' id='word_1_474' title='bbox 600 1551 626 1579; x_wconf 86' lang='lat' dir='ltr'>se</span> <span class='ocrx_word' id='word_1_475' title='bbox 641 1560 811 1589; x_wconf 81' lang='lat' dir='ltr'>emergerent</span> <span class='ocrx_word' id='word_1_476' title='bbox 824 1553 855 1579; x_wconf 88' lang='lat' dir='ltr'>ad</span> <span class='ocrx_word' id='word_1_477' title='bbox 870 1551 955 1578; x_wconf 84' lang='lat' dir='ltr'>Urbes</span> <span class='ocrx_word' id='word_1_478' title='bbox 969 1549 1085 1577; x_wconf 86' lang='lat' dir='ltr'>hostium</span> <span class='ocrx_word' id='word_1_479' title='bbox 1103 1550 1250 1586; x_wconf 79' lang='lat' dir='ltr'>capiendas.</span> <span class='ocrx_word' id='word_1_480' title='bbox 1278 1552 1384 1577; x_wconf 73' lang='lat' dir='ltr'>Horum</span> <span class='ocrx_word' id='word_1_481' title='bbox 1398 1549 1479 1585; x_wconf 83' lang='lat' dir='ltr'>judex</span> <span class='ocrx_word' id='word_1_482' title='bbox 1493 1551 1615 1587; x_wconf 79' lang='lat' dir='ltr'>proprius</span> <span class='ocrx_word' id='word_1_483' title='bbox 1627 1559 1684 1580; x_wconf 71' lang='lat' dir='ltr'>erat.</span> 
     </span>
     <span class='ocr_line' id='line_1_38' title="bbox 98 1586 1683 1626; baseline -0.001 -13"><span class='ocrx_word' id='word_1_484' title='bbox 98 1587 230 1623; x_wconf 56' lang='lat' dir='ltr'>prasecqus</span> <span class='ocrx_word' id='word_1_485' title='bbox 238 1589 378 1623; x_wconf 69' lang='lat' dir='ltr'>fabrorum.</span> <span class='ocrx_word' id='word_1_486' title='bbox 413 1590 527 1617; x_wconf 81' lang='lat' dir='ltr'>Ministri</span> <span class='ocrx_word' id='word_1_487' title='bbox 542 1591 651 1626; x_wconf 82' lang='lat' dir='ltr'>quidam</span> <span class='ocrx_word' id='word_1_488' title='bbox 668 1593 864 1625; x_wconf 74' lang='lat' dir='ltr'>Imperatorum,</span> <span class='ocrx_word' id='word_1_489' title='bbox 886 1599 916 1616; x_wconf 86' lang='lat' dir='ltr'>ac</span> <span class='ocrx_word' id='word_1_490' title='bbox 929 1588 1099 1616; x_wconf 85' lang='lat' dir='ltr'>tribunorum</span> <span class='ocrx_word' id='word_1_491' title='bbox 1116 1588 1272 1616; x_wconf 76' lang='lat' dir='ltr'>militarium</span> <span class='ocrx_word' id='word_1_492' title='bbox 1288 1586 1394 1615; x_wconf 80' lang='lat' dir='ltr'>fuerunt</span> <span class='ocrx_word' id='word_1_493' title='bbox 1408 1588 1512 1625; x_wconf 70' lang='lat' dir='ltr'>accensi,</span> <span class='ocrx_word' id='word_1_494' title='bbox 1531 1598 1683 1617; x_wconf 74' lang='lat' dir='ltr'>commenta-</span> 
     </span>
     <span class='ocr_line' id='line_1_39' title="bbox 101 1624 1682 1662; baseline 0.003 -11"><span class='ocrx_word' id='word_1_495' title='bbox 101 1624 204 1660; x_wconf 50' lang='lat' dir='ltr'>rien-ſss,</span> <span class='ocrx_word' id='word_1_496' title='bbox 224 1625 391 1653; x_wconf 73' lang='lat' dir='ltr'>cornicularii.</span> <span class='ocrx_word' id='word_1_497' title='bbox 430 1628 473 1654; x_wconf 89' lang='lat' dir='ltr'>De</span> <span class='ocrx_word' id='word_1_498' title='bbox 486 1628 600 1655; x_wconf 80' lang='lat' dir='ltr'>accensis</span> <span class='ocrx_word' id='word_1_499' title='bbox 614 1631 702 1655; x_wconf 78' lang='lat' dir='ltr'>Varro</span> <span class='ocrx_word' id='word_1_500' title='bbox 716 1639 723 1654; x_wconf 66' lang='grc' dir='ltr'><strong><em>τ</em></strong></span> <span class='ocrx_word' id='word_1_501' title='bbox 744 1630 856 1662; x_wconf 72' lang='lat' dir='ltr'>Accensbs</span> <span class='ocrx_word' id='word_1_502' title='bbox 870 1627 1061 1654; x_wconf 74' lang='lat' dir='ltr'>ministratores</span> <span class='ocrx_word' id='word_1_503' title='bbox 1077 1629 1143 1652; x_wconf 77' lang='lat' dir='ltr'>Cato</span> <span class='ocrx_word' id='word_1_504' title='bbox 1159 1627 1210 1653; x_wconf 72' lang='lat' dir='ltr'>esie</span> <span class='ocrx_word' id='word_1_505' title='bbox 1226 1625 1317 1653; x_wconf 77' lang='lat' dir='ltr'>scribit</span> <span class='ocrx_word' id='word_1_506' title='bbox 1334 1636 1341 1652; x_wconf 70' lang='grc' dir='ltr'>ε</span> <span class='ocrx_word' id='word_1_507' title='bbox 1361 1625 1446 1661; x_wconf 87' lang='lat' dir='ltr'>potest</span> <span class='ocrx_word' id='word_1_508' title='bbox 1461 1626 1486 1652; x_wconf 80' lang='lat' dir='ltr'>id</span> <span class='ocrx_word' id='word_1_509' title='bbox 1502 1626 1534 1653; x_wconf 89' lang='lat' dir='ltr'>ab</span> <span class='ocrx_word' id='word_1_510' title='bbox 1548 1626 1660 1656; x_wconf 88' lang='lat' dir='ltr'>arbitrio</span> <span class='ocrx_word' id='word_1_511' title='bbox 1673 1638 1682 1656; x_wconf 89' lang='lat'>:</span> 
     </span>
     <span class='ocr_line' id='line_1_40' title="bbox 101 1661 1681 1703; baseline 0.002 -12"><span class='ocrx_word' id='word_1_512' title='bbox 101 1673 166 1691; x_wconf 88' lang='lat' dir='ltr'>nam</span> <span class='ocrx_word' id='word_1_513' title='bbox 182 1665 244 1692; x_wconf 87' lang='lat' dir='ltr'>inde</span> <span class='ocrx_word' id='word_1_514' title='bbox 257 1665 289 1691; x_wconf 82' lang='lat' dir='ltr'>ad</span> <span class='ocrx_word' id='word_1_515' title='bbox 305 1663 445 1692; x_wconf 84' lang='lat' dir='ltr'>arbitrium</span> <span class='ocrx_word' id='word_1_516' title='bbox 462 1665 534 1700; x_wconf 83' lang='lat' dir='ltr'>ejus,</span> <span class='ocrx_word' id='word_1_517' title='bbox 555 1665 628 1701; x_wconf 79' lang='lat' dir='ltr'>cujus</span> <span class='ocrx_word' id='word_1_518' title='bbox 641 1666 769 1693; x_wconf 87' lang='lat' dir='ltr'>minister.</span> <span class='ocrx_word' id='word_1_519' title='bbox 790 1667 822 1693; x_wconf 83' lang='lat' dir='ltr'>Et</span> <span class='ocrx_word' id='word_1_520' title='bbox 837 1665 970 1703; x_wconf 75' lang='lat' dir='ltr'>Vegetius:</span> <span class='ocrx_word' id='word_1_521' title='bbox 991 1664 1080 1692; x_wconf 90' lang='lat' dir='ltr'>Nullis</span> <span class='ocrx_word' id='word_1_522' title='bbox 1093 1664 1191 1693; x_wconf 70' lang='lat' dir='ltr'>milites</span> <span class='ocrx_word' id='word_1_523' title='bbox 1206 1664 1318 1692; x_wconf 84' lang='lat' dir='ltr'>instituti</span> <span class='ocrx_word' id='word_1_524' title='bbox 1332 1661 1526 1699; x_wconf 85' lang='lat' dir='ltr'>deputabantur</span> <span class='ocrx_word' id='word_1_525' title='bbox 1540 1664 1681 1702; x_wconf 84' lang='lat' dir='ltr'>obsequiis,</span> 
     </span>
     <span class='ocr_line' id='line_1_41' title="bbox 100 1701 1682 1740; baseline -0.001 -10"><span class='ocrx_word' id='word_1_526' title='bbox 100 1711 152 1730; x_wconf 90' lang='lat' dir='ltr'>nec</span> <span class='ocrx_word' id='word_1_527' title='bbox 166 1703 266 1739; x_wconf 85' lang='lat' dir='ltr'>privata</span> <span class='ocrx_word' id='word_1_528' title='bbox 279 1701 371 1730; x_wconf 88' lang='lat' dir='ltr'>iisdem</span> <span class='ocrx_word' id='word_1_529' title='bbox 388 1704 496 1739; x_wconf 83' lang='lat' dir='ltr'>negotia</span> <span class='ocrx_word' id='word_1_530' title='bbox 510 1702 718 1735; x_wconf 83' lang='lat' dir='ltr'>mandabantur,</span> <span class='ocrx_word' id='word_1_531' title='bbox 738 1704 867 1740; x_wconf 81' lang='lat' dir='ltr'>siquidem</span> <span class='ocrx_word' id='word_1_532' title='bbox 881 1705 1060 1739; x_wconf 86' lang='lat' dir='ltr'>incongruum</span> <span class='ocrx_word' id='word_1_533' title='bbox 1076 1702 1210 1730; x_wconf 85' lang='lat' dir='ltr'>videretur</span> <span class='ocrx_word' id='word_1_534' title='bbox 1224 1702 1401 1738; x_wconf 79' lang='lat' dir='ltr'>Imperatori,</span> <span class='ocrx_word' id='word_1_535' title='bbox 1422 1701 1550 1734; x_wconf 88' lang='lat' dir='ltr'>militem,</span> <span class='ocrx_word' id='word_1_536' title='bbox 1574 1706 1620 1740; x_wconf 83' lang='lat' dir='ltr'>qui</span> <span class='ocrx_word' id='word_1_537' title='bbox 1634 1714 1682 1732; x_wconf 81' lang='lat' dir='ltr'>ve.</span> 
     </span>
     <span class='ocr_line' id='line_1_42' title="bbox 100 1739 1681 1777; baseline 0.001 -10"><span class='ocrx_word' id='word_1_538' title='bbox 100 1740 139 1767; x_wconf 83' lang='lat' dir='ltr'>fle</span> <span class='ocrx_word' id='word_1_539' title='bbox 154 1743 180 1769; x_wconf 74' lang='grc' dir='ltr'>δε</span> <span class='ocrx_word' id='word_1_540' title='bbox 194 1749 299 1768; x_wconf 87' lang='lat' dir='ltr'>annona</span> <span class='ocrx_word' id='word_1_541' title='bbox 312 1740 418 1776; x_wconf 86' lang='lat' dir='ltr'>publica</span> <span class='ocrx_word' id='word_1_542' title='bbox 430 1741 597 1776; x_wconf 80' lang='lat' dir='ltr'>pascebatur,</span> <span class='ocrx_word' id='word_1_543' title='bbox 618 1742 772 1770; x_wconf 74' lang='lat' dir='ltr'>utilitatibus</span> <span class='ocrx_word' id='word_1_544' title='bbox 785 1751 877 1769; x_wconf 85' lang='lat' dir='ltr'>vacare</span> <span class='ocrx_word' id='word_1_545' title='bbox 891 1741 1007 1777; x_wconf 86' lang='lat' dir='ltr'>privatis.</span> <span class='ocrx_word' id='word_1_546' title='bbox 1032 1740 1073 1768; x_wconf 87' lang='lat' dir='ltr'>Ad</span> <span class='ocrx_word' id='word_1_547' title='bbox 1088 1740 1212 1777; x_wconf 78' lang='lat' dir='ltr'>obsequia</span> <span class='ocrx_word' id='word_1_548' title='bbox 1225 1748 1317 1768; x_wconf 80' lang='lat' dir='ltr'>tamen</span> <span class='ocrx_word' id='word_1_549' title='bbox 1323 1739 1441 1773; x_wconf 64' lang='lat' dir='ltr'>judicum</span> <span class='ocrx_word' id='word_1_550' title='bbox 1455 1739 1496 1766; x_wconf 89' lang='lat' dir='ltr'>vel</span> <span class='ocrx_word' id='word_1_551' title='bbox 1512 1740 1681 1773; x_wconf 73' lang='lat' dir='ltr'>tribunorum,</span> 
     </span>
     <span class='ocr_line' id='line_1_43' title="bbox 101 1777 1679 1817; baseline 0.001 -11"><span class='ocrx_word' id='word_1_552' title='bbox 101 1787 208 1806; x_wconf 83' lang='lat' dir='ltr'>necnon</span> <span class='ocrx_word' id='word_1_553' title='bbox 221 1779 302 1806; x_wconf 85' lang='lat' dir='ltr'>etiam</span> <span class='ocrx_word' id='word_1_554' title='bbox 320 1778 496 1812; x_wconf 71' lang='lat' dir='ltr'>princip-ilium</span> <span class='ocrx_word' id='word_1_555' title='bbox 509 1780 701 1815; x_wconf 83' lang='lat' dir='ltr'>deputabantur</span> <span class='ocrx_word' id='word_1_556' title='bbox 716 1780 814 1808; x_wconf 79' lang='lat' dir='ltr'>milites</span> <span class='ocrx_word' id='word_1_557' title='bbox 826 1799 832 1809; x_wconf 90' lang='lat'>.</span> <span class='ocrx_word' id='word_1_558' title='bbox 855 1780 900 1817; x_wconf 91' lang='lat' dir='ltr'>qui</span> <span class='ocrx_word' id='word_1_559' title='bbox 914 1778 1078 1806; x_wconf 66' lang='lat' dir='ltr'>vocabamur</span> <span class='ocrx_word' id='word_1_560' title='bbox 1091 1777 1184 1814; x_wconf 69' lang='lat' dir='ltr'>accenfi</span> <span class='ocrx_word' id='word_1_561' title='bbox 1196 1798 1203 1808; x_wconf 92' lang='lat'><em>,</em></span> <span class='ocrx_word' id='word_1_562' title='bbox 1223 1778 1276 1805; x_wconf 86' lang='lat' dir='ltr'>hoc</span> <span class='ocrx_word' id='word_1_563' title='bbox 1290 1777 1325 1804; x_wconf 86' lang='lat' dir='ltr'>est</span> <span class='ocrx_word' id='word_1_564' title='bbox 1339 1797 1346 1808; x_wconf 92' lang='lat'>‚</span> <span class='ocrx_word' id='word_1_565' title='bbox 1372 1777 1461 1813; x_wconf 79' lang='lat' dir='ltr'>postea</span> <span class='ocrx_word' id='word_1_566' title='bbox 1475 1778 1556 1806; x_wconf 88' lang='lat' dir='ltr'>additi</span> <span class='ocrx_word' id='word_1_567' title='bbox 1567 1799 1578 1814; x_wconf 64' lang='lat'>2</span> <span class='ocrx_word' id='word_1_568' title='bbox 1597 1786 1679 1817; x_wconf 82' lang='lat' dir='ltr'>quam</span> 
     </span>
     <span class='ocr_line' id='line_1_44' title="bbox 100 1815 964 1853; baseline 0.002 -9"><span class='ocrx_word' id='word_1_569' title='bbox 100 1815 188 1845; x_wconf 74' lang='lat' dir='ltr'>fuisset</span> <span class='ocrx_word' id='word_1_570' title='bbox 201 1816 273 1853; x_wconf 80' lang='lat' dir='ltr'>legio</span> <span class='ocrx_word' id='word_1_571' title='bbox 288 1816 424 1853; x_wconf 80' lang='lat' dir='ltr'>completa</span> <span class='ocrx_word' id='word_1_572' title='bbox 433 1836 439 1847; x_wconf 86' lang='lat'>,</span> <span class='ocrx_word' id='word_1_573' title='bbox 459 1826 525 1853; x_wconf 87' lang='lat' dir='ltr'>quos</span> <span class='ocrx_word' id='word_1_574' title='bbox 539 1817 844 1852; x_wconf 27' lang='lat' dir='ltr'>nuncblicpernumerarms</span> <span class='ocrx_word' id='word_1_575' title='bbox 857 1826 964 1846; x_wconf 76' lang='lat' dir='ltr'>vocant.</span> 
     </span>
    </p>

    <p class='ocr_par' dir='ltr' id='par_1_10' title="bbox 97 1853 1683 1930">
     <span class='ocr_line' id='line_1_45' title="bbox 138 1853 1683 1894; baseline 0.003 -13"><span class='ocrx_word' id='word_1_576' title='bbox 138 1854 376 1889; x_wconf 68' lang='lat' dir='ltr'>Commentarienses</span> <span class='ocrx_word' id='word_1_577' title='bbox 394 1853 421 1882; x_wconf 89' lang='lat' dir='ltr'>in</span> <span class='ocrx_word' id='word_1_578' title='bbox 437 1855 524 1882; x_wconf 83' lang='lat' dir='ltr'>castris</span> <span class='ocrx_word' id='word_1_579' title='bbox 537 1854 654 1893; x_wconf 71' lang='lat' dir='ltr'>Sigonius</span> <span class='ocrx_word' id='word_1_580' title='bbox 668 1863 743 1892; x_wconf 82' lang='lat' dir='ltr'>putat</span> <span class='ocrx_word' id='word_1_581' title='bbox 757 1855 830 1883; x_wconf 70' lang='lat' dir='ltr'>fuisse</span> <span class='ocrx_word' id='word_1_582' title='bbox 844 1866 892 1883; x_wconf 87' lang='lat' dir='ltr'>eos</span> <span class='ocrx_word' id='word_1_583' title='bbox 906 1877 913 1887; x_wconf 90' lang='lat'>,</span> <span class='ocrx_word' id='word_1_584' title='bbox 941 1855 984 1892; x_wconf 85' lang='lat' dir='ltr'>qui</span> <span class='ocrx_word' id='word_1_585' title='bbox 1001 1853 1127 1891; x_wconf 90' lang='lat' dir='ltr'>obsequia</span> <span class='ocrx_word' id='word_1_586' title='bbox 1144 1853 1263 1882; x_wconf 68' lang='lat' dir='ltr'>miiitum</span> <span class='ocrx_word' id='word_1_587' title='bbox 1279 1873 1286 1885; x_wconf 90' lang='lat'>‚</span> <span class='ocrx_word' id='word_1_588' title='bbox 1318 1853 1438 1881; x_wconf 79' lang='lat' dir='ltr'>excubias</span> <span class='ocrx_word' id='word_1_589' title='bbox 1454 1855 1683 1894; x_wconf 68' lang='lat' dir='ltr'>commeatusque</span> 
     </span>
     <span class='ocr_line' id='line_1_46' title="bbox 97 1892 1099 1930; baseline -0.001 -11"><span class='ocrx_word' id='word_1_590' title='bbox 97 1892 301 1930; x_wconf 82' lang='lat' dir='ltr'>perscriberent.</span> <span class='ocrx_word' id='word_1_591' title='bbox 322 1894 395 1920; x_wconf 78' lang='lat' dir='ltr'>Nam</span> <span class='ocrx_word' id='word_1_592' title='bbox 411 1893 490 1920; x_wconf 70' lang='lat' dir='ltr'>talc-m</span> <span class='ocrx_word' id='word_1_593' title='bbox 506 1894 533 1920; x_wconf 89' lang='lat' dir='ltr'>in</span> <span class='ocrx_word' id='word_1_594' title='bbox 547 1895 665 1922; x_wconf 72' lang='lat' dir='ltr'>exercitu</span> <span class='ocrx_word' id='word_1_595' title='bbox 678 1893 753 1921; x_wconf 75' lang='lat' dir='ltr'>fuisse</span> <span class='ocrx_word' id='word_1_596' title='bbox 767 1904 859 1922; x_wconf 72' lang='lat' dir='ltr'>cutam</span> <span class='ocrx_word' id='word_1_597' title='bbox 873 1893 960 1922; x_wconf 86' lang='lat' dir='ltr'>scribit</span> <span class='ocrx_word' id='word_1_598' title='bbox 975 1892 1099 1929; x_wconf 71' lang='lat' dir='ltr'>Vegetim.</span> 
     </span>
    </p>

    <p class='ocr_par' dir='ltr' id='par_1_11' title="bbox 91 1929 1678 2083">
     <span class='ocr_line' id='line_1_47' title="bbox 139 1929 1675 1968; baseline 0.003 -12"><span class='ocrx_word' id='word_1_599' title='bbox 139 1929 324 1957; x_wconf 69' lang='lat' dir='ltr'>Cornicularios</span> <span class='ocrx_word' id='word_1_600' title='bbox 342 1932 415 1958; x_wconf 90' lang='lat' dir='ltr'>idem</span> <span class='ocrx_word' id='word_1_601' title='bbox 427 1930 544 1968; x_wconf 74' lang='lat' dir='ltr'>Sigonius</span> <span class='ocrx_word' id='word_1_602' title='bbox 558 1932 684 1967; x_wconf 77' lang='lat' dir='ltr'>opinatur</span> <span class='ocrx_word' id='word_1_603' title='bbox 698 1932 773 1959; x_wconf 76' lang='lat' dir='ltr'>fuiffe</span> <span class='ocrx_word' id='word_1_604' title='bbox 787 1933 958 1960; x_wconf 81' lang='lat' dir='ltr'>tribunorum</span> <span class='ocrx_word' id='word_1_605' title='bbox 973 1931 1131 1958; x_wconf 71' lang='lat' dir='ltr'>militarium</span> <span class='ocrx_word' id='word_1_606' title='bbox 1146 1930 1284 1957; x_wconf 77' lang='lat' dir='ltr'>ministros</span> <span class='ocrx_word' id='word_1_607' title='bbox 1296 1950 1303 1961; x_wconf 85' lang='lat'>‚</span> <span class='ocrx_word' id='word_1_608' title='bbox 1329 1930 1376 1966; x_wconf 83' lang='lat' dir='ltr'>qui</span> <span class='ocrx_word' id='word_1_609' title='bbox 1392 1929 1492 1966; x_wconf 82' lang='lat' dir='ltr'>vigilias</span> <span class='ocrx_word' id='word_1_610' title='bbox 1507 1931 1675 1961; x_wconf 88' lang='lat' dir='ltr'>tribunorum</span> 
     </span>
     <span class='ocr_line' id='line_1_48' title="bbox 96 1966 1677 2005; baseline 0.001 -9"><span class='ocrx_word' id='word_1_611' title='bbox 96 1968 160 1997; x_wconf 84' lang='lat' dir='ltr'>loco</span> <span class='ocrx_word' id='word_1_612' title='bbox 175 1969 366 2001; x_wconf 52' lang='lat' dir='ltr'>circumirent&gt;</span> <span class='ocrx_word' id='word_1_613' title='bbox 382 1977 459 2005; x_wconf 85' lang='lat' dir='ltr'>atque</span> <span class='ocrx_word' id='word_1_614' title='bbox 474 1970 622 1996; x_wconf 83' lang='lat' dir='ltr'>eorundem</span> <span class='ocrx_word' id='word_1_615' title='bbox 639 1971 753 2005; x_wconf 85' lang='lat' dir='ltr'>imperia</span> <span class='ocrx_word' id='word_1_616' title='bbox 767 1970 903 1997; x_wconf 87' lang='lat' dir='ltr'>corniculo</span> <span class='ocrx_word' id='word_1_617' title='bbox 916 1969 1035 1996; x_wconf 85' lang='lat' dir='ltr'>ederent.</span> <span class='ocrx_word' id='word_1_618' title='bbox 1060 1968 1139 1995; x_wconf 92' lang='lat' dir='ltr'>Unde</span> <span class='ocrx_word' id='word_1_619' title='bbox 1152 1966 1310 1994; x_wconf 77' lang='lat' dir='ltr'>cornicularii</span> <span class='ocrx_word' id='word_1_620' title='bbox 1323 1967 1372 2003; x_wconf 79' lang='lat' dir='ltr'>ipsi</span> <span class='ocrx_word' id='word_1_621' title='bbox 1387 1977 1492 1996; x_wconf 85' lang='lat' dir='ltr'>merere</span> <span class='ocrx_word' id='word_1_622' title='bbox 1504 1970 1622 1998; x_wconf 79' lang='lat' dir='ltr'>cormculo</span> <span class='ocrx_word' id='word_1_623' title='bbox 1635 1973 1677 2000; x_wconf 68' lang='lat' dir='ltr'>di.</span> 
     </span>
     <span class='ocr_line' id='line_1_49' title="bbox 98 2004 1678 2048; baseline 0.001 -13"><span class='ocrx_word' id='word_1_624' title='bbox 98 2007 136 2035; x_wconf 66' lang='lat' dir='ltr'>&amp;i</span> <span class='ocrx_word' id='word_1_625' title='bbox 149 2006 208 2034; x_wconf 84' lang='lat' dir='ltr'>sunt</span> <span class='ocrx_word' id='word_1_626' title='bbox 221 2007 234 2034; x_wconf 69' lang='lat' dir='ltr'>a</span> <span class='ocrx_word' id='word_1_627' title='bbox 248 2006 363 2033; x_wconf 71' lang='lat' dir='ltr'>Suetonio</span> <span class='ocrx_word' id='word_1_628' title='bbox 378 2008 404 2034; x_wconf 91' lang='lat' dir='ltr'>in</span> <span class='ocrx_word' id='word_1_629' title='bbox 418 2007 487 2034; x_wconf 87' lang='lat' dir='ltr'>libro</span> <span class='ocrx_word' id='word_1_630' title='bbox 501 2007 534 2034; x_wconf 83' lang='lat' dir='ltr'>de</span> <span class='ocrx_word' id='word_1_631' title='bbox 546 2006 621 2034; x_wconf 87' lang='lat' dir='ltr'>claris</span> <span class='ocrx_word' id='word_1_632' title='bbox 633 2009 837 2035; x_wconf 82' lang='lat' dir='ltr'>Grammaticis.</span> <span class='ocrx_word' id='word_1_633' title='bbox 864 2008 903 2034; x_wconf 82' lang='lat' dir='ltr'>Ex</span> <span class='ocrx_word' id='word_1_634' title='bbox 920 2007 1045 2033; x_wconf 62' lang='lat' dir='ltr'>ministris</span> <span class='ocrx_word' id='word_1_635' title='bbox 1059 2013 1149 2032; x_wconf 85' lang='lat' dir='ltr'>autem</span> <span class='ocrx_word' id='word_1_636' title='bbox 1167 2005 1353 2033; x_wconf 81' lang='lat' dir='ltr'>humilioribus</span> <span class='ocrx_word' id='word_1_637' title='bbox 1369 2004 1443 2033; x_wconf 85' lang='lat' dir='ltr'>fuere</span> <span class='ocrx_word' id='word_1_638' title='bbox 1450 2006 1548 2044; x_wconf 67' lang='lat' dir='ltr'>Jirxbae,</span> <span class='ocrx_word' id='word_1_639' title='bbox 1567 2007 1678 2048; x_wconf 49' lang='grc' dir='ltr'>ηειεηβ)</span> 
     </span>
     <span class='ocr_line' id='line_1_50' title="bbox 91 2042 1659 2083; baseline 0 -11"><span class='ocrx_word' id='word_1_640' title='bbox 91 2053 208 2082; x_wconf 54' lang='lat' dir='ltr'>tracones</span> <span class='ocrx_word' id='word_1_641' title='bbox 217 2066 224 2078; x_wconf 92' lang='lat'>,</span> <span class='ocrx_word' id='word_1_642' title='bbox 244 2046 277 2073; x_wconf 84' lang='lat' dir='ltr'>de</span> <span class='ocrx_word' id='word_1_643' title='bbox 288 2045 381 2082; x_wconf 85' lang='lat' dir='ltr'>quibus</span> <span class='ocrx_word' id='word_1_644' title='bbox 395 2045 495 2081; x_wconf 73' lang='lat' dir='ltr'>prolixe</span> <span class='ocrx_word' id='word_1_645' title='bbox 510 2046 615 2083; x_wconf 84' lang='lat' dir='ltr'>egimus</span> <span class='ocrx_word' id='word_1_646' title='bbox 628 2045 697 2073; x_wconf 86' lang='lat' dir='ltr'>libro</span> <span class='ocrx_word' id='word_1_647' title='bbox 711 2045 807 2073; x_wconf 87' lang='lat' dir='ltr'>harum</span> <span class='ocrx_word' id='word_1_648' title='bbox 822 2045 1022 2082; x_wconf 82' lang='lat' dir='ltr'>Antiquitatum</span> <span class='ocrx_word' id='word_1_649' title='bbox 1037 2043 1125 2076; x_wconf 74' lang='lat' dir='ltr'>sexte,</span> <span class='ocrx_word' id='word_1_650' title='bbox 1145 2044 1191 2080; x_wconf 85' lang='lat' dir='ltr'>qui</span> <span class='ocrx_word' id='word_1_651' title='bbox 1203 2044 1239 2071; x_wconf 86' lang='lat' dir='ltr'>est</span> <span class='ocrx_word' id='word_1_652' title='bbox 1252 2045 1286 2071; x_wconf 89' lang='lat' dir='ltr'>de</span> <span class='ocrx_word' id='word_1_653' title='bbox 1297 2042 1494 2081; x_wconf 65' lang='lat' dir='ltr'>mgistraabm.</span> <span class='ocrx_word' id='word_1_654' title='bbox 1645 2067 1659 2081; x_wconf 68' lang='lat'><em>,</em></span> 
     </span>
    </p>
   </div>
   <div class='ocr_carea' id='block_1_5' title="bbox 360 2121 1405 2235">
    <p class='ocr_par' dir='ltr' id='par_1_12' title="bbox 360 2121 1405 2235">
     <span class='ocr_line' id='line_1_51' title="bbox 781 2121 1004 2150; baseline -0.013 0"><span class='ocrx_word' id='word_1_655' title='bbox 781 2123 805 2150; x_wconf 92' lang='lat' dir='ltr'>C</span> <span class='ocrx_word' id='word_1_656' title='bbox 832 2133 852 2150; x_wconf 69' lang='grc' dir='ltr'>Α</span> <span class='ocrx_word' id='word_1_657' title='bbox 876 2131 901 2149; x_wconf 68' lang='grc' dir='ltr'>ι’.</span> <span class='ocrx_word' id='word_1_658' title='bbox 946 2121 1004 2148; x_wconf 83' lang='grc' dir='ltr'>ΙΧ.</span> 
     </span>
     <span class='ocr_line' id='line_1_52' title="bbox 360 2185 1405 2235; baseline 0.001 -15"><span class='ocrx_word' id='word_1_659' title='bbox 360 2188 413 2221; x_wconf 76' lang='lat' dir='ltr'>De</span> <span class='ocrx_word' id='word_1_660' title='bbox 429 2189 535 2222; x_wconf 31' lang='lat' dir='ltr'>variis.</span> <span class='ocrx_word' id='word_1_661' title='bbox 547 2189 682 2222; x_wconf 70' lang='lat' dir='ltr'>militum</span> <span class='ocrx_word' id='word_1_662' title='bbox 701 2186 855 2221; x_wconf 77' lang='lat' dir='ltr'>ordinibus</span> <span class='ocrx_word' id='word_1_663' title='bbox 871 2213 880 2229; x_wconf 87' lang='lat'>‚</span> <span class='ocrx_word' id='word_1_664' title='bbox 901 2185 1083 2235; x_wconf 75' lang='lat' dir='ltr'>generibus,</span> <span class='ocrx_word' id='word_1_665' title='bbox 1108 2192 1155 2220; x_wconf 55' lang='grc' dir='ltr'>(ἐπ’</span> <span class='ocrx_word' id='word_1_666' title='bbox 1170 2185 1405 2233; x_wconf 72' lang='lat' dir='ltr'>diftriminibus.</span> 
     </span>
    </p>
   </div>
   <div class='ocr_carea' id='block_1_6' title="bbox 92 2266 1673 2459">
    <p class='ocr_par' dir='ltr' id='par_1_13' title="bbox 92 2266 1673 2419">
     <span class='ocr_line' id='line_1_53' title="bbox 95 2266 1673 2329; baseline 0.001 -34"><span class='ocrx_word' id='word_1_667' title='bbox 95 2267 280 2329; x_wconf 67' lang='lat' dir='ltr'>Hathnus</span> <span class='ocrx_word' id='word_1_668' title='bbox 293 2267 326 2294; x_wconf 76' lang='lat' dir='ltr'>de</span> <span class='ocrx_word' id='word_1_669' title='bbox 338 2267 367 2294; x_wconf 81' lang='lat' dir='ltr'>iis</span> <span class='ocrx_word' id='word_1_670' title='bbox 381 2267 497 2295; x_wconf 85' lang='lat' dir='ltr'>diximus</span> <span class='ocrx_word' id='word_1_671' title='bbox 509 2269 556 2304; x_wconf 68' lang='lat' dir='ltr'>qui</span> <span class='ocrx_word' id='word_1_672' title='bbox 570 2269 671 2297; x_wconf 86' lang='lat' dir='ltr'>militiae</span> <span class='ocrx_word' id='word_1_673' title='bbox 684 2267 860 2305; x_wconf 78' lang='lat' dir='ltr'>praefuerunt,</span> <span class='ocrx_word' id='word_1_674' title='bbox 881 2266 997 2304; x_wconf 87' lang='lat' dir='ltr'>sequitur</span> <span class='ocrx_word' id='word_1_675' title='bbox 1013 2274 1042 2294; x_wconf 89' lang='lat' dir='ltr'>ut</span> <span class='ocrx_word' id='word_1_676' title='bbox 1057 2266 1176 2303; x_wconf 82' lang='lat' dir='ltr'>ipsorum</span> <span class='ocrx_word' id='word_1_677' title='bbox 1191 2267 1271 2299; x_wconf 81' lang='lat' dir='ltr'>etiam</span> <span class='ocrx_word' id='word_1_678' title='bbox 1288 2266 1406 2294; x_wconf 80' lang='lat' dir='ltr'>militum</span> <span class='ocrx_word' id='word_1_679' title='bbox 1423 2267 1529 2295; x_wconf 89' lang='lat' dir='ltr'>ordines</span> <span class='ocrx_word' id='word_1_680' title='bbox 1541 2271 1567 2297; x_wconf 47' lang='grc' dir='ltr'>δή</span> <span class='ocrx_word' id='word_1_681' title='bbox 1582 2269 1673 2297; x_wconf 70' lang='lat' dir='ltr'>discri-</span> 
     </span>
     <span class='ocr_line' id='line_1_54' title="bbox 192 2305 1673 2343; baseline 0.002 -10"><span class='ocrx_word' id='word_1_682' title='bbox 192 2307 266 2334; x_wconf 78' lang='lat' dir='ltr'>mina</span> <span class='ocrx_word' id='word_1_683' title='bbox 280 2306 486 2334; x_wconf 75' lang='lat' dir='ltr'>consideremus.</span> <span class='ocrx_word' id='word_1_684' title='bbox 516 2306 628 2343; x_wconf 69' lang='lat' dir='ltr'>Polybim</span> <span class='ocrx_word' id='word_1_685' title='bbox 641 2307 709 2334; x_wconf 89' lang='lat' dir='ltr'>libro</span> <span class='ocrx_word' id='word_1_686' title='bbox 725 2310 751 2334; x_wconf 82' lang='lat'>6.</span> <span class='ocrx_word' id='word_1_687' title='bbox 770 2314 883 2343; x_wconf 81' lang='lat' dir='ltr'>quatuor</span> <span class='ocrx_word' id='word_1_688' title='bbox 899 2306 960 2333; x_wconf 75' lang='lat' dir='ltr'>facit</span> <span class='ocrx_word' id='word_1_689' title='bbox 977 2305 1094 2332; x_wconf 87' lang='lat' dir='ltr'>militum</span> <span class='ocrx_word' id='word_1_690' title='bbox 1110 2306 1217 2332; x_wconf 82' lang='lat' dir='ltr'>ordines</span> <span class='ocrx_word' id='word_1_691' title='bbox 1232 2308 1258 2333; x_wconf 60' lang='grc' dir='ltr'>ἃ</span> <span class='ocrx_word' id='word_1_692' title='bbox 1275 2305 1441 2336; x_wconf 66' lang='lat' dir='ltr'>dircrimina,</span> <span class='ocrx_word' id='word_1_693' title='bbox 1456 2306 1554 2339; x_wconf 67' lang='lat' dir='ltr'>prlanos</span> <span class='ocrx_word' id='word_1_694' title='bbox 1571 2306 1673 2336; x_wconf 70' lang='lat' dir='ltr'>scilicet</span> 
     </span>
     <span class='ocr_line' id='line_1_55' title="bbox 94 2343 1673 2382; baseline 0 -12"><span class='ocrx_word' id='word_1_695' title='bbox 94 2344 215 2382; x_wconf 74' lang='lat' dir='ltr'>hastatos,</span> <span class='ocrx_word' id='word_1_696' title='bbox 230 2344 361 2378; x_wconf 72' lang='lat' dir='ltr'>principes,</span> <span class='ocrx_word' id='word_1_697' title='bbox 384 2343 424 2376; x_wconf 57' lang='grc' dir='ltr'>ζῇ</span> <span class='ocrx_word' id='word_1_698' title='bbox 438 2343 551 2376; x_wconf 75' lang='lat' dir='ltr'>trmrios,</span> <span class='ocrx_word' id='word_1_699' title='bbox 576 2354 641 2382; x_wconf 87' lang='lat' dir='ltr'>quos</span> <span class='ocrx_word' id='word_1_700' title='bbox 655 2347 735 2372; x_wconf 85' lang='lat' dir='ltr'>etiam</span> <span class='ocrx_word' id='word_1_701' title='bbox 751 2344 836 2370; x_wconf 69' lang='lat' dir='ltr'>reliter</span> <span class='ocrx_word' id='word_1_702' title='bbox 847 2343 973 2380; x_wconf 80' lang='lat' dir='ltr'>appellat,</span> <span class='ocrx_word' id='word_1_703' title='bbox 995 2343 1059 2371; x_wconf 73' lang='lat' dir='ltr'>dicit</span> <span class='ocrx_word' id='word_1_704' title='bbox 1073 2344 1133 2379; x_wconf 78' lang='lat' dir='ltr'>eligi</span> <span class='ocrx_word' id='word_1_705' title='bbox 1148 2352 1194 2370; x_wconf 86' lang='lat' dir='ltr'>eos</span> <span class='ocrx_word' id='word_1_706' title='bbox 1206 2364 1212 2372; x_wconf 83' lang='lat'>,</span> <span class='ocrx_word' id='word_1_707' title='bbox 1232 2345 1278 2380; x_wconf 89' lang='lat' dir='ltr'>qui</span> <span class='ocrx_word' id='word_1_708' title='bbox 1293 2344 1401 2371; x_wconf 85' lang='lat' dir='ltr'>minimi</span> <span class='ocrx_word' id='word_1_709' title='bbox 1415 2353 1490 2371; x_wconf 75' lang='lat' dir='ltr'>aetate</span> <span class='ocrx_word' id='word_1_710' title='bbox 1505 2345 1673 2381; x_wconf 56' lang='lat' dir='ltr'>fortunaeque</span> 
     </span>
     <span class='ocr_line' id='line_1_56' title="bbox 92 2381 1671 2419; baseline -0.001 -7"><span class='ocrx_word' id='word_1_711' title='bbox 92 2384 221 2412; x_wconf 70' lang='lat' dir='ltr'>tenuioris</span> <span class='ocrx_word' id='word_1_712' title='bbox 234 2383 292 2411; x_wconf 82' lang='lat' dir='ltr'>lint.</span> <span class='ocrx_word' id='word_1_713' title='bbox 311 2381 399 2410; x_wconf 78' lang='lat' dir='ltr'>Velites</span> <span class='ocrx_word' id='word_1_714' title='bbox 412 2381 497 2419; x_wconf 74' lang='lat' dir='ltr'>Festus</span> <span class='ocrx_word' id='word_1_715' title='bbox 510 2383 546 2410; x_wconf 85' lang='lat' dir='ltr'>ait</span> <span class='ocrx_word' id='word_1_716' title='bbox 559 2383 633 2412; x_wconf 81' lang='lat' dir='ltr'>fuisse</span> <span class='ocrx_word' id='word_1_717' title='bbox 647 2383 746 2413; x_wconf 70' lang='lat' dir='ltr'>milites</span> <span class='ocrx_word' id='word_1_718' title='bbox 760 2383 911 2419; x_wconf 71' lang='lat' dir='ltr'>expeditos,</span> <span class='ocrx_word' id='word_1_719' title='bbox 923 2382 958 2409; x_wconf 87' lang='lat' dir='ltr'>sic</span> <span class='ocrx_word' id='word_1_720' title='bbox 966 2381 1065 2412; x_wconf 53' lang='lat' dir='ltr'>dictos,</span> <span class='ocrx_word' id='word_1_721' title='bbox 1080 2381 1151 2419; x_wconf 87' lang='lat' dir='ltr'>quali</span> <span class='ocrx_word' id='word_1_722' title='bbox 1164 2381 1290 2414; x_wconf 56' lang='lat' dir='ltr'>volantes,</span> <span class='ocrx_word' id='word_1_723' title='bbox 1299 2382 1332 2410; x_wconf 86' lang='lat' dir='ltr'>de</span> <span class='ocrx_word' id='word_1_724' title='bbox 1342 2391 1457 2419; x_wconf 72' lang='lat' dir='ltr'>quorum</span> <span class='ocrx_word' id='word_1_725' title='bbox 1469 2382 1671 2411; x_wconf 72' lang='lat' dir='ltr'>institutionem</span> 
     </span>
    </p>

    <p class='ocr_par' dir='ltr' id='par_1_14' title="bbox 943 2421 1670 2459">
     <span class='ocr_line' id='line_1_57' title="bbox 943 2421 1670 2459; baseline 0.003 -11"><span class='ocrx_word' id='word_1_726' title='bbox 943 2422 967 2448; x_wconf 87' lang='lat' dir='ltr'>Y</span> <span class='ocrx_word' id='word_1_727' title='bbox 983 2429 1024 2458; x_wconf 67' lang='lat' dir='ltr'>ysy</span> <span class='ocrx_word' id='word_1_728' title='bbox 1035 2429 1051 2459; x_wconf 60' lang='grc' dir='ltr'><strong><em>χ</em></strong></span> <span class='ocrx_word' id='word_1_729' title='bbox 1073 2431 1086 2458; x_wconf 82' lang='lat'>3</span> <span class='ocrx_word' id='word_1_730' title='bbox 1594 2421 1670 2450; x_wconf 71' lang='lat' dir='ltr'>hine</span> 
     </span>
    </p>
   </div>
  </div>
 </body>
</html>
