2075 2734
462 89 841 135 PITISCI
895 87 1422 130 PRAEFATIO.

152 163 314 205 modum
322 161 432 216 justae
445 173 583 216 pugnae
594 170 818 198 concurrere
829 155 973 205 scribit
984 156 1238 212 ‘Dempsterus
1253 171 1358 198 x.10.
1373 158 1445 213 legi
1457 161 1559 212 apud
1568 160 1729 204 Livium

154 220 181 260 l.
199 232 232 273 3.
248 217 325 259 dec.
340 232 379 271 9.
397 217 562 269 Legitur
572 212 676 265 apud
683 214 792 252 illum
803 211 881 252 dec.
898 224 931 265 3.
945 211 1012 251 lib.
1026 212 1063 252 6.
1086 210 1313 251 Summiffos
1325 212 1426 252 enses
1438 218 1701 270 nequicquam
1714 248 1726 267 ‚

152 285 380 326 amentaque
391 268 535 309 dextris
550 268 659 307 Laxa
669 278 800 307 tenens
809 266 1025 320 Juvenalis
1036 270 1103 318 effe
1113 280 1264 306 carmen
1276 268 1300 305 l.
1309 282 1323 307 1
1335 282 1353 307 2
1364 298 1371 305 .
1381 282 1575 322 num441.
1582 273 1727 321 scribit

154 329 408 381 Dempsterus
421 337 444 362 x
453 339 525 375 .29.
535 323 600 375 Est
610 323 734 363 Statii
744 335 896 361 carmen
907 321 1044 362 Thebi.
1054 337 1069 361 1
1081 336 1097 361 2
1108 336 1151 362 .n.
1163 334 1183 374 7
1193 336 1209 361 2
1222 334 1238 374 3
1249 321 1300 360 ‚N
1308 323 1485 363 ominatae
1493 325 1730 369 Consulibus

155 381 367 436 provinciae
380 377 463 417 sunt
476 405 487 424 ,
508 377 640 416 Sicilia
660 376 840 430 Scipioni
860 387 965 414 extra
987 375 1136 415 sortem.
1153 408 1159 415 .
1176 408 1200 417 ..
1231 377 1337 430 apud
1345 377 1508 418 Livium
1529 380 1593 420 lib.
1605 396 1628 420 v
1638 396 1653 421 1
1668 397 1681 421 1
1695 399 1725 423 1.

155 438 229 492 legi
233 433 379 485 scribit
391 434 598 472 Manutius
609 432 654 471 de
665 430 833 484 Legibus
846 439 925 483 cap.
936 444 970 470 2.
1000 430 1167 485 Legitur
1177 432 1281 482 apud
1287 432 1396 471 illum
1415 435 1463 472 l.2
1475 434 1507 474 8.
1519 448 1547 474 c.
1567 438 1629 488 38.
1663 438 1725 477 Ut

154 492 258 531 Deos
270 488 380 538 fruge
392 487 559 527 colerent
569 518 584 533 ,
606 490 644 526 &
656 487 757 524 mola
769 483 854 524 salsa
867 485 1020 524 litarent
1032 513 1043 532 ,
1064 486 1168 539 apud
1176 486 1350 526 Plinium
1374 488 1396 525 l.
1408 501 1432 526 v
1441 501 1456 526 1
1471 502 1484 526 1
1500 502 1530 527 1.
1544 504 1573 530 c.
1588 505 1622 530 2.
1651 493 1726 547 legi

144 544 293 597 scribit
306 532 515 585 M‘anutius
530 543 580 581 l.l.
598 541 763 595 Legitur
773 539 882 594 apud
891 542 998 579 illum
1008 541 1032 579 l.
1042 555 1057 580 1
1069 542 1178 581 8.c.2.
1190 540 1318 580 Patres
1331 541 1453 595 legem
1465 543 1645 584 Cinciam
1659 546 1725 586 fla-

154 599 278 638 citant
291 626 302 645 ‚
329 598 433 652 apud
449 596 628 636 Tacitum
647 596 788 635 Aunal.
811 594 873 634 lib.
887 608 953 634 xri
965 610 990 633 1.
1014 596 1087 649 legi
1099 594 1244 644 scribit
1266 596 1476 636 Manutius
1497 599 1543 638 de
1556 600 1725 654 Legibus

153 631 233 707 tgap.
252 667 267 692 1
279 665 313 705 7.
347 653 513 705 Legitur
523 651 628 703 apud
635 651 744 689 illum
765 651 791 690 l.
809 665 824 690 1
835 665 866 690 1.
877 663 906 690 c.
919 662 938 701 5
951 681 955 687 .
968 651 1043 702 §.3
1065 649 1136 690 ‘De
1148 650 1335 690 Palilibus
1348 652 1525 702 scribere
1537 656 1724 697 Ovidium

154 709 255 761 Fast.
273 723 289 747 1
300 723 332 759 5.
344 706 490 757 scribit
502 706 711 746 IlIanutius
724 704 770 744 de
778 704 928 745 dierum
939 706 1088 744 ratione
1094 714 1185 759 pag.
1201 719 1223 758 9
1231 718 1294 746 00.
1317 705 1466 747 Scribit
1475 708 1520 748 de
1529 709 1613 749 illis
1625 711 1727 765 Fast.

156 780 192 816 4.
205 777 238 802 n.
255 776 302 812 72
313 776 344 801 1.
367 761 445 801 His
458 760 498 802 ὅ
508 759 701 811 ſjmilibus
706 759 894 812 pudendis
904 760 1102 800 erroribus
1113 769 1195 799 tum
1214 762 1412 812 imperitia
1422 763 1705 815 typothetarum
1714 796 1727 815 ,

153 819 220 872 qui
230 816 394 856 homines
403 816 490 865 fiint
502 813 783 865 illiteratiffimi
794 842 806 860 ‚
836 823 918 854 tum
927 813 1079 865 inscitia
1088 813 1368 854 emendatorum
1380 843 1392 862 ‚
1414 817 1725 873 quistepiussunt

153 872 316 912 homines
327 870 506 911 bonarum
516 871 662 910 artium
672 868 1217 924 irfiequeiitiffimistperasque
1226 872 1317 923 quia
1318 879 1395 923 pro
1399 881 1504 926 pane
1516 874 1727 922 locant‚mi-

153 930 249 967 nimo
268 927 391 965 locant
402 954 414 973 ,
431 926 604 979 gratiam
613 934 721 965 tuam
731 925 922 978 negligunt
932 952 945 971 ,
975 923 1015 966 {5
1026 952 1038 971 ‚
1065 934 1110 964 ut
1120 938 1230 964 canes
1230 925 1430 978 fugientes
1441 926 1574 968 bibunt
1587 931 1607 969 e
1619 931 1727 981 Nilo,

154 981 276 1022 omnia
277 981 546 1034 perfunctorie
560 979 599 1021 65
600 980 834 1033 festinanter
834 989 1079 1033 percurrunt
1089 1007 1102 1026 ,
1133 979 1173 1021 &³
1185 979 1322 1019 exinde
1331 994 1486 1022 errores
1503 983 1543 1023 in
1554 984 1727 1031 editioni-

154 1037 225 1077 bus
227 1036 433 1089 prioribus
444 1036 642 1086 commiffos
651 1048 719 1078 non
729 1035 883 1081 tollunt,
894 1035 964 1084 sed
969 1035 1009 1074 in
1007 1035 1282 1088 posterioribus
1294 1036 1555 1091 multoplures
1564 1040 1726 1091 addunt,

152 1092 290 1146 quibus
301 1090 423 1130 libros
435 1090 678 1142 recensendos
687 1089 849 1130 tradunt
861 1089 1067 1143 bibliopola
1077 1090 1194 1130 nimis
1206 1089 1259 1130 ad
1267 1103 1348 1129 rem
1358 1094 1504 1133 attenti
1512 1121 1534 1148 ‚K
1552 1096 1728 1149 quisatis

153 1145 293 1187 habent
304 1147 428 1185 minus
437 1153 618 1186 accurate
629 1144 752 1184 editos
763 1172 774 1191 ,
805 1145 996 1185 dummodo
1006 1146 1138 1199 ingens
1149 1159 1198 1184 ex
1208 1144 1292 1184 'illis
1303 1145 1408 1201 adse
1419 1147 1551 1189 redeat
1560 1148 1726 1206 lucrum,

157 1202 196 1241 in
209 1201 328 1240 lucem
328 1201 495 1254 prodire
504 1229 516 1247 ,
531 1202 648 1240 etiam
657 1200 697 1240 in
709 1200 1051 1253 editioueprincipe
1060 1198 1273 1251 Parifienfi
1273 1201 1386 1240 multi
1393 1202 1481 1248 alii,
1487 1203 1562 1245 imo
1562 1205 1656 1255 fere
1666 1208 1724 1252 in-

155 1255 415 1295 numerabiles
425 1255 659 1304 accesserunt
672 1282 685 1303 2
703 1251 743 1296 &⁴
755 1268 802 1294 ex
814 1255 883 1294 illa
896 1255 1141 1309 inst’quentes
1153 1287 1162 1301 ,
1186 1265 1229 1296 ut
1236 1255 1332 1306 folet
1343 1286 1358 1301 ,
1370 1269 1587 1298 manarunt.
1619 1261 1724 1302 Hinc

155 1308 350 1360 noviffima
359 1310 430 1349 illa
442 1309 696 1363 Lugduneifis
708 1337 721 1355 ,
749 1311 789 1349 in
801 1323 913 1363 quam
924 1311 1084 1349 omnium
1097 1309 1301 1350 editionum
1311 1324 1468 1351 errores
1479 1340 1491 1359 ‚
1520 1322 1565 1353 ut
1584 1325 1724 1357 nautea

157 1365 196 1405 in
197 1364 406 1414 fi’ntinam,
416 1365 681 1413 confluxerunt
692 1391 703 1409 ,
714 1365 773 1403 ita
791 1365 840 1418 cst
851 1365 1052 1404 erroribus
1063 1365 1276 1416 deformata
1288 1397 1296 1411 ,
1326 1376 1370 1404 ut
1391 1378 1530 1407 omnem
1549 1372 1726 1424 amiftrit

149 1420 327 1474 gratiam
340 1446 351 1465 ‚
381 1417 422 1460 Εό
433 1420 507 1458 vix
516 1419 634 1457 ullius
644 1417 700 1467 stt
714 1421 812 1470 usus.
843 1419 912 1458 Ex
921 1420 993 1458 illa
1011 1419 1065 1458 ad
1071 1428 1238 1472 quatuor
1249 1420 1374 1460 millia
1391 1435 1567 1463 errorum
1577 1426 1725 1480 fitstuli.

157 1474 244 1515 Nec
254 1481 380 1513 tamen
393 1487 518 1513 omnes
536 1472 911 1527 mefiistulissejatio.
952 1473 1055 1530 Qiis
1066 1475 1162 1513 enim
1181 1476 1220 1514 in
1231 1476 1394 1514 aliorum
1404 1478 1523 1516 vitiis
1542 1488 1623 1519 tam
1635 1495 1723 1521 acu-

153 1538 236 1570 tum
256 1538 430 1568 cerneret
442 1556 452 1574 ‚
481 1538 524 1569 ut
542 1527 661 1574 nihil,
692 1527 962 1568 emendandum
983 1528 1084 1582 quod
1100 1529 1252 1582 quidem
1275 1529 1367 1580 es'aet
1378 1558 1390 1576 ,
1419 1531 1502 1580 ejus
1522 1535 1645 1574 oculos
1653 1537 1723 1587 fu.

149 1590 287 1638 geret?
317 1583 523 1637 Pracipue
533 1584 571 1622 in
584 1582 759 1636 operibus
775 1612 786 1630 ,
815 1585 854 1622 in
864 1583 1000 1637 quibus
1011 1585 1202 1624 innumeri
1211 1585 1344 1635 ferme
1354 1585 1572 1639 scriptores
1584 1589 1724 1632 Latini

155 1638 197 1681 ἕξ
209 1631 338 1678 Graeci
348 1639 401 1679 ad
407 1639 654 1693 testimonium
664 1640 849 1678 citantur:
881 1638 979 1677 Illos
990 1666 1002 1685 ‚
1019 1640 1251 1694 quosfitstuli
1263 1671 1274 1686 ‚
1287 1649 1330 1680 ut
1342 1643 1525 1682 commode
1533 1645 1723 1694 tollerem,

153 1693 285 1734 evolvi
295 1688 418 1733 omnes
417 1694 639 1747 scriptores
652 1693 822 1740 Graecos,
834 1707 926 1747 qnos
937 1694 1047 1744 testes
1058 1695 1194 1735 laudat
1207 1695 1462 1750 'Dempsterus
1473 1725 1485 1744 ,
1516 1697 1722 1742 &illorum

152 1749 268 1789 etiam
279 1749 470 1788 interdum
480 1749 621 1788 varias
632 1748 815 1788 editiones
827 1776 838 1794 ,
857 1749 998 1802 paucis
1008 1780 1017 1795 ,
1046 1763 1139 1802 quos
1150 1751 1188 1789 in
1201 1748 1267 1789 hoc
1276 1759 1424 1803 tempus
1435 1754 1552 1792 oculis
1552 1754 1723 1808 fitbjice-

153 1818 198 1844 re
208 1817 277 1843 non
288 1803 398 1843 licuit
411 1831 423 1850 ‚
450 1805 622 1856 exceptis
636 1818 642 1842 z
676 1803 840 1842 Latinos
851 1817 994 1857 quoque
1004 1817 1072 1843 non
1083 1818 1207 1843 omnes
1218 1826 1230 1852 5
1251 1804 1325 1853 sed
1331 1819 1424 1859 quos
1429 1816 1642 1860 perperam
1652 1811 1722 1851 ad-

151 1859 286 1898 vocari
305 1857 489 1910 Cynthius
509 1871 640 1897 aurem
657 1859 772 1897 vellit
794 1858 834 1900 [³5
853 1858 1060 1898 admonuit.
1091 1860 1267 1899 Manutii
1287 1874 1429 1914 quoque
1448 1863 1494 1901 de
1505 1863 1671 1918 Legibus
1682 1866 1725 1909 &³

152 1913 297 1954 Senatu
309 1913 428 1952 libros
445 1912 574 1953 eadem
583 1921 697 1965 opera
709 1914 862 1953 evolvi
891 1917 1040 1964 ansana
1052 1917 1162 1965 effeut
1175 1946 1189 1960 ‚
1220 1929 1302 1968 quae
1312 1916 1563 1968 afferrentur
1573 1947 1584 1965 ‚
1613 1931 1721 1961 vete-

152 1981 240 2009 rum
250 1969 457 2021 testimonia
468 1967 666 2022 inquisivi:
697 1969 820 2008 allata
832 1969 926 2008 locis
936 1997 948 2015 ‚
979 1970 1118 2023 quibus
1129 1970 1233 2023 apud
1240 1980 1398 2011 veteres
1408 1973 1587 2026 leguntur
1596 2002 1608 2021 ,
1637 1976 1720 2016 illis

151 2032 254 2062 mota
273 2024 440 2076 reposui:
472 2025 601 2076 capita
623 2055 631 2069 ,
654 2024 924 2078 paragraphos
936 2052 947 2070 ‚
976 2038 1148 2064 numeros
1170 2053 1181 2072 ‚
1210 2035 1254 2065 ut
1265 2058 1273 2070 ‚
1291 2026 1336 2078 st
1348 2027 1448 2079 ipsos
1455 2029 1591 2079 fhutes
1609 2030 1721 2072 adire

146 2078 270 2125 fitave
280 2078 352 2118 tibi
362 2079 494 2129 fuerit
505 2105 518 2124 ‚
546 2080 689 2118 minore
700 2091 782 2118 cum
792 2079 922 2119 labore
934 2080 1115 2119 invenias
1125 2108 1137 2127 ‚
1167 2080 1312 2135 adjeci:
1342 2092 1556 2123 contextum
1565 2085 1604 2124 in
1615 2089 1718 2140 capi-

155 2140 199 2171 ta
209 2134 313 2181 secui
325 2161 336 2179 ,
366 2133 406 2174 (⁵5
417 2133 580 2187 stugulis
599 2133 792 2186 capitibus
804 2162 816 2179 ‚
844 2144 888 2174 nt
902 2162 912 2181 ,
941 2134 1036 2187 quid
1046 2136 1127 2174 illis
1139 2135 1320 2175 doceatur
1330 2165 1341 2183 ,
1363 2139 1498 2191 prima
1503 2140 1640 2188 fronte
1661 2155 1718 2182 co-

149 2188 309 2240 gnoscas
321 2215 332 2233 ,
351 2188 564 2239 summaria
571 2188 744 2244 praemifi
747 2204 754 2228 :
785 2200 961 2230 veterum
971 2191 1091 2229 verba
1101 2191 1183 2244 ipsa
1197 2219 1208 2237 ,
1237 2201 1301 2238 nt,
1330 2205 1413 2246 quae
1432 2194 1586 2234 illorum
1598 2225 1609 2243 ‚
1639 2211 1721 2250 quae

155 2241 411 2293 Manutiistut
424 2272 434 2289 ‚
462 2244 687 2283 commodius
698 2244 892 2294 discernas
904 2273 916 2291 ‚
947 2244 1108 2290 curffvis
1119 2274 1131 2292 ‚
1161 2256 1203 2286 ut
1214 2256 1344 2287 amant
1367 2247 1572 2304 bibliopolas
1591 2253 1694 2307 loqui
1707 2281 1721 2301 ‚

156 2297 289 2336 literis
303 2295 462 2347 describi
465 2298 571 2352 juffi.
600 2296 718 2350 Hisce
728 2300 818 2340 vale
830 2300 879 2340 B.
892 2300 941 2342 L.
964 2300 1004 2344 ΕΞ
1016 2301 1209 2343 conatibus
1220 2303 1356 2358 nostris
1365 2305 1481 2356 fave.

1071 2372 1104 2398 ⁵}
1116 2370 1140 2396 ²*
1173 2384 1194 2409 2
1578 2377 1722 2420 Poten-
