2075 2734
483 110 510 138 D
552 119 567 138 ε

117 164 195 190 modo
205 161 336 196 equestrem
349 161 460 186 ordinem
473 161 595 185 nominat:
613 168 654 184 nec
668 159 892 185 tamensacitincon-

117 196 209 221 stanter.
227 195 331 227 plebeios
349 195 414 218 enim
434 194 543 217 homines
563 192 689 224 utrobique
707 192 815 224 fignificat
831 211 836 217 ,
856 193 892 217 sed

118 236 178 255 eos,
205 228 246 258 qui
267 227 398 259 equestrem
420 225 530 249 ordinem
554 223 630 255 adepti
643 241 649 251 ,
681 225 779 256 reliquis
797 225 894 256 plebeiis

118 266 209 283 tantum
218 259 331 290 dignitate
337 258 465 290 prxstarent
473 275 478 282 ,
488 263 602 288 quantum
610 256 708 288 reliquis
716 257 817 288 patriciis
825 258 893 289 parri-

116 292 150 316 cii
164 291 286 315 senatores.
303 291 370 323 quod
382 289 398 313 fi
411 297 455 320 qua
469 295 572 311 remanet
585 287 701 312 dubitatio
710 305 716 315 ,
729 289 822 320 tollitur
834 290 891 312 Dio-

118 323 178 354 nytii
198 319 350 349 testimonio,
368 322 409 353 qui
428 320 457 344 de
477 318 554 342 senatu
569 319 631 350 plebi
644 320 698 343 dato
712 319 763 344 satis
780 321 846 352 plane
858 321 893 344 lo-

117 357 198 386 quirur
217 354 259 378 lib.
280 357 305 378 V.
327 352 400 386 potest
419 352 483 378 fieri,
498 359 523 375 ur
541 359 569 374 ex
589 351 707 382 adscriptis
719 355 819 376 CLXtv.
834 360 894 383 quos

117 385 324 412 nominatFessus,
341 384 424 416 plebeii
437 383 638 411 fuerintcenrum,
652 385 740 414 patricii
754 385 847 415 reliqui.
863 385 894 407 ita

118 419 181 442 inter
200 417 354 448 Dionysium,
372 417 413 445 qui
432 415 462 438 de
480 413 536 438 solis
554 422 650 438 centurn
664 417 789 442 meminit,
805 415 892 447 eosque

115 451 147 474 ait
161 449 227 473 fuine
240 449 356 481 plebeios,
373 448 397 471 ὅ(
411 447 515 474 Festum,
534 447 892 477 quiCLX1v.nominat‚eriam

116 482 147 505 de
169 488 268 506 numero
286 480 418 503 conveniat.
453 479 665 510 Qemadmodurn
684 480 755 510 igitur
775 480 799 503 in
819 486 892 510 regno

116 521 168 538 non
188 520 270 536 omnes
287 511 377 542 patricii
395 510 510 534 senatores
524 528 530 537 ,
553 511 576 534 ὅ(
599 518 670 534 nemo
686 518 763 535 tamen
781 510 870 536 senator
883 529 890 538 ‚

117 546 178 577 quin
198 544 262 568 idem
283 544 404 575 patricius:
423 542 451 566 lic
472 543 495 565 in
509 550 557 573 rep.
571 550 620 566 non
634 549 718 566 omnes
730 543 843 566 senatores
856 550 892 574 pa-

117 577 194 602 tricii,
211 576 249 599 sed
265 582 316 598 tum
333 583 362 598 ex
376 575 491 606 patriciis,
510 581 560 597 tum
574 581 602 598 ex
614 573 711 606 plebeiis
722 575 818 598 familiis
830 574 889 598 dele-

117 608 150 631 eti
159 626 164 634 ,
184 614 209 630 ut
221 606 322 639 quisque
331 607 367 630 vel
379 607 449 637 gratia
463 606 550 629 valebat
563 607 622 637 apud
631 605 758 633 Consules,
775 605 893 629 tribunos-

116 646 147 663 ve
166 640 219 663 mil.
232 640 349 663 contulari
361 638 472 670 potestate
484 655 490 663 ‚
514 636 526 661 a
541 638 625 669 quibus
639 655 645 663 ‚
670 645 721 662 anre
738 645 827 662 creatos
839 645 891 662 cen-

113 671 178 696 sores
193 688 199 698 ,
216 671 290 694 lectos
311 670 356 694 else
369 687 375 697 ,
398 668 560 700 sublestosque
578 669 692 693 senatores
709 670 784 694 Festus
803 671 890 694 docet:

113 704 167 729 vel,
185 702 307 734 postquam
321 702 390 725 creati
404 701 511 725 censores
524 701 590 729 sunt,
606 703 696 725 meritis
709 703 733 725 in
747 703 889 733 rempemi-

115 735 195 760 nebat.
212 742 289 766 neque
302 734 441 758 Suetonium
455 734 539 760 audio,
556 734 586 756 ira
599 734 739 765 loquentem
753 734 777 757 in
786 734 890 764 Augusto

113 764 165 799 cap.
178 775 199 790 ι.
218 768 275 788 Gen:
291 766 384 789 omma
396 765 410 788 ὰ
424 766 543 796 Tarquinio
558 767 634 795 ‘T'rrsio
649 768 703 796 Rege
716 767 771 788 inter
784 768 890 788 Romanas

111 805 188 830 genter
207 797 281 820 allecta
300 799 321 820 r‘n
331 800 432 827 senatum
442 814 448 825 ,
465 804 515 819 mox
527 796 541 819 a*
553 797 602 820 Ser.
619 798 684 819 Tuum
698 798 720 819 in
730 804 833 829 part-ictas
847 804 889 819 tra-

115 830 191 853 ducta.
224 828 310 861 quibus
345 828 420 852 verbis
448 835 524 857 aperte
559 827 670 857 significat
683 845 690 855 ,
727 829 770 858 qui
801 829 889 859 patricii

112 861 226 886 nondum
245 860 330 885 essent,
347 860 432 883 ordine
450 859 567 882 senatorio
586 858 692 882 donatos,
711 859 776 890 quod
796 859 839 883 effe
851 859 888 883 sal-

111 891 179 917 sum,
198 899 222 914 ac
241 890 396 917 mendosum,
414 892 438 914 δι
459 891 503 919 jam
523 890 667 914 ostendimus
680 891 755 918 Livii,
773 891 891 923 Dionysii-

114 930 162 954 que
175 922 313 946 testimonio
324 939 331 949 ,
349 929 398 954 quo
411 921 524 954 quidem,
542 923 628 945 curiam
642 921 704 954 plebi
719 930 769 946 non
784 923 825 946 nili
840 923 890 955 post

112 954 222 986 expulsos
229 956 306 985 Reges
319 952 414 986 patuisse
423 971 430 981 ,
447 954 543 985 planum
556 954 594 977 fit:
614 955 637 978 ὃς
651 962 678 978 ex
692 954 745 986 ipsis
757 954 891 978 mehercule

110 987 221 1010 suetonii
240 986 332 1013 verbis,
348 985 365 1009 st
384 985 437 1016 quis
457 993 481 1010 ea
501 985 617 1017 ponderet
636 993 736 1010 accurate
766 985 833 1010 facile
852 994 889 1009 co-

109 1019 240 1050 gnoscitur.
260 1016 326 1050 quod
344 1018 409 1041 enim
429 1017 460 1041 est
479 1017 524 1040 hoc
536 1017 652 1048 loquendi
668 1019 756 1049 genus?
774 1021 832 1040 Inter
844 1021 890 1051 ‘Rae

111 1058 189 1074 manas
204 1056 280 1081 gentes
299 1050 374 1072 alledh
386 1051 407 1072 in
417 1050 527 1079 senarum.
545 1049 606 1080 quafi
621 1057 676 1073 vero
686 1067 691 1077 ,
711 1056 762 1073 ante
775 1057 846 1080 quam
860 1052 890 1073 al-

110 1082 229 1114 legeretur
242 1082 267 1105 iri
280 1081 398 1107 senatum,
415 1087 460 1104 una
473 1080 502 1104 de
511 1081 624 1104 Romanis
637 1082 746 1113 gentibus
759 1081 812 1106 ess'et
822 1082 889 1105 octa-

110 1114 162 1138 via:
180 1119 218 1137 aut
237 1113 267 1136 ita
282 1113 419 1144 participem
432 1112 535 1138 senatus,
551 1118 575 1136 ut
586 1114 688 1144 reliquas
703 1117 820 1137 Romanas
832 1120 889 1144 gen-

111 1151 163 1173 tes,
179 1145 224 1169 esse
241 1144 335 1169 fastam.
353 1143 419 1175 quod
432 1150 559 1175 utrumque
571 1144 709 1172 absurdum,
727 1146 750 1168 ἃ
765 1146 833 1168 inane
843 1145 888 1168 est:

111 1184 168 1201 cuni
189 1184 266 1208 neque
279 1183 330 1200 ante
349 1176 374 1199 id
391 1177 505 1207 temporis
526 1177 586 1199 inter
604 1183 684 1208 gentes
704 1179 821 1200 Romanas
839 1176 887 1200 fue-

110 1210 142 1233 rit
156 1209 251 1232 octavia
262 1215 353 1240 ,neque
367 1210 478 1231 Rornanae
492 1214 572 1238 gentes
584 1209 675 1232 ordinis
689 1208 889 1232 senatoriiomnes

110 1241 241 1272 participes.
275 1242 333 1263 Puto
347 1240 432 1271 igitur,
451 1240 492 1269 (ut
505 1239 542 1262 hic
554 1240 629 1272 aliqua
642 1241 732 1264 ratione
740 1239 888 1264 solvarurno-

110 1272 173 1301 dus)
187 1272 310 1295 octaviam
324 1278 420 1302 gentem
429 1272 533 1302 primurn
547 1272 639 1295 civitate
653 1281 664 1295 a
679 1273 754 1296 Prisco
769 1275 834 1304 Rege
846 1274 889 1295 do-

112 1310 204 1329 natam,
222 1303 309 1326 deinde
321 1303 334 1326 a
346 1303 425 1325 Servio
439 1303 463 1325 in
476 1304 580 1333 patricias
594 1304 728 1327 traductam.
763 1305 828 1335 quod
837 1307 888 1327 Sue-

113 1335 210 1358 tonium
229 1341 326 1366 quoque
346 1334 456 1357 existimo
477 1334 577 1361 senlisse,
596 1336 619 1358 ἃ
643 1334 760 1366 reliquisse
778 1335 889 1366 scriptum

113 1365 155 1390 sic:
174 1368 207 1389 Ea
215 1374 268 1396 gens
279 1366 292 1389 ‚i
306 1368 419 1395 Tarquinio
434 1367 500 1395 Priscu
513 1368 568 1396 Rege
581 1373 635 1389 mter
643 1370 755 1399 'Romanas
765 1375 841 1398 gemes
854 1370 887 1390 al-

112 1398 182 1423 lella,
200 1406 251 1419 mox
266 1397 278 1420 ἀ
297 1399 322 1421 S.
336 1398 402 1420 Tullio
421 1399 443 1418 in
455 1398 557 1428 patritias
570 1398 682 1421 tradam:
700 1406 764 1425 non,
782 1405 807 1422 ut
819 1398 850 1422 est
863 1400 887 1422 in

110 1430 250 1459 pervulgatis
267 1429 347 1455 libris,
365 1429 438 1450 altem
456 1429 595 1458 infern-rum.
614 1437 736 1461 corruptus
748 1431 828 1457 enim,
845 1431 888 1454 nisi

110 1460 179 1484 fallor
191 1477 197 1486 ,
216 1460 242 1483 ab
256 1461 284 1483 iis
298 1461 363 1483 locus
376 1459 420 1485 est,
439 1460 481 1490 qui
495 1459 592 1483 verbum
605 1463 710 1491 afflegem,
724 1462 824 1492 usurpari
840 1469 885 1485 tanr

109 1499 162 1516 tum
176 1492 205 1515 de
217 1490 359 1515 senatoribus
372 1498 492 1522 putarunt:
512 1498 552 1514 nec
568 1491 720 1519 sententiam,
739 1495 762 1516 ἃ
776 1494 888 1516 ordinem

110 1524 271 1555 attendatur,
289 1522 327 1546 sed
346 1522 482 1554 praeposterc
499 1520 641 1547 senatorium
661 1525 771 1547 ordinem
785 1532 836 1548 ante
850 1532 888 1556 ge—

110 1563 153 1580 nus
167 1555 289 1587 patricium
303 1555 440 1578 statuerunt:
459 1562 514 1577 cum
528 1562 557 1577 eo
570 1561 678 1586 tempore
691 1557 795 1587 primum
808 1558 888 1580 civitas

112 1587 242 1619 peregrinis
256 1586 361 1613 daretur,
379 1586 466 1609 deinde
478 1587 582 1616 patricii,
600 1587 719 1617 postremo
728 1587 842 1611 senatores
849 1589 887 1611 fie-

112 1625 177 1642 rent:
196 1617 238 1641 nili
257 1617 274 1640 fi
288 1618 341 1649 quis
360 1617 419 1647 apud
437 1620 527 1648 Regem
546 1619 604 1641 tanti
617 1618 684 1645 esset,
702 1626 726 1641 ut
742 1621 847 1648 parricius
861 1619 886 1642 fi-

113 1649 165 1674 mul
179 1650 203 1672 δι’
217 1647 306 1672 senator
319 1649 390 1672 fieret.
410 1651 460 1672 Hoc
475 1649 539 1671 idem
547 1648 818 1677 duobuseruditiffimis,
827 1652 888 1681 opti-

111 1681 206 1712 misque
219 1681 275 1704 viris
284 1697 290 1707 ‚
307 1681 331 1704 &
345 1679 392 1704 fine
405 1680 478 1703 dubio
492 1681 516 1703 in
530 1681 674 1711 antiquitatis
681 1680 786 1705 doetrina
794 1684 886 1713 primis,

109 1713 200 1736 Carolo
214 1713 327 1743 Sigonio,
345 1712 369 1735 δε
384 1711 511 1743 onuphrio
525 1713 636 1736 Panvinio
650 1712 778 1737 videbatur.
798 1716 887 1737 Nume·

111 1752 150 1768 rus
167 1750 340 1769 trecentorum,
357 1742 370 1766 ἐι
386 1743 461 1767 Prisco
474 1743 624 1771 constitutus,
643 1744 724 1768 manfit
737 1745 802 1768 idem
815 1745 888 1776 usque

111 1776 139 1799 ad
159 1779 186 1799 L.
205 1776 272 1799 Sullae
291 1775 437 1798 dictaturam.
452 1783 505 1798 narn
519 1774 606 1806 viginti
619 1774 682 1807 supra
695 1784 809 1800 trecentos
820 1794 826 1804 ‚
844 1778 886 1809 qui

110 1807 297 1832 Machabazorum
315 1807 378 1830 libro
397 1809 413 1829 1.
429 1807 596 1834 nominantur,
612 1815 662 1830 non
677 1815 734 1838 puro
747 1808 813 1831 fuisse
826 1807 887 1832 sena-

110 1846 188 1866 tores,
205 1840 246 1871 qui
260 1838 272 1861 a
285 1837 419 1862 censoribus
435 1838 489 1861 lessi
508 1837 593 1866 essent,
609 1838 648 1862 sed
661 1840 766 1871 eos‚qui
778 1841 825 1867 iure
839 1848 885 1864 ma—

111 1871 231 1902 gistratus,
250 1878 321 1902 quem
343 1870 466 1899 gerebant,
485 1871 508 1894 in
528 1871 577 1893 redi
596 1872 698 1899 curiam,
716 1873 739 1895 c&
757 1879 812 1895 curn
833 1873 886 1895 reli-

111 1910 162 1933 quo
174 1902 251 1925 senatu
270 1901 298 1924 de
312 1902 402 1932 publica
421 1909 444 1924 ie
458 1909 502 1925 con
517 1902 580 1925 ulere
593 1903 681 1926 licerer.
715 1904 789 1930 Sulla,
810 1905 834 1927 in
848 1912 886 1927 or-

111 1935 195 1957 dinem
214 1932 346 1956 senatorum
361 1931 500 1963 propensuS‚
520 1934 630 1957 inimicus
644 1933 721 1965 plebi,
739 1935 803 1958 fituzi
821 1942 901 1966 pote—¹

110 1965 192 1989 statem
205 1963 351 1988 tribunitiam
363 1964 499 1990 imminuit,
516 1964 629 1996 valdeque
642 1966 738 1992 afflixit,
762 1967 792 1989 ita
803 1983 809 1993 ,
826 1968 885 1990 sena-

111 2003 165 2021 tum
178 2003 203 2019 ur
216 1996 304 2019 auxerit
315 2012 321 2022 ,
340 1994 539 2019 verifimillimum
553 1997 652 2020 videtur.
675 1998 737 2020 auxit
748 1998 813 2021 enim
827 2006 887 2030 quae-

111 2028 200 2053 storum
215 2035 313 2059 quoque
326 2035 466 2055 numerum,
484 2035 622 2058 praerorum,
640 2036 767 2060 augurum:
787 2031 889 2059 pomerii

110 2061 182 2085 etiam
195 2060 323 2086 terminos,
341 2066 434 2091 quartus
447 2058 459 2082 a
472 2061 580 2083 Romulo
589 2078 595 2086 ‚
612 2062 723 2091 pretulit:
740 2063 765 2086 &
778 2062 820 2085 alia
827 2063 889 2085 rnul-

110 2093 164 2116 rain
172 2099 219 2123 rep.
228 2092 331 2115 novavit.
339 2091 405 2122 quod
413 2099 442 2114 eo
451 2092 524 2123 magis
531 2092 642 2115 existimo
650 2109 656 2120 ‚
671 2094 725 2123 quia
734 2094 819 2117 nonita
827 2095 890 2117 mul-

111 2125 142 2148 tis
154 2124 205 2155 post
220 2124 285 2146 annis
299 2124 448 2147 mentionem
462 2122 474 2147 Ξι
488 2125 606 2147 Cicerone
619 2124 682 2147 libro
696 2127 713 2148 1.
725 2125 791 2155 epist.
805 2126 833 2148 ad
847 2129 888 2149 At—

110 2157 186 2180 ticum
202 2155 253 2179 fieri
271 2154 343 2178 video
358 2158 451 2179 CDXV.
469 2156 493 2178 in
510 2158 617 2180 oratione
631 2164 707 2180 autem
720 2156 772 2188 post
784 2158 888 2181 reditum

110 2188 136 2212 in
150 2187 227 2211 senatu
244 2188 296 2210 CD.
331 2186 416 2210 Caesare
432 2187 551 2211 metatore
570 2187 684 2212 senatores
696 2196 744 2212 crs.
759 2188 839 2216 suiss'e,
858 2191 888 2213 le-

111 2220 191 2251 gimus
211 2220 235 2242 in
249 2220 342 2244 Dione,
358 2226 414 2242 cum
430 2226 458 2242 ex
470 2218 610 2243 libertorum
623 2228 722 2252 quoque
736 2221 805 2247 filiis,
823 2222 846 2243 δι
859 2222 888 2245 de

110 2251 158 2275 suis
172 2249 288 2274 militibus
303 2250 391 2274 multos
401 2268 407 2278 ‚
422 2251 445 2273 &
459 2250 586 2282 haruspices
599 2253 669 2275 etiam
683 2252 796 2283 quosdam
805 2253 889 2276 ordine

97 2282 229 2307 -senatorio
247 2280 358 2306 donasset.
392 2282 442 2306 Post
459 2281 551 2307 Caesaris
569 2284 691 2307 interitum
702 2301 707 2309 ‚
725 2285 762 2307 alii
777 2292 888 2316 quoque,

111 2313 214 2338 obscura:
230 2313 376 2337 conditionis
393 2314 516 2342 homines,
534 2316 602 2339 nullo
619 2316 725 2343 delestu,
744 2317 768 2339 in
782 2323 842 2340 tanta
855 2325 888 2340 re-

111 2354 165 2370 rum
184 2347 297 2370 omnium
316 2345 503 2376 perturbatione,
521 2347 546 2370 in
558 2348 644 2371 curiam
658 2354 786 2371 venerunt:
805 2354 844 2375 ut,
862 2356 889 2372 ο-

110 2379 198 2403 mnino
210 2378 275 2410 supra
287 2378 355 2402 mille
368 2376 434 2403 fuisse
443 2394 450 2406 ‚
468 2380 593 2404 Suetonius
605 2380 685 2405 tradat.
702 2387 747 2412 qua
761 2380 888 2412 indignita-

624 111 931 140 Sennvu

991 110 1321 141 Rotrnno.
1647 122 1702 159 375

928 166 952 195 te
961 167 1082 192 permotus
1096 161 1212 194 Augustus
1221 180 1228 190 ,
1247 162 1309 187 vieto
1323 163 1368 192 jam
1376 165 1500 194 Antonio,
1508 165 1610 193 senatum
1620 170 1646 194 ad
1653 172 1702 207 pri-

925 191 1012 227 ninum
1032 194 1148 221 modum,
1166 196 1191 218 ὅ(
1204 194 1354 226 splendorem
1369 198 1467 228 redegit.
1495 202 1614 225 Senatores
1627 203 1701 234 igitur

924 225 1000 251 tuere,
1019 226 1060 256 qui
1075 228 1154 257 primo
1167 224 1179 249 a
1193 226 1310 258 Regibus,
1328 227 1413 252 deinde
1424 230 1437 253 ‘a
1451 229 1610 260 Consulibus,
1627 236 1700 260 tribu-

924 255 1009 287 nisque
1027 258 1080 281 mil.
1098 258 1213 292 consulari
1228 260 1354 290 porestate,
1372 261 1491 292 postremo
1502 261 1514 286 Ξι
1526 264 1661 290 censoribus
1674 268 1700 291 in

924 289 1029 311 lenatum
1042 289 1097 312 lecti
1111 292 1170 313 lunt.
1189 297 1212 313 ac
1226 297 1307 322 praeter
1321 292 1364 315 hos
1377 300 1455 317 tamen
1468 297 1516 318 duo
1523 302 1607 326 genera
1620 297 1700 322 homi-

923 327 981 342 num
1004 321 1030 343 in
1047 321 1134 355 curiam
1159 321 1248 346 aditum
1270 322 1384 352 habuere,
1401 326 1444 356 qui
1462 328 1620 358 magistratum
1634 337 1700 361 gere-

924 350 993 378 bant,
1011 352 1081 375 eriam
1093 355 1108 375 lt
1121 354 1207 387 curulis
1221 362 1268 377 non
1282 354 1351 383 ess'er,
1369 363 1394 380 ut
1408 357 1484 381 aediles
1491 358 1566 390 plebis
1577 376 1583 387 ,
1600 360 1698 391 questo-

921 389 957 405 res
967 399 972 409 ,
990 384 1013 406 ὃ(
1024 385 1064 415 qui
1081 384 1126 413 jam
1140 385 1263 415 gesserant,
1282 387 1357 411 modo
1368 390 1453 412 curulis
1466 389 1555 418 fuisset,
1573 398 1597 414 ut
1611 392 1697 420 aediles,

922 415 1138 446 curulespmtores‚
1153 417 1277 441 contines.
1294 420 1590 450 quibrislrcebatomnibus
1603 425 1697 455 ingredi

922 446 1026 469 {enatum
1036 464 1042 473 ‚
1050 448 1073 470 δι
1082 449 1219 482 lentenriam
1228 449 1318 473 dicere:
1335 451 1449 476 senatores
1456 460 1533 477 aurem
1542 462 1618 486 neque
1625 464 1698 484 erant,

923 485 1000 509 neque
1013 479 1036 501 in
1049 479 1128 502 edisto
1142 482 1252 504 Conltrlis
1269 481 1372 506 senatum
1387 486 1490 508 vocantis
1507 486 1650 512 dicebantur.
1668 488 1697 513 de

923 516 972 540 quo
991 509 1048 533 Festi
1068 512 1174 541 Pompeii
1188 512 1253 535 verba
1267 514 1362 537 recitare
1375 523 1449 546 opera:
1463 519 1564 548 pretium
1577 519 1698 544 existimo.

924 543 976 563 Cum
985 549 1089 569 senatus,
1107 543 1200 573 inquit,
1218 551 1323 572 vot-atur,
1336 547 1699 582 senaforesadesseluhenrur‚qut-

923 571 1004 603 bquue
1018 582 1038 594 m
1049 575 1264 603 s‘enarufimemr.1m
1277 578 1345 599 tinere
1355 581 1404 600 lire!
1419 589 1425 602 :
1443 582 1495 610 quia
1508 589 1523 603 n
1532 598 1538 607 ,
1555 583 1595 613 qui
1605 583 1648 613 post
1662 585 1698 606 lu-

918 604 988 632 strum
1005 606 1112 627 conditum
1127 614 1154 627 ex
1168 607 1293 635 junioribus
1312 610 1462 639 magistratum
1476 619 1545 641 cepere
1560 629 1566 640 ‚
1590 612 1615 636 (5
1629 617 1651 637 in
1663 616 1697 643 se-

923 642 977 657 natu
985 636 1115 664 sementiam
1127 638 1201 659 duum
1209 655 1215 663 ‚
1233 640 1259 661 (9-
1272 647 1311 660 mm
1323 644 1538 671 vocanturftnarores
1545 651 1594 668 ante
1602 661 1608 670 ,
1627 654 1697 677 quam

923 675 944 688 m
952 668 1075 703 ⁴semoribus
1090 672 1140 703 μη]
1161 671 1219 701 anfi.
1253 671 1309 694 Satis
1327 673 1399 702 igitur
1407 674 1509 702 constat,
1525 677 1567 707 qui
1581 677 1698 702 senatores

922 698 991 722 essent
1000 715 1006 725 ‚
1024 707 1114 730 quique
1127 708 1151 723 tn
1166 704 1243 724 ienatu
1256 702 1396 727 sententiam
1409 705 1526 730 dicerent:
1542 715 1597 731 cum
1608 707 1700 733 senato-

922 737 957 764 res
969 730 1039 753 essenr
1053 732 1160 754 duntaxat
1174 733 1190 755 ii
1200 750 1205 758 ,
1214 734 1255 764 qui
1268 734 1322 758 testi
1337 734 1349 758 a
1361 739 1454 760 certiore
1468 739 1493 761 in
1506 737 1608 762 senatum
1616 739 1696 765 ess'ent:

922 763 1060 786 lententiam
1074 770 1150 786 autem
1163 764 1282 792 dicerent,
1300 774 1348 789 non
1368 768 1410 799 ipsi
1423 769 1498 793 modo
1510 770 1639 800 senatores,
1658 772 1698 796 sed

922 796 992 817 etiam
1010 795 1042 821 ii,
1060 796 1101 826 qui
1122 803 1169 822 iure
1183 796 1328 827 magistratus
1341 799 1366 822 in
1380 799 1484 824 senatum
1499 802 1634 827 introirent.
1668 806 1699 828 ll-

922 826 962 848 lud
985 827 1088 850 minime
1105 826 1205 854 constat,
1223 835 1316 856 utrum,
1333 837 1388 854 cum
1406 832 1468 855 dixit
1486 834 1575 861 Festus,
1592 836 1634 866 qui
1645 837 1698 867 post

923 857 1020 881 lustrum
1042 858 1166 882 condirum
1188 866 1217 882 ex
1235 860 1366 887 iunioribus
1380 864 1539 894 magistrarum
1551 873 1633 896 cepere
1644 884 1650 894 ,
1668 867 1698 892 de

922 889 1035 913 omnibus
1060 890 1241 922 magistratibus,
1261 900 1288 915 an
1301 893 1330 916 de
1341 895 1461 918 curulibus
1474 902 1563 920 tantum
1576 899 1699 923 intellexe-

921 921 959 945 rit.
994 924 1058 953 Ego,
1081 922 1120 946 etii
1133 922 1208 946 Festus
1222 930 1306 948 omnes
1319 927 1398 956 potius
1415 927 1559 958 magistratus
1571 931 1698 955 communi

921 952 1035 976 vocabulo
1055 954 1172 978 videretur
1184 957 1399 986 comprehendere:
1417 960 1472 990 qnia
1489 967 1566 983 tamen
1580 960 1635 985 huic
1648 961 1696 986 sen-

922 991 999 1007 tentia:
1012 993 1167 1009 monumenta
1181 994 1286 1012 veterum
1300 996 1429 1020 repugnant
1441 1007 1446 1017 ‚
1464 991 1493 1014 de
1505 991 1560 1015 solis
1577 993 1702 1018 curulibus

922 1017 1019 1047 accipio.
1035 1018 1102 1048 quod
1115 1025 1140 1041 ut
1154 1018 1292 1043 authoritate
1304 1024 1456 1045 confirmetur
1465 1039 1470 1049 ,
1488 1024 1550 1047 Livii
1559 1024 1696 1049 verbaltbro

920 1050 1005 1071 XXlll.
1026 1057 1066 1075 ις.
1087 1049 1268 1074 consideremus.
1303 1054 1399 1075 Rea-raso
1418 1056 1589 1084 zeferesemtu,
1608 1057 1698 1089 (loqui-

921 1086 957 1102 tur
965 1080 994 1102 de
1006 1083 1041 1103 M.
1056 1080 1127 1104 Fabio
1140 1084 1258 1109 Buteone,
1268 1084 1310 1114 qui
1320 1084 1533 1116 Dictatorlegendo
1541 1086 1697 1112 senatuicrea-

923 1118 959 1134 tus
978 1112 1034 1141 erat)
1048 1114 1097 1136 inde
1105 1115 1206 1145 primum
1222 1122 1244 1136 m
1257 1116 1417 1138 demortuorum
1434 1119 1502 1139 locum
1517 1120 1583 1149 legit,
1601 1122 1641 1151 qui
1651 1121 1697 1153 post

921 1145 950 1166 L.
963 1144 1094 1166 rAEmzlmm
1103 1161 1109 1171 ‚
1127 1148 1148 1168 C.
1162 1147 1298 1168 Flaminium
1311 1150 1412 1176 censeres,
1427 1151 1526 1172 curulem
1545 1153 1696 1181 magistralum

920 1177 1030 1206 cepissent,
1047 1178 1135 1198 necdum
1157 1178 1266 1206 nisenam
1285 1178 1333 1200 Ιεέῖι
1346 1182 1424 1209 essent:
1442 1187 1466 1202 ut
1478 1183 1569 1212 quisque
1582 1185 1696 1213 eorumse-

919 1213 980 1228 nator
994 1212 1081 1238 prmius
1098 1214 1182 1230 creatus
1197 1215 1252 1231 erat.
1274 1215 1323 1231 tum
1337 1211 1388 1240 legit
1400 1214 1440 1242 qui
1453 1209 1538 1239 ‚zdzlesss
1557 1213 1639 1236 tribuni
1647 1218 1696 1247 ple-

920 1238 950 1260 bis
968 1240 1115 1270 quxfitoresvc
1126 1240 1227 1269 sueram.
1245 1247 1293 1263 tum
1307 1249 1334 1263 cx
1348 1251 1375 1264 ns
1385 1260 1389 1267 ,
1406 1251 1446 1273 qui
1459 1244 1598 1274 magistratu:
1612 1255 1651 1268 mn
1665 1256 1697 1268 cc—

916 1271 1007 1300 pissem3
1024 1272 1140 1301 qulspolm
1152 1279 1180 1293 ex
1192 1272 1246 1300 hoste
1254 1272 1304 1300 fixa
1316 1274 1373 1295 domi
1390 1273 1488 1297 haberem
1504 1292 1510 1301 ,
1528 1283 1566 1298 aut
1580 1278 1694 1301 timtatem

919 1303 1045 1332 ‘Romanam
1059 1301 1189 1332 artepffim.
1223 1304 1291 1334 Legit
1304 1311 1393 1327 novum
1408 1309 1512 1329 renatum
1524 1309 1597 1330 Buteo
1612 1316 1640 1332 ex
1654 1310 1694 1333 tri-

920 1334 975 1364 plici
990 1333 1117 1356 hominum
1131 1340 1230 1364 genere,
1248 1342 1354 1365 primum
1363 1352 1369 1362 ,
1386 1343 1414 1359 ex
1428 1337 1458 1360 iis
1468 1338 1521 1368 ‚qui
1533 1340 1638 1363 curulem
1646 1349 1695 1364 ma-

918 1364 1036 1395 gistratum
1050 1371 1167 1394 ceperant:
1186 1365 1287 1389 secundo
1301 1367 1371 1394 loco,
1384 1369 1462 1395 exiis,
1480 1371 1696 1400 quimaeisiraturn,

918 1397 973 1419 licet
992 1403 1042 1418 non
1057 1397 1163 1420 curulem
1178 1414 1183 1423 ,
1202 1397 1324 1428 gesserant:
1343 1400 1445 1429 (curulis
1464 1403 1530 1425 enim
1550 1396 1694 1433 magistratus

920 1436 970 1451 non
989 1434 1035 1450 etat
1048 1435 1125 1459 neque
1138 1429 1235 1452 :edilitas
1247 1429 1321 1459 plebis
1334 1438 1410 1462 neque
1424 1432 1552 1456 tribunatus
1567 1436 1642 1464 plebis
1657 1444 1695 1459 ne>

920 1467 967 1490 que
979 1458 1099 1490 quaestura)
1113 1460 1233 1491 postremo
1246 1469 1273 1483 ex
1287 1462 1327 1488 iis,
1347 1464 1402 1493 qui,
1417 1464 1576 1495 magistrarum
1584 1467 1695 1492 nondum

920 1491 1009 1521 adepti,
1030 1492 1120 1514 meritis
1139 1498 1217 1515 tamen
1237 1493 1262 1515 in
1282 1494 1453 1524 rempublicam
1473 1496 1574 1526 inlignes
1587 1505 1664 1526 erant,
1680 1499 1694 1523 ὲ

919 1523 1005 1554 quibus
1025 1522 1138 1545 omnibus
1157 1531 1198 1546 eos
1217 1531 1307 1547 rantum
1328 1526 1352 1548 in
1365 1524 1471 1550 senarum
1487 1535 1551 1551 antea
1564 1529 1695 1559 introiiss‘e,

919 1555 961 1585 qui
985 1555 1060 1577 curuli
1079 1555 1170 1578 honore
1189 1555 1221 1578 uti
1234 1562 1298 1579 erant
1311 1573 1318 1583 ‚
1341 1558 1421 1580 Livius
1435 1557 1545 1590 significat
1557 1577 1564 1587 ‚
1582 1568 1637 1584 cunt
1651 1563 1694 1586 ait:

919 1588 954 1608 Ut
967 1587 1057 1617 quisque
1071 1588 1239 1615 eorumfisnator
1249 1590 1333 1617 primur
1346 1597 1432 1612 creatus
1445 1599 1500 1614 erat.
1525 1598 1549 1614 ut
1556 1594 1621 1616 enim
1630 1594 1694 1624 quis-

919 1624 964 1647 que
977 1618 1082 1640 curulem
1096 1619 1257 1647 magistratum
1271 1619 1379 1643 aflet-utus
1393 1622 1418 1644 in
1432 1621 1536 1645 senarum
1551 1625 1641 1654 primus
1655 1633 1695 1649 ve-

919 1655 993 1675 nerat,
1013 1649 1036 1671 &
1050 1649 1152 1671 dicende
1165 1650 1236 1672 etiarn
1250 1650 1299 1681 post
1313 1651 1471 1682 magistratum
1479 1652 1593 1678 sententia
1603 1656 1636 1684 jus
1643 1658 1696 1681 ade-

919 1687 971 1710 ptus
983 1686 1044 1706 erat,
1061 1681 1091 1703 ita
1105 1687 1158 1703 eum
1172 1683 1246 1704 Buteo
1259 1683 1365 1712 primum
1380 1684 1451 1713 legit⁷
1470 1686 1573 1709 eundern
1583 1688 1694 1714 ordinem

918 1712 942 1734 in
962 1711 1064 1742 legendo
1083 1711 1185 1739 securus,
1204 1720 1253 1743 quo
1266 1713 1302 1736 illi
1317 1715 1475 1745 magistratum
1486 1724 1607 1748 ceperant,
1628 1720 1650 1744 ὅ(
1664 1729 1693 1745 cx

918 1743 1050 1774 magistratu
1062 1745 1149 1767 curiam
1163 1744 1311 1768 introierant.
1329 1747 1405 1770 aediles
1418 1754 1474 1769 vero
1483 1765 1488 1775 ‚
1503 1749 1695 1783 tribunos,quae-

918 1774 1004 1801 stores,
1020 1776 1075 1806 quia
1088 1776 1139 1805 post
1152 1776 1310 1806 magistratum
1324 1785 1372 1801 non
1388 1778 1450 1802 idern
1467 1780 1496 1803 iis
1511 1781 1608 1810 licebat,
1625 1784 1692 1815 quod

917 1807 991 1830 curuli
1011 1806 1101 1830 honore
1113 1807 1214 1834 functis,
1232 1815 1257 1832 ut
1271 1809 1294 1831 in
1309 1809 1411 1834 senatum
1425 1812 1546 1840 venirent,
1564 1814 1588 1836 &
1600 1813 1693 1840 senten-

917 1839 973 1862 tiam
993 1839 1096 1862 dicerent
1110 1856 1116 1865 ,
1138 1839 1180 1862 lios
1199 1847 1248 1863 non
1267 1841 1298 1864 ait
1315 1842 1395 1865 Livius
1408 1841 1523 1869 senatores
1540 1853 1626 1869 creatos
1640 1847 1691 1873 effe,

917 1872 942 1893 ln
957 1878 1005 1900 quo
1019 1871 1042 1894 ἃ
1056 1871 1115 1893 illud
1129 1872 1326 1895 anrniadverlione
1337 1875 1436 1904 dignum
1444 1875 1486 1898 est:
1496 1875 1623 1901 senatorem
1633 1887 1693 1904 crea-

916 1902 950 1927 ri,
958 1904 982 1925 Sc
992 1903 1015 1925 in
1024 1902 1126 1925 senatum
1135 1904 1181 1934 legi
1190 1919 1196 1929 ,
1205 1911 1252 1926 non
1261 1905 1325 1927 idem
1332 1905 1410 1928 fuine:
1424 1914 1478 1930 curn
1487 1908 1534 1936 iure
1542 1910 1564 1932 &
1573 1911 1690 1936 beneficio

917 1933 1061 1963 magistratus
1072 1942 1215 1961 crearentur,
1231 1936 1255 1959 ὅ(
1269 1936 1351 1960 tierent
1364 1936 1489 1965 senatores,
1504 1941 1529 1963 in
1545 1941 1647 1965 senatum
1655 1951 1692 1968 au-

917 1971 966 1987 tem
984 1964 996 1987 {i
1012 1966 1106 1989 censore
1122 1967 1262 1998 legerentur.
1279 1975 1428 2000 quanquam,
1446 1978 1500 1994 cum
1518 1972 1578 1996 dixit
1598 1975 1692 2004 Livius,

918 1996 1033 2020 senatores
1045 2005 1132 2021 creatos
1145 2014 1153 2024 ,
1172 1999 1213 2029 qui
1228 2000 1334 2023 curulem
1349 2001 1506 2032 magistratum
1520 2004 1694 2031 administrave-

920 2035 984 2055 rant,
1001 2036 1050 2052 non
1069 2030 1173 2056 viderur,
1191 2030 1207 2053 ri
1221 2031 1247 2053 ad
1261 2038 1362 2055 veterem
1375 2034 1500 2058 consularis
1516 2035 1589 2060 edicti
1601 2036 1693 2063 formu-

919 2061 966 2083 lam
980 2060 1098 2091 respicias,
1115 2061 1167 2085 saris
1180 2063 1275 2093 proprie
1287 2064 1388 2088 locutus.
1405 2073 1453 2089 non
1467 2068 1531 2090 enim
1545 2067 1660 2094 senatores
1668 2071 1692 2096 lii

919 2093 1114 2116 nominabantur?
1130 2093 1183 2120 sed,
1201 2101 1225 2116 ut
1243 2092 1255 2117 Ξι
1275 2093 1419 2120 senatoribus
1438 2098 1649 2130 distinguerentur,
1667 2104 1693 2127 in

918 2124 998 2148 edisto
1012 2124 1145 2148 Consulum
1157 2125 1194 2149 his
1207 2127 1284 2150 verbis
1296 2128 1431 2152 inienarum
1444 2130 1583 2155 citabantur:
1602 2134 1693 2161 „Quibus

920 2158 941 2178 in
950 2157 1028 2185 senatu
1039 2158 1170 2186 sententiam
1183 2159 1250 2180 dicere
1261 2161 1318 2183 isset.
1353 2161 1522 2192 Perpendamus
1535 2164 1558 2187 &-
1573 2165 1644 2187 alium
1654 2167 1694 2189 Li—

919 2188 952 2211 vii
972 2188 1053 2211 locum
1072 2189 1134 2212 libro
1157 2191 1255 2213 XXXVI.
1276 2197 1296 2215 3.
1330 2195 1397 2215 „Adeo
1410 2210 1416 2219 ,
1441 2193 1519 2226 inquit
1533 2211 1540 2221 ,
1563 2205 1584 2217 ιη
1600 2204 1691 2227 appara-

921 2228 968 2242 tum
980 2228 1096 2250 curamque
1109 2221 1158 2252 ejus
1171 2221 1221 2243 belli
1235 2222 1315 2245 civitas
1325 2225 1459 2255 inlentafuit
1470 2243 1475 2250 ,
1493 2233 1518 2249 ut
1533 2228 1566 2249 7⁷.
1582 2230 1689 2251 Cornelius

923 2253 998 2280 Consul
1010 2253 1098 2274 ediceret
1107 2269 1113 2279 ,
1131 2261 1171 2283 qut
1178 2254 1285 2283 senanner
1297 2255 1359 2283 efflat
1370 2273 1376 2282 ,
1395 2257 1515 2288 quibusque
1529 2267 1549 2279 m
1558 2259 1634 2285 finam
1641 2261 1691 2288 sen-

920 2291 1012 2306 tentiam
1029 2285 1096 2306 ditm
1109 2286 1194 2310 liceret,
1214 2293 1298 2316 quique
1314 2289 1404 2310 minorer
1423 2290 1557 2319 magaeslraim
1571 2291 1648 2320 essent,
1666 2301 1692 2314 m,-

916 2317 965 2346 quis
986 2323 1059 2337 eorum
1078 2317 1160 2346 longius
1183 2316 1210 2339 ab
1228 2318 1280 2339 urbe
1291 2320 1359 2341 Rama
1370 2319 1454 2345 abnez,
1470 2329 1537 2350 quam
1552 2323 1605 2343 unde
1618 2330 1640 2343 eo
1653 2324 1688 2346 die

918 2349 986 2369 redire
1002 2350 1076 2380 ροβε».
1111 2350 1138 2371 Et
1157 2347 1194 2371 hic
1213 2349 1319 2373 minores
1332 2351 1474 2381 magistratus
1487 2351 1592 2375 distinxit
1606 2351 1632 2376 ab
1645 2354 1689 2382 iis,

917 2378 1003 2411 quibus
1015 2379 1041 2404 in
1053 2378 1132 2404 senatu
1146 2379 1286 2406 sententiam
1297 2382 1376 2407 dicere
1392 2381 1482 2407 licebat.
1498 2384 1604 2408 minores
1615 2392 1694 2410 aurem

1620 2424 1694 2448 magr—
