2075 2734
597 82 757 114 Liber<
797 94 852 113 oi:

93 135 459 166 nutarchusmemoriaetradi'dit.
475 135 617 162 Fuit&illa‚
628 142 657 158 ne
663 135 721 158 dolo
729 134 806 160 malo,
823 141 863 156 ne-

95 178 123 195 ve
129 172 200 195 aliena
207 169 331 201 iniquitate
338 185 344 195 ,
356 168 394 193 led
402 169 479 197 jure&
488 167 578 198 propria
586 167 670 190 virtute
678 166 766 189 bellurn
774 172 864 196 gerere-

94 209 140 226 tur.
155 209 226 234 quam
234 202 348 225 Camillus
356 217 364 228 ‚
379 201 398 223 is
406 216 412 226 ‚
430 200 471 231 qui
481 199 569 222 Urbem
576 201 679 221 Romam
687 196 699 220 a
707 197 779 220 Gallis
793 199 863 220 Seno-

95 233 163 258 nibus
169 233 290 260 liberavit,
307 233 337 256 ita
344 230 468 263 diligenter
474 231 560 253 coluit:
579 235 616 255 ut,
633 236 688 252 cum
695 229 794 251 Falerios
802 245 808 255 ‚
824 230 862 251 Fa-

92 264 204 290 liscorum
211 264 292 289 urbem
299 282 305 292 ,
317 262 433 287 oblidetet
442 279 448 289 ,
457 268 555 293 eamque
563 261 597 284 illi
605 267 621 283 ti
627 260 692 283 adere
699 260 804 290 publicus
810 259 864 283 lite—

93 304 171 320 rarum
179 296 284 327 magister
294 312 299 322 ,
308 295 413 319 deductis
420 295 444 317 in
451 293 516 316 castra
523 291 644 315 nobilibus
651 292 728 322 pueris
735 308 741 318 ‚
751 290 861 316 tentasset,

93 327 207 355 iniustum
213 325 477 351 beneficiumiecusarit‚
492 323 674 355 magistrumque
684 323 789 346 vinetum
802 323 862 346 Fale-

93 360 142 384 rios
149 367 201 382 cum
208 357 411 390 pucrisremisetit.
429 359 476 380 Lex
482 356 552 378 etiam
559 356 601 378 lata
608 355 640 378 est
647 371 653 382 ‚
667 362 738 386 quam
751 356 861 377 sacratam

93 391 175 415 Livius
182 392 279 421 appellat
287 407 294 417 ,
310 389 407 416 nemius
414 388 498 411 militis
506 385 584 418 scripti
591 394 679 410 nomeu
686 403 692 413 ‚
707 385 750 409 nisi
762 385 813 417 ipso
821 393 862 408 vo-

92 422 157 446 lente
165 439 171 449 ‚
179 423 305 445 deleretur:
314 421 337 443 &
344 427 374 443 ne
381 419 434 451 quis
440 435 447 446 ‚
455 418 494 442 ubi
502 418 607 441 tribunus
614 418 685 442 milit.
693 416 778 443 fuisset,
785 416 863 447 postea

92 454 206 478 ordinum
212 453 295 477 duitor
301 450 363 475 esset-
385 453 445 474 Duas
452 451 542 481 aliquot
549 449 599 480 post
606 450 671 473 annis
684 449 773 472 tribuni
786 448 860 480 plebis

92 485 180 509 eodem
187 491 248 508 anno
255 488 378 515 rogarunt,
391 489 460 505 unam
469 482 609 508 L.Artilius,
626 482 650 504 ὅ(
663 482 692 504 C.
700 481 799 504 Marcius
811 496 817 507 ,
835 486 861 503 ut

91 517 180 541 tribuni
187 517 259 540 milit.
269 514 372 539 senideni
386 514 410 537 in
418 519 515 545 quatuor
523 513 629 544 legiones
642 510 654 535 a
662 512 752 543 populo
759 519 860 535 crearen-

90 555 140 572 tur:
149 555 199 579 quae
205 554 268 570 antea
276 562 282 572 ‚
289 553 401 578 perquam
409 546 484 576 paucis
490 543 598 576 suffragio
605 544 687 575 populi
694 543 779 566 tenetis
787 543 846 567 locis
853 560 860 570 ,

50 602 52 605 ,
88 579 260 604 distatorum&
268 577 391 601 consulum
398 577 473 600 ferme
480 575 569 599 fuerant
580 575 703 599 beneficia:
717 574 810 598 alteram
823 577 858 598 M.

89 611 184 638 Decius,
192 617 217 633 ut
223 613 252 634 U.
260 610 322 633 viros
328 609 417 633 navales
424 625 430 635 ‚
437 607 507 632 ciaffis
514 607 620 631 ornanda:
628 605 802 637 reficiendaeque
808 613 858 629 cau-

89 642 110 666 sa
118 660 124 670 ,
137 643 237 674 populus
249 640 343 669 iuberet.
361 643 433 671 Leges
440 641 493 662 duas
503 641 531 663 C.
540 638 654 662 Gracchus
666 637 771 661 tribunus
783 637 858 669 plebis

88 675 144 698 tulit
152 691 158 701 ,
171 681 240 697 uuam
248 673 276 696 de
283 672 381 696 vestibus
388 671 461 696 militi
468 670 560 702 publice
572 670 665 696 daridis,
679 669 796 701 stipendio
808 676 857 692 uon

90 706 230 732 imminuto,
239 706 372 730 alteiain,ne
379 704 432 735 quis
439 703 496 726 infra
504 710 545 726 xvi
556 711 563 725 1
571 718 576 724 .
588 708 634 725 :ctat
639 703 657 725 is
664 708 751 724 annum
757 700 785 724 ad
791 701 856 724 mili-

90 741 148 761 iiam
154 744 283 768 cogeretur.
297 743 324 759 ex
333 743 382 767 quo
389 741 449 766 patet
456 751 462 761 ‚
476 734 595 757 interdum
602 733 628 757 ad
641 733 752 756 militiam
759 739 810 756 ante
817 740 856 755 co-

90 769 152 793 actos
159 767 237 795 fuisse,
251 768 292 798 qui
300 767 408 791 nondum
416 773 503 790 annum
509 765 579 789 aetatis
590 767 659 789 XVII.
673 771 773 795 agerent.
789 763 854 795 quod

87 807 146 832 puto
152 799 300 824 difficillimis
306 799 374 829 Reip.
382 796 536 828 temporibus,
542 795 858 821 exhaustacladibuscivitate‚

87 838 112 855 ur
120 831 219 855 secundo
227 831 312 854 Punico
318 830 382 853 bello
390 846 396 856 ,
407 836 469 852 extra
475 828 585 851 ordinem
596 826 639 850 esse
645 826 740 850 fastum.
758 826 858 857 Legibus

89 863 119 886 de
126 864 211 886 militia
218 862 279 886 κᾶε
286 860 433 889 subjicientur
440 861 501 890 leges
507 859 536 881 de
543 858 672 889 triumpho.
685 865 734 881 non
747 857 779 881 est
790 859 857 881 enim

89 893 221 924 triumphus
228 893 274 916 fine
281 893 373 916 militia.
392 889 558 921 Antiquissima
565 889 618 916 fuit,
627 896 677 920 qux
685 897 806 921 nunquam
815 888 857 913 set-

89 931 138 949 vata
144 932 192 948 non
199 924 232 948 est
238 940 244 950 ,
253 930 277 947 ut
285 941 291 950 ,
305 924 347 955 qui
354 922 386 946 ob
393 930 442 946 rem
450 923 474 946 in
481 921 545 945 bello
552 920 612 944 bene
617 921 703 951 gestam
710 921 857 951 triumphum

89 956 183 980 ducturi
189 954 268 982 effent,
276 962 327 979 aute
339 954 485 986 triumphum
494 952 580 977 Urbem
587 960 616 976 ne
624 947 807 983 ingrederentur.
819 954 859 976 tii*

89 987 230 1019 umpiiabant
237 988 302 1011 enim
308 994 362 1010 cum
371 986 472 1016 imperio
480 993 486 1008 z
494 986 517 1008 δε
526 1002 532 1011 ,
541 985 669 1016 imperium
676 984 802 1015 deponere,
814 986 857 1007 Ur-

90 1018 146 1043 bem
158 1018 297 1043 intrantibus
307 1017 394 1042 necess'e
406 1024 460 1041 erat.
473 1016 620 1047 triumphum
634 1022 710 1039 autem
722 1015 811 1039 senatus
819 1015 857 1039 de-

89 1050 209 1075 cernebat:
222 1050 258 1074 sed
267 1051 395 1082 imperium
402 1050 427 1073 iri
435 1048 496 1073 Urbe
504 1065 510 1075 ‚
518 1055 567 1079 quo
575 1048 613 1071 die
619 1047 752 1078 triumphus
764 1048 857 1071 ducere-

88 1089 133 1109 tur,
142 1083 241 1113 populus
248 1081 323 1108 dabat,
331 1081 452 1113 rogatione
459 1079 485 1104 ab
492 1081 582 1111 aliquot
589 1078 688 1103 tribunis
695 1078 768 1110 plebis
775 1079 824 1102 lata.
832 1079 857 1102 id

88 1120 164 1146 aperte
170 1113 326 1138 demonstrant
332 1114 371 1137 illa
378 1112 437 1143 apud
445 1112 547 1138 Livium,
554 1111 596 1135 lib.
603 1113 669 1135 XLV.
676 1117 725 1141 cap.
733 1118 742 1136 3
750 1119 759 1137 ,ς
766 1127 771 1133 .
778 1110 857 1133 Tribus

88 1147 122 1168 his
129 1145 224 1169 omnibus
230 1147 353 1177 triumphus
359 1145 385 1174 est
391 1144 418 1167 ab
425 1146 502 1174 senatu
514 1144 609 1165 decretus
615 1152 623 1165 .·
637 1144 809 1174 mandatumque
821 1145 856 1173 ,Q

89 1173 242 1210 saffiopraeiori
248 1193 255 1204 ,
268 1185 316 1199 cnm
322 1175 486 1208 tribum-<plebis
493 1183 520 1196 tx
527 1176 657 1196 aiathuritare
665 1181 757 1206 patrum
764 1180 840 1204 ageret
847 1189 853 1199 ,

86 1215 217 1240 rogationem
224 1207 422 1240 adplebemferreiit
429 1223 435 1233 ‚
446 1213 471 1229 m
478 1208 504 1229 iis
511 1214 551 1236 quo
563 1207 597 1228 tlie
604 1204 687 1228 vrbem
699 1207 855 1235 triumphanter

86 1241 251 1266 inveherentur,
263 1241 381 1272 imperium
392 1240 448 1269 esset.
468 1241 495 1262 Et
506 1244 568 1260 erant
581 1236 727 1266 impediendi
741 1236 857 1267 triumphi

86 1271 188 1295 rationes
199 1271 290 1294 multx:
308 1270 413 1301 primum
419 1275 475 1292 cum
481 1268 569 1292 tribuni
576 1269 649 1299 plebis
657 1269 791 1298 imperatori
799 1285 805 1294 ‚
814 1269 856 1299 qui

87 1302 235 1333 triumphum
244 1308 330 1332 peteret
337 1318 344 1328 ‚
361 1302 435 1332 aliqua
443 1301 471 1323 de
478 1299 629 1323 causainlensi
636 1316 643 1326 ‚
656 1299 685 1322 de
692 1300 816 1330 rogatione
823 1300 856 1322 se-

85 1334 155 1357 renda
162 1340 245 1356 omnes
251 1331 387 1356 recusarent:
398 1332 490 1359 deinde,
497 1339 551 1354 cum
558 1331 706 1362 rogationem
712 1331 810 1362 quidem
817 1332 856 1354 tti-

86 1363 162 1389 bunus
176 1365 258 1396 aliquis
271 1363 339 1388 ferret
346 1381 353 1391 ,
370 1364 409 1388 sed
416 1371 467 1387 eam
481 1364 580 1395 populus
593 1361 703 1394 suffragiis
715 1364 841 1390 antiquaret
851 1370 856 1384 z

84 1397 164 1423 tertio,
172 1396 221 1423 ubi,
227 1395 321 1419 tribuno
327 1397 475 1427 rogationem
481 1395 577 1422 ferente,
586 1401 652 1421 unus,
660 1393 765 1425 pluresve
771 1394 800 1417 de
807 1395 855 1417 col-

86 1428 152 1459 legio
160 1427 338 1451 intercederent:
352 1427 471 1458 postremo
479 1444 485 1453 ,
497 1434 551 1450 cum
559 1427 665 1450 tribunus
677 1426 813 1456 imperatori
823 1425 855 1449 ob

84 1460 152 1483 resin
159 1459 223 1482 bello
246 1459 301 1482 estas
307 1458 371 1482 diem
379 1459 465 1482 diceret
472 1474 478 1484 ,
491 1458 592 1481 sicutiC.
600 1458 730 1480 Memmius
736 1460 763 1481 L.
772 1458 853 1481 Lucul-

85 1491 120 1518 lo,
128 1491 178 1523 qui.
185 1490 233 1514 duo
251 1497 277 1513 us
284 1490 448 1521 potentiffimis
455 1488 547 1520 regibus
555 1488 698 1514 Mithridate,
706 1489 730 1513 δι
738 1489 839 1519 Tigrane
846 1506 853 1516 ,

85 1522 184 1546 devietis
192 1538 198 1549 ‚
213 1528 291 1546 tamen
301 1529 350 1545 non
359 1521 402 1545 riifi
409 1522 513 1545 triennio
520 1519 570 1552 post
583 1520 725 1551 triumphare
733 1520 818 1551 potuit,
825 1520 852 1544 ad

84 1560 226 1580 extremum,
232 1553 402 1577 accusationem
408 1553 527 1577 Memmio
532 1552 792 1579 remittente‚Cicerone
798 1559 856 1576 con-

84 1583 285 1615 suletriumphum
292 1584 367 1608 duxit.
378 1585 439 1608 unde
446 1585 485 1608 illa
492 1585 517 1607 in
525 1583 727 1610 Academicis‚lib.
734 1585 763 1607 11.
770 1592 778 1607 x
785 1602 790 1607 .
800 1586 852 1607 Cum

86 1617 154 1639 vidior
160 1616 173 1638 ὰ
180 1616 334 1638 Mithridatico
340 1616 395 1638 bello
402 1616 520 1644 revertiffet
527 1632 533 1642 ,
549 1616 683 1637 inimicorum
696 1616 806 1637 (alumnia
813 1622 851 1638 iri-

85 1649 145 1670 emiio
153 1648 237 1670 tardius
245 1663 252 1673 ‚
268 1654 335 1677 quam
341 1646 442 1670 debuerat
449 1664 455 1674 ‚
463 1647 612 1678 triumphavit
621 1662 628 1673 ,
645 1654 680 1667 nos
691 1654 748 1668 emm
760 1647 852 1675 confides

84 1679 307 1708 introduximmpaem
313 1680 334 1700 in
343 1678 426 1701 Urbem
433 1686 520 1701 currum
527 1677 632 1707 tlariffimi
641 1677 696 1699 viri.
705 1678 768 1699 Hanc
774 1677 852 1708 legem

85 1711 116 1734 de
123 1710 225 1740 imperio
232 1710 300 1733 unius
307 1709 356 1734 diei
368 1711 427 1733 intra
433 1708 520 1734 Urbem
528 1709 613 1732 Cicero
620 1707 731 1740 significat
737 1707 773 1731 his
780 1708 855 1732 verbis

83 1741 127 1766 lib.
135 1744 172 1766 lv.
180 1748 217 1772 ep.
229 1745 264 1764 16.
272 1740 298 1764 ad
307 1742 357 1765 Art.
374 1742 483 1764 Pomim'us
491 1742 542 1763 vult
549 1741 577 1762 ad
589 1742 634 1762 Ill.
644 1742 805 1763 Nun.Novem.
813 1742 851 1763 ω’-

83 1775 198 1805 umphare.
209 1773 260 1795 huic
266 1772 351 1795 ahviam
359 1775 408 1795 Cato
414 1790 421 1800 ‚
440 1776 465 1795 (2-
472 1772 679 1803 Servilimpraiores
685 1777 758 1802 aperte
766 1788 772 1797 ,
784 1770 809 1794 (7-
817 1772 851 1803 ἐζ.

83 1802 364 1834 Muciusiribumosplehis.
377 1810 456 1834 negant
463 1804 518 1826 enim
526 1804 598 1824 latum
610 1803 635 1824 de
642 1803 729 1834 imperio
740 1800 766 1824 ό·
781 1803 808 1831 est
820 1805 850 1825 la-

83 1843 133 1859 tum
140 1852 147 1863 ,
160 1836 254 1858 Hercule
261 1851 267 1861 ,
285 1835 369 1864 anfiolft.
397 1836 481 1858 Latum
489 1832 572 1857 insulse
585 1833 642 1856 dicit
650 1849 656 1860 ‚
670 1833 723 1864 quia
735 1834 814 1864 legem
823 1834 851 1858 de

82 1867 186 1898 imperio
193 1866 298 1890 rontinii
309 1868 355 1889 Ser.
364 1866 434 1889 Galba
442 1872 525 1897 praetor
536 1865 596 1888 clam
610 1871 661 1888 ante
672 1865 750 1888 lucem
763 1865 851 1890 tulerat.

102 1897 150 1921 uod
156 1896 170 1920 a
176 1896 373 1921 Dionetraditum
380 1898 419 1920 est.
429 1898 453 1920 δι
461 1897 497 1928 agi
503 1896 634 1927 quidquam
642 1903 699 1919 cum
705 1897 795 1927 populo
802 1905 852 1920 ante

82 1905 165 1954 goram
172 1929 272 1960 primam
279 1928 459 1959 legesvetabaut.
476 1928 544 1951 Paulo
551 1927 601 1958 post
607 1927 681 1950 secuta
693 1927 724 1951 est
735 1929 814 1954 altera,
824 1929 851 1958 (fl

81 1961 159 1985 modo
167 1960 249 1991 primis
255 1959 401 1990 temporibus
407 1960 459 1995 lege
464 1959 629 1990 potius,quam
637 1966 704 1982 more
712 1975 718 1986 ,
725 1960 850 1990 triumpha-

80 1992 182 2022 bant)ut,
190 1993 230 2023 qui
239 1990 314 2014 hostes
320 1991 366 2014 acie
374 1990 654 2021 vieisseut,triumphantes
662 1991 748 2013 Urbem
757 1991 851 2018 inirent,

81 2023 154 2055 idque
161 2023 246 2047 factum
253 2023 324 2046 etiam
330 2029 384 2046 cum
392 2023 450 2047 intra
456 2025 506 2046 vn.
512 2021 614 2052 lapidem
623 2021 690 2045 Urbis
703 2024 814 2045 Romanae
826 2022 852 2046 fl-

81 2063 122 2080 nes
130 2054 313 2080 includerentur,
323 2054 382 2085 apud
390 2055 506 2078 Valerium
514 2054 655 2077 notavimus.
672 2053 732 2079 Post,
742 2060 766 2077 ut
773 2054 845 2084 impe·

80 2094 185 2112 rarorum
193 2085 319 2109 ambitioni
327 2102 334 2113 ‚
368 2086 392 2109 ui
399 2085 488 2110 levibus
496 2085 581 2116 praeliis
594 2083 700 2115 prospere
713 2084 777 2108 fastis
785 2101 793 2112 ,
810 2087 849 2109 tti—

82 2118 200 2149 umphum
208 2115 328 2148 petebant,
344 2124 359 2140 o
377 2118 438 2141 viam
446 2118 530 2143 iretur,
547 2117 598 2148 lege
605 2123 698 2140 cautum
706 2116 749 2143 est,
760 2124 789 2140 ne
797 2118 850 2147 quis

79 2149 250 2181 triumpharet,
266 2147 310 2172 nifi
319 2149 361 2179 qui
373 2149 431 2173 διν.
443 2149 518 2172 millia
526 2148 628 2172 hostium
643 2156 686 2171 una
696 2149 743 2171 acie
754 2149 848 2172 cecidis-

79 2181 113 2206 set
120 2199 126 2209 ‚
141 2183 164 2205 &
177 2181 205 2204 de
212 2180 252 2203 suo
259 2181 362 2203 exercitu
369 2181 445 2204 multo
451 2181 567 2212 pauciores
575 2178 688 2203 amisiss'er.
696 2181 777 2211 quoin
786 2187 848 2203 utro-

80 2220 128 2245 que
135 2220 164 2236 ne
170 2211 237 2235 falsus
244 2211 330 2235 senatui
337 2219 448 2236 numerus
454 2213 560 2236 ederetur
566 2229 572 2239 ‚
589 2212 657 2235 altera
663 2212 700 2236 lex
708 2221 720 2235 a
728 2214 755 2235 L.
765 2213 847 2239 Mario,

79 2245 247 2269 &meamne
254 2243 354 2267 tribunis
361 2243 434 2274 plebis
448 2244 489 2267 lata
502 2243 534 2266 est
545 2260 551 2270 ‚
568 2250 594 2266 ut
607 2245 743 2274 punirentur
758 2244 787 2269 ii,
806 2245 847 2275 qui

79 2282 117 2300 aut
129 2275 233 2299 hostium
243 2273 374 2299 occisorum
389 2292 396 2302 ‚
412 2282 450 2299 aut
460 2276 549 2299 civium
562 2274 695 2298 amiflbium
708 2276 732 2299 in
747 2282 848 2298 numero

893 87 917 114 L
938 96 952 115 ε
973 98 990 116 c
1008 95 1020 118 1
1041 98 1055 116 n
1075 94 1096 116 t!
1114 95 1139 118 s:
1613 94 1671 136 83}
1683 101 1685 104 “

903 135 1214 170 triumphusdecernereiur:
1232 143 1303 169 quam
1310 136 1436 164 obcausam
1450 146 1527 172 neque
1539 143 1668 174 QFulvio

900 174 940 202 qui
950 169 1054 197 Capuam
1061 175 1186 199 receperat,
1195 176 1272 200 neque
1278 173 1304 195 L.
1312 170 1414 201 opimio
1421 189 1428 199 ‚
1436 174 1476 204 qui
1484 175 1610 205 Fregellas,
1618 183 1670 208 per-

899 198 963 233 misit
970 197 1057 222 senatus
1066 216 1072 225 ‚
1091 206 1116 222 ut
1126 200 1303 231 triumpharent.
1321 202 1453 234 Eademque
1461 204 1506 227 fuit
1517 212 1602 230 eorum
1613 215 1672 231 con-

899 229 976 264 ditio3
986 232 1035 261 ,qui
1043 231 1069 253 ad
1077 238 1112 254 res
1119 232 1228 262 gerendas
1235 232 1281 256 fine
1288 233 1420 263 magistratu
1427 235 1487 259 miffi
1494 243 1566 260 erant.
1578 239 1621 269 qui
1627 239 1668 264 etsi

899 268 934 283 res
949 261 1070 296 triumpho
1083 262 1164 292 dignas
1176 263 1302 294 gessiffent,
1319 266 1461 296 triumphare
1468 269 1602 299 tamenlege
1609 277 1670 294 veta-

899 291 988 316 bantur.
1005 299 1083 323 itaque
1090 301 1131 328 nec
1140 296 1162 318 P.
1170 296 1274 326 scipioni
1282 312 1288 322 ,
1305 297 1346 328 qui
1353 297 1430 328 postea
1438 299 1592 324 Hannibalem
1601 302 1668 330 vicit,

898 323 929 359 ob
935 330 1074 358 recuperatas
1080 326 1197 356 l-lilpanias
1205 342 1211 353 ‚
1228 334 1271 350 nec
1278 330 1312 350 M.
1320 330 1430 352 Marcello
1438 329 1470 352 ob
1477 337 1549 362 captas
1557 333 1670 362 Syracusas

897 356 1043 386 triumphum
1057 359 1145 390 leuatus
1158 357 1266 381 decrevit.
1282 360 1405 390 Pompeius
1416 367 1494 385 tamen
1506 379 1512 389 ‚
1530 364 1572 395 qui
1585 365 1668 395 Magni

897 393 1058 417 cognomento
1065 387 1098 410 est
1106 390 1158 411 ulus
1166 405 1172 414 ,
1189 390 1248 418 sylla
1255 390 1367 414 dictatore
1373 394 1518 417 concedente
1525 411 1530 420 ‚
1548 401 1628 419 contra
1634 397 1668 419 le-

897 424 951 452 gem
959 434 966 444 ,
983 425 1053 449 eques
1060 421 1181 442 Romanus
1188 421 1275 448 adhuc,
1293 422 1453 454 triumphavit.
1474 425 1534 449 iliud
1541 427 1612 450 etiam
1619 427 1668 451 foi·-
1684 446 1687 448 .

896 449 947 472 tasse
954 449 1006 480 lege
1013 450 1092 486 datum
1100 467 1107 478 ‚
1121 457 1146 473 ut
1153 452 1195 481 qui
1202 453 1346 483 triumphans
1354 454 1441 479 Urbem
1449 456 1558 488 ingteflus
1568 458 1622 482 eil'et
1629 475 1635 486 ,
1643 459 1666 483 ei

895 480 968 516 laurea
975 488 1063 517 corona
1070 490 1094 505 in
1101 481 1233 517 speltaculis
1240 485 1274 507 uti
1281 485 1368 508 liceret.
1375 486 1399 509 id
1406 494 1434 510 ex
1441 494 1470 510 eo
1477 489 1579 516 conjicio
1587 506 1593 516 ,
1601 491 1668 520 quod

895 512 1010 547 valerio&
1027 519 1064 536 cui
1078 513 1165 536 Plinius
1178 514 1220 538 lib.
1235 517 1342 539 naturalis
1353 516 1453 542 historiae
1464 523 1508 545 XV.
1522 519 1662 545 subscribere

893 543 1000 570 videtur,
1016 545 1046 566 C.
1060 545 1174 575 Papirium
1188 545 1307 570 Masonem
1321 548 1389 571 tradit
1402 565 1409 576 ‚
1425 557 1479 574 cum
1493 568 1499 578 ‚
1517 552 1640 584 triumpho
1651 551 1665 576 ὲ

893 573 968 598 senatu
977 581 1026 597 non
1034 582 1173 606 impetrato,
1191 577 1314 609 inAlbano
1322 586 1404 603 monte
1412 582 1584 614 triumphasset,
1601 591 1666 615 myt-

892 612 926 630 tea
933 613 1019 630 corona
1026 613 1068 638 pro
1075 608 1149 630 laurea
1156 608 1180 631 in
1186 609 1320 639 lpestaculis
1327 609 1394 635 usum
1401 611 1453 636 effe.

1116 684 1291 713 CAi‘uT
1332 688 1430 717 XIII.

965 754 1020 778 Lex
1033 751 1064 778 de
1075 762 1124 779 non
1128 753 1265 787 sevocanda
1271 755 1372 789 populo,
1394 757 1507 798 itemque
1519 761 1581 799 leges

1216 802 1328 829 agrarm.

892 856 974 916 Inter
981 857 1153 891 publicasleges
1165 860 1203 883 illa
1211 861 1449 893 quoquereferenda‚
1467 872 1552 896 quam,
1569 875 1617 898 quo
1625 876 1664 893 an-

910 920 913 923 ⁴
939 896 972 912 no
980 892 1023 914 Cn.
1032 892 1195 915 Manliuscum
1203 894 1231 915 C.
1241 894 1330 917 Marcio
1343 894 1423 919 consul
1436 897 1493 923 suit,
1513 897 1600 922 tribuni
1614 900 1664 930 ple-

892 919 927 942 bis
934 921 1049 957 tulerunt,
1067 931 1096 946 ne
1106 924 1280 954 quispopulum
1290 924 1413 950 sevocaret.
1429 935 1486 951 nam
1497 935 1551 953 cum
1559 932 1662 955 Manlius

894 950 920 973 ad
927 955 1025 977 Satrium
1039 955 1064 990 i'n
1071 954 1159 982 castris,
1175 962 1240 978 novo
1252 958 1376 989 exemplo,
1394 958 1501 982 tributim
1513 961 1542 984 de
1555 961 1662 985 vicelima

894 989 1051 1020 eorququi
1064 987 1298 1015 manumitterentur,
1315 990 1394 1020 legem
1407 990 1505 1018 tulisset,
1522 992 1618 1025 ejusque
1629 994 1665 1018 le-

894 1021 942 1043 gis,
960 1023 1014 1047 quia
1026 1016 1148 1052 publicum
1161 1019 1257 1049 vestigal
1270 1018 1330 1043 haud
1343 1028 1424 1051 parum
1437 1030 1569 1053 augeretur,
1585 1032 1660 1056 patres

893 1046 1110 1083 authoressuislent‚
1130 1049 1480 1085 tribiiniplebisnontarnlege,
1498 1063 1569 1086 quam
1581 1063 1663 1080 exem-

893 1078 931 1111 plo
940 1094 945 1104 ,
958 1086 1019 1102 moti
1028 1096 1034 1106 ‚
1052 1088 1082 1116 ne
1089 1080 1225 1116 quis-postea
1233 1083 1347 1113 populum
1355 1083 1381 1107 ab
1391 1084 1451 1108 Urbe
1459 1092 1574 1114 avocaret,
1587 1088 1662 1119 capite

893 1112 1026 1134 ianxeiunt:
1040 1112 1105 1147 ‘nihil
1112 1120 1178 1136 enim
1185 1120 1233 1136 non
1240 1121 1280 1144 per
1287 1115 1375 1139 milites
1382 1117 1466 1144 juratos
1473 1117 1498 1140 in
1504 1117 1607 1143 consulis
1613 1127 1663 1143 ver-

891 1139 932 1168 ba,
950 1149 1057 1179 quamv-is
1064 1143 1222 1174 perniciosum
1229 1147 1334 1176 populo,
1351 1146 1368 1170 fi
1380 1147 1405 1171 id
1417 1149 1508 1176 liceret,
1525 1150 1576 1173 fieri
1589 1151 1662 1182 posse.

891 1175 962 1208 Leges
969 1181 1058 1206 agraria:
1070 1183 1128 1198 num
1135 1173 1222 1199 suntde
1230 1177 1277 1203 iure
1284 1177 1464 1209 publico?(sunt
1471 1182 1589 1208 omnino,
1607 1183 1662 1213 quia

890 1210 1007 1239 pertinent
1015 1205 1131 1242 adpopuli
1138 1208 1305 1242 commodum.
1312 1210 1402 1233 Primus
1409 1212 1520 1235 omnium
1528 1215 1663 1245 promulga-

890 1242 923 1259 vit
935 1238 972 1267 Sp.
986 1239 1221 1274 Canius—vilcellinus
1236 1241 1261 1263 in
1273 1243 1311 1264 111.
1324 1241 1456 1269 consulatu,
1474 1243 1572 1274 perferre
1579 1251 1661 1270 tamen

891 1274 940 1290 non
947 1275 1038 1304 potuit,
1054 1272 1162 1300 virginio
1169 1271 1271 1302 collega,
1280 1273 1397 1304 omnique
1404 1273 1480 1298 senatu
1493 1275 1614 1300 resistente.
1622 1276 1661 1300 hic

891 1306 951 1336 auno
959 1307 1085 1336 proximo,
1103 1301 1163 1332 quasi
1171 1301 1200 1325 de
1207 1310 1280 1333 regno
1293 1304 1422 1335 cogitasset,
1439 1304 1452 1329 ὲ
1465 1313 1539 1337 patre,
1557 1314 1582 1330 ut
1596 1309 1662 1332 Vale-

889 1338 951 1366 ¹¹⁰⁵?
969 1331 992 1354 δε
1005 1333 1094 1355 Plinius
1107 1333 1223 1357 Secundus
1236 1333 1363 1362 affirmant,
1380 1334 1393 1359 a
1406 1339 1508 1369 populo,
1527 1345 1551 1361 ut
1565 1338 1591 1362 ab
1605 1340 1658 1364 aliis

889 1362 999 1398 traditum
1009 1364 1140 1399 Linviusain
1159 1364 1293 1393 damnatus,
1310 1366 1660 1401 nefariiconfiliipoenasmorte

890 1393 1012 1431 persolvit,
1032 1403 1057 1418 in
1064 1402 1113 1426 quo
1120 1395 1306 1421 foedissimumin
1314 1399 1406 1422 Valerio
1419 1407 1518 1424 erratum
1531 1401 1660 1433 deprehen-

890 1427 929 1453 ὼε
946 1426 1069 1462 nartilibro
1079 1429 1102 1449 V.
1110 1432 1131 1450 8.
1142 1435 1165 1461 ᾳ.
1182 1427 1222 1451 ubi
1230 1428 1258 1451 de
1265 1436 1386 1460 parentum
1393 1430 1511 1455 severitate
1523 1433 1662 1458 adverl‘iisli-

890 1458 956 1481 beros
968 1465 1015 1488 agit
1027 1475 1033 1485 ,
1061 1464 1093 1482 ita
1107 1457 1186 1481 scribit
1198 1467 1204 1481 :
1229 1461 1302 1489 Cassius
1309 1460 1386 1490 filium
1399 1478 1406 1488 ‚
1429 1466 1468 1493 qui
1481 1464 1579 1487 nil-unus
1589 1465 1659 1497 plebis

888 1491 996 1521 agrariam
1010 1491 1077 1520 legem
1087 1491 1171 1519 primus
1183 1492 1278 1517 tulerat,
1286 1491 1381 1515 adhibito
1390 1496 1559 1526 propinquorum
1568 1495 1593 1518 ὁ*
1601 1498 1659 1519 ami-

888 1529 959 1543 corum
971 1523 1052 1550 consiliu
1064 1521 1160 1551 affirfiari
1172 1524 1233 1553 regni
1244 1523 1331 1545 crimine
1340 1524 1457 1548 damnavit
1468 1542 1475 1552 ,
1491 1526 1658 1559 verberibusque

887 1552 988 1583 affefflum
999 1553 1148 1582 necarisuffit.
1157 1562 1180 1575 ac
1190 1554 1299 1582 peculium
1312 1557 1360 1584 ejus
1374 1557 1440 1579 cereri
1449 1558 1584 1586 consecravit.
1604 1559 1659 1582 Tti-

886 1583 975 1607 bunum
982 1584 1057 1615 plebis
1063 1585 1092 1607 ait
1099 1584 1164 1607 fuisse
1171 1584 1272 1608 Canium
1280 1602 1286 1612 ,
1304 1587 1344 1618 qui
1351 1588 1459 1618 agrariam
1467 1589 1544 1619 legem
1551 1591 1659 1620 promul-

886 1616 946 1646 gavit
955 1632 962 1641 ,
979 1615 1044 1646 quod
1055 1622 1133 1647 aperte
1143 1616 1226 1640 salium
1238 1616 1283 1640 esse
1296 1633 1303 1643 ‚
1321 1618 1401 1642 Livius
1414 1635 1420 1645 ,
1437 1621 1461 1644 &
1476 1620 1603 1650 Dionylius'
1617 1622 1658 1645 de-

887 1646 1023 1670 monstrant.
1049 1647 1103 1670 tulit
1115 1648 1181 1671 enim
1190 1647 1222 1677 de
1235 1655 1289 1679 agro
1308 1650 1464 1674 Hernicorum
1483 1650 1613 1675 dividendo
1630 1655 1657 1677 in

884 1680 923 1701 111.
935 1677 1056 1713 consulatu
1068 1686 1074 1699 :
1092 1685 1141 1709 quo
1153 1685 1261 1709 tempore
1273 1679 1341 1704 cami·
1355 1687 1419 1704 erant
1430 1682 1520 1711 patricii
1533 1699 1540 1709 ‚
1557 1683 1658 1713 (conili-

885 1710 917 1732 les
932 1716 996 1732 enim
1010 1708 1094 1733 fiebant
1107 1710 1115 1740 )
1132 1711 1156 1734 &
1170 1710 1265 1741 patricio
1279 1710 1425 1735 tribunatum
1437 1712 1513 1743 plebis
1529 1714 1578 1737 dari
1594 1715 1658 1746 leges

884 1740 995 1764 vetabant.
1014 1740 1069 1764 inde
1082 1740 1156 1772 plebis
1168 1742 1309 1765 concitandae
1321 1750 1429 1774 agrorum
1442 1744 1526 1768 divino
1542 1744 1658 1770 seditiosis

883 1771 983 1795 tribunis
1002 1772 1075 1803 plebis
1092 1772 1179 1796 occasio
1195 1773 1285 1804 semper
1298 1773 1351 1798 fuit.
1370 1776 1449 1807 itaque
1465 1776 1494 1799 de
1509 1776 1612 1801 ferendis
1625 1779 1658 1802 le-

885 1803 952 1835 gibus
971 1811 1021 1827 non
1036 1804 1083 1828 sine
1099 1811 1187 1835 magno
1203 1805 1269 1828 dviii
1288 1812 1356 1829 motu
1372 1806 1398 1829 sa:
1417 1814 1429 1829 e
1445 1807 1531 1832 astum.
1563 1811 1657 1834 Primus

884 1835 978 1866 pettulit
994 1838 1043 1859 Sex.
1058 1836 1162 1859 Licinius
1174 1837 1240 1859 Stolo
1253 1837 1359 1860 tribunus
1367 1839 1404 1869 ple
1424 1839 1456 1864 is,
1475 1841 1509 1866 is,
1527 1841 1656 1871 quietum,

885 1874 909 1890 ut
927 1868 981 1891 alter
997 1867 1077 1891 consul
1095 1867 1124 1890 de
1139 1867 1207 1898 plebe
1228 1875 1340 1892 crearetur
1352 1885 1359 1896 ‚
1387 1870 1464 1901 legem
1485 1873 1583 1901 rogavit.
1607 1873 1657 1900 eius

884 1900 935 1930 lege
953 1899 1046 1922 nemini
1063 1899 1120 1921 ultra
1142 1901 1173 1923 D.
1194 1899 1241 1929 agii
1257 1901 1333 1931 jugera
1346 1917 1352 1927 ‚
1379 1909 1456 1932 neque
1473 1903 1563 1927 pecoris
1581 1905 1654 1934 majo—

884 1931 915 1953 ris
934 1931 993 1953 ultra
1016 1931 1045 1953 C.
1068 1930 1168 1953 minoris
1191 1932 1249 1953 ultra
1271 1934 1301 1955 D.
1322 1932 1393 1962 capita
1416 1929 1482 1956 licuit
1505 1934 1594 1960 habere.
1618 1936 1654 1960 his

884 1960 1063 1992 adjungebantur
1078 1963 1150 1992 capita
1172 1961 1291 1986 servorum
1306 1979 1313 1989 ,
1346 1971 1369 1986 ac
1389 1965 1566 1996 ingenuorum,
1621 1975 1652 1992 uae

884 1993 937 2023 quis
954 1992 981 2015 ad
998 1992 1126 2016 custodiam
1142 1993 1189 2022 agri
1201 2009 1208 2018 2
1237 1992 1373 2025 pecorisque
1388 2003 1452 2019 certo
1469 2005 1570 2021 numero
1587 1975 1654 2023 hffbe-

884 2030 926 2047 ret.
958 2027 986 2047 Et
998 2040 1010 2059 ,¹
1029 2030 1055 2047 ut
1070 2031 1173 2055 appareat
1189 2024 1251 2055 leges
1268 2023 1280 2048 a
1303 2026 1402 2050 tribunis
1417 2027 1492 2058 plebis
1509 2029 1566 2052 odio
1583 2030 1653 2055 nobi-

885 2056 950 2091 lium-
961 2062 1039 2086 potius
1053 2072 1060 2082 ‚
1093 2063 1162 2087 quain
1178 2055 1256 2079 fludio
1271 2056 1359 2088 publici
1381 2060 1507 2083 commodi
1523 2060 1567 2085 effe
1583 2062 1650 2091 latas,

884 2094 964 2118 paucis
981 2087 1031 2119 post
1048 2088 1114 2110 annis
1130 2087 1168 2110 hic
1190 2088 1239 2119 ipse
1259 2089 1343 2116 Stolo,
1374 2089 1489 2114 accusante
1504 2094 1531 2116 L.
1549 2093 1654 2125 Popillio

882 2121 972 2142 Laenate
983 2135 990 2146 ,
1022 2119 1112 2151 primus
1125 2136 1131 2145 ,
1161 2125 1186 2142 ut
1202 2119 1232 2142 ait
1254 2121 1357 2144 Valerius
1373 2137 1380 2148 ,
1410 2121 1447 2145 sua
1463 2123 1520 2154 lege·
1531 2123 1651 2151 damnatus

883 2150 928 2177 est,
945 2150 1011 2181 quod
1027 2153 1061 2173 M.
1079 2158 1185 2181 iugerum
1203 2152 1250 2181 agii
1267 2159 1321 2175 cum
1338 2152 1389 2176 filio
1405 2153 1547 2183 penideret,
1569 2164 1650 2181 eman<

879 2183 1026 2214 cipandoque
1042 2182 1118 2206 filium
1134 2181 1241 2206 fraudem
1253 2183 1302 2215 legi
1317 2183 1412 2210 fecisset.
1439 2187 1556 2210 rationem
1572 2188 1651 2220 postea

880 2214 1008 2244 locupletes
1024 2214 1127 2238 inierunt
1144 2221 1169 2237 ut
1185 2215 1235 2245 plus
1251 2217 1280 2238 D.
1298 2216 1415 2248 jugeribus
1431 2217 1571 2249 poffiderent
1584 2236 1590 2246 ,
1608 2227 1649 2243 nec

880 2252 958 2269 tamen
971 2245 1060 2268 Licinia
1072 2246 1124 2277 lege
1141 2245 1245 2269 damnari
1258 2247 1356 2278 possent.
1373 2250 1424 2273 aliis
1440 2251 1505 2274 enim
1524 2252 1551 2274 ad
1569 2258 1650 2274 emen-

879 2276 938 2300 dum
951 2284 1029 2307 agium
1043 2276 1181 2305 summiOES,
1198 2277 1239 2308 ipfi
1252 2278 1401 2309 poffidebam.
1416 2281 1471 2305 huic
1484 2282 1546 2304 malo
1560 2283 1656 2307 mederiv

81 2308 178 2344 mentiti
190 2306 269 2331 essent.
301 2306 420 2342 Saucitum
433 2308 457 2331 δε
471 2307 530 2331 illud
542 2306 587 2333 est,
605 2313 630 2342 ut
639 2323 645 2334 ‚
667 2314 710 2338 pro
722 2306 789 2343 autito
802 2308 848 2330 int·
878 2308 967 2343 primus
979 2309 1054 2332 voluit
1067 2309 1199 2336 omnus,
1217 2309 1262 2338 (de
1272 2311 1366 2336 minore
1377 2313 1476 2344 loquor:
1494 2321 1546 2336 nam
1560 2314 1590 2336 iia
1601 2314 1649 2338 duo

78 2345 158 2371 peno,
174 2346 226 2366 nori
236 2345 279 2371 pro
291 2344 427 2370 reeuperatis
439 2355 447 2368 ‚
464 2346 515 2371 qux
529 2338 614 2378 popuii
624 2341 729 2363 Romam
740 2337 832 2364 furffem
840 2355 849 2367 2
878 2340 942 2365 Lauri
950 2356 957 2370 >
965 2347 990 2365 ut
997 2339 1045 2365 duo
1053 2339 1156 2365 Africani
1164 2357 1171 2368 ‚
1186 2340 1484 2371 suexe)Afncaniminons
1491 2345 1590 2369 amicitia
1597 2353 1649 2370 non

1175 2372 1256 2398 Liui
1273 2381 1283 2401 ³
1555 2376 1648 2407 minus,
