2075 2734
461 98 852 126 -Lrnzttne

406 119 463 143 αἰὲς
473 134 478 138 .

912 95 1276 127 Lzornus.
1611 104 1665 142 857

87 149 113 176 in
121 149 232 175 oratione
241 153 284 180 pro
297 147 325 172 1..
337 146 409 171 Balbo
422 146 546 170 Ciceronis
553 145 591 169 illa
599 144 665 180 verba
672 143 795 167 declarant.
814 142 857 166 ob·
885 143 954 187 Isium'
963 151 1003 180 per
1009 146 1333 183 {annos-irrogaretur,lege,
1359 154 1412 172 uam
1420 149 1661 184 Pompeiusmsson-

84 183 170 214 jec'lum
185 181 210 210 est
223 182 291 204 “iam
305 197 312 207 ²
337 180 401 215 quodi
411 180 434 202 f„
453 177 534 214 „Amyn
548 176 705 205 Crustuminum
719 181 858 209 pervenerit:
888 176 920 210 ¹*ul
935 177 1001 203 tulit,
1015 177 1148 214 diuturnius
1161 179 1275 206 exilium,
1295 187 1333 203 aut
1354 181 1435 216 ortasse
1448 189 1600 213 perpetuum,
1615 182 1660 207 esse

121 216 148 237 σα
158 215 191 236 hic
203 213 307 241 affiturus
320 211 346 240 est
359 213 411 241 legis
424 210 449 232 de
467 209 553 232 ambitu
569 216 661 244 [πωπω.
695 206 767 238 Qiod
781 208 796 229 lt
810 206 859 229 nul·
889 214 1024 237 irrogatum.
1038 217 1091 233 nam
1100 218 1124 233 ln
1132 210 1172 233 hac
1180 211 1230 241 lege
1237 218 1332 242 poenam
1339 219 1471 243 graviorem
1480 230 1486 239 ,
1502 221 1643 245 quamantea
1653 232 1660 241 ,

99 252 139 268 um
146 252 174 268 ex
181 251 210 267 eo
218 243 340 275 prxmium
348 242 460 266 accusator
465 239 577 271 consequi
585 237 657 270 posset
664 256 670 265 ,
679 238 722 262 boc
730 238 761 261 est
769 255 776 264 ‚
784 245 860 268 neque

86 275 152 300 suam
161 276 229 307 ipsius
237 273 415 300 absolutionem,
424 273 477 304 quia
484 272 605 294 damnatus
611 278 660 306 non
667 270 733 294 ess'et:
742 277 819 306 neque
826 270 860 305 ul-

88 309 141 332 lum
150 325 156 334 ‚
169 307 260 335 deiecto
267 313 307 329 reo
315 322 322 332 ‚
333 304 502 337 magistratum:
517 310 594 334 neque
601 301 689 325 tribum
699 319 705 329 ,
720 309 774 333 quia
783 308 860 337 rei-trt-

87 339 132 364 bus
139 339 253 366 nobilior,
265 338 385 369 pecuniam
392 335 428 359 illi
435 334 567 364 depublico
574 333 618 358 effe
625 334 709 361 datam,
719 335 773 357 licet
781 341 861 369 opina-

89 373 118 396 ri.
131 371 156 395 id
170 378 220 397 aute
299 376 328 393 eo
337 367 450 399 suspicor,
463 365 528 398 quod
537 366 651 390 Asconius
659 366 684 389 in
691 366 811 389 Orationis
819 372 861 395 pro

87 403 183 428 Milone
190 401 215 433 p‘a‘
235 421 240 425 .
249 399 479 428 205.comment:rio
487 414 493 424 ‚
502 399 568 424 Milo.
577 398 747 430 inquit‚pastero
754 397 862 426 disfadlus

89 443 137 458 reus
144 434 240 457 ambitur
246 432 431 466 apud-Manlium
439 432 582 461 Torquatum,
591 431 661 457 absin.
670 430 784 451 damnatus
791 428 826 456 est.
834 429 861 450 tl<

88 467 112 490 la
124 474 208 498 quoque
219 467 264 495 Iege
273 464 380 494 accufiztor
386 463 485 494 ejmsurt
491 465 543 492 Ap.
552 462 653 484 (laudm
660 471 668 485 .·
684 459 709 483 (γ
716 477 723 487 ,
730 469 779 482 cum
786 462 862 494 'ipsa-

88 499 160 521 mium
171 500 215 528 lege
226 498 329 521 daretur,
342 497 437 524 negavit.
454 495 512 517 Non
523 493 589 516 enirn
600 492 631 516 est
639 499 663 515 ut
671 491 861 526 intelligipossit,

88 529 212 560 ptzmium
225 527 262 550 illi
274 527 326 556 lege
337 525 417 549 datum
425 532 462 548 aut
470 523 538 556 ipfius
546 523 719 548 absolutionem
727 539 734 550 ,
746 530 789 546 nec
795 529 862 545 enim

87 558 216 584 recusasset:
229 565 267 582 aut
274 555 538 588 Milonismagistratum
546 572 552 582 ,
561 557 602 588 qui
610 556 793 587 deiignatusnon
801 560 862 589 erat,

87 598 126 615 aut
137 590 335 622 permutationem
343 588 416 612 tribus
424 605 430 615 ,
443 595 497 611 cum
505 587 584 619 ipsein
591 588 654 611 tribu
662 587 742 610 rustica
750 585 862 622 nobilrllr-

87 630 126 647 ma
138 620 276 646 censeretur.
293 620 406 644 Claudios
417 621 482 644 enim
490 619 597 643 Pulchros
605 621 629 643 in
637 619 698 643 tribu
707 616 862 653 Claudiafuis-

86 654 118 682 se,
126 662 154 678 ex
163 654 233 678 Livio
240 651 397 684 cognoscitur.
406 653 524 683 reliquum
532 650 699 682 igiturfortaffie
707 650 802 685 pecunia
808 648 862 684 fixit:

87 694 159 718 quam
166 686 268 716 accipere
275 702 281 711 ‚
290 684 410 716 dignitatis
417 691 467 707 non
473 690 531 706 erat:
541 685 620 714 itaque
627 683 726 714 Appius,
734 688 825 713 patricia
832 685 863 717 ra-

86 719 155 742 milia
162 724 227 741 natus
235 734 241 744 ,
250 717 334 747 Appii,
343 716 386 739 viri
394 715 532 741 consularis,
540 715 564 738 ἃ
572 716 676 745 augur-29,
685 714 754 740 filius,
763 718 862 749 negavit.

84 749 139 774 Post
145 749 297 780 Calpurniam
303 748 380 772 Tullia
387 747 440 774 fuit,
448 747 582 770 Consularis
589 746 666 778 &ipsa
672 745 684 769 a
693 749 726 768 M.
733 746 815 769 Tullio
823 745 864 780 (Ji-

84 779 293 806 ceroneConsule:
303 787 354 810 qua:
361 780 385 803 δι
392 786 488 810 poenam
495 778 635 810 graviorem,
647 785 718 808 quam
724 777 849 808 Calpurnia
857 791 863 801 ,

85 815 112 838 δι
119 819 224 846 praterea
231 820 294 844 aquae
301 811 324 834 δε
332 811 394 841 ignis
401 818 441 842 per
447 817 519 834 annos
526 812 552 833 X.
560 809 760 844 interdietionetri,
770 809 815 831 hoc
822 807 863 835 est,

86 847 113 868 X.
127 851 242 868 annorum
257 843 357 867 exilium
364 842 484 873 irrogavit
495 841 575 864 ordini
586 840 709 864 senatorio.
727 846 806 870 itaque
815 839 863 863 fine

85 876 149 899 causa
163 875 276 899 mirantur
287 873 412 899 nonnulli,
424 880 505 904 parum
518 872 627 895 videlicet
638 871 860 902 attenteinlegenda

84 906 178 931 historia
185 905 274 931 versati,
281 912 322 928 cur
328 904 413 927 Cicero
421 905 445 927 in
453 904 567 927 Oratione
573 911 615 935 pro
622 905 680 934 Sylla
687 911 736 934 cap.
746 911 766 930 5.
773 904 802 926 de
811 905 859 926 Au-

84 938 166 962 tronio
179 937 252 964 dicat,
264 936 361 959 Relidus
371 938 430 958 imus
438 953 445 963 ‚
458 936 652 966 easpeflarmforis.
671 938 699 960 Et
706 933 792 966 deipso
800 935 859 965 Sylla

83 977 133 1001 cap.
141 973 180 993 26.
198 968 289 998 ,Absuit
299 967 326 990 ab
332 969 398 991 oculis
405 968 490 997 austrie,
505 966 530 990 (Γ
539 984 545 994 ,
553 976 602 990 cum
609 969 654 998 lege
661 969 802 993 minaretur,
817 968 860 997 ipse

80 1003 106 1032 se
117 1003 183 1025 exilio
192 1008 247 1032 pene
257 1001 375 1023 multavit.
393 999 479 1030 quibus
491 998 567 1022 verbis
575 1016 581 1026 ,
594 999 623 1022 de
635 998 724 1022 ambitu
731 998 859 1026 damnatis,

84 1040 136 1065 quo
147 1033 248 1056 crimine
262 1032 391 1055 Autronius
399 1047 406 1058 ,
418 1032 442 1055 δε
451 1031 509 1061 sylla
518 1037 598 1062 peenas
605 1030 727 1057 dederant,
741 1031 859 1054 civitatem

83 1072 135 1089 non
142 1063 186 1088 esse
192 1064 245 1095 lege
252 1063 376 1094 Calpurnia
383 1070 485 1093 ereptam
494 1080 500 1089 ,
508 1062 618 1093 significat
625 1071 631 1085 z
638 1070 692 1086 curn
699 1063 763 1086 idem
772 1063 796 1086 in
805 1064 859 1085 Ora-

81 1097 150 1121 tione
162 1103 205 1128 pro
218 1095 310 1119 Plancio
316 1102 364 1126 cap.
374 1093 654 1126 3‚scriptumreliquerit:
672 1095 862 1123 Nuncpostulrzmr

83 1127 99 1152 ὰ
106 1128 166 1151 vobir
174 1144 180 1154 ,
194 1135 218 1150 ut
225 1129 273 1160 ejus
280 1128 346 1148 exilio
354 1143 361 1153 ,
374 1127 414 1156 qui
419 1127 536 1156 crearusfit
543 1142 549 1152 ‚
558 1127 748 1159 judiciumpopult
755 1129 817 1150 Rom.
825 1135 858 1148 te-

81 1160 226 1193 prehendam.
243 1165 292 1190 quo
299 1157 409 1183 declarat,
422 1157 513 1180 Plancio
525 1158 625 1181 exilium
634 1174 640 1184 ‚
658 1157 674 1181 fi
682 1157 711 1181 de
718 1157 807 1181 ambitu
820 1157 857 1180 da-

83 1197 179 1216 mnatus
189 1190 216 1213 stt
224 1206 230 1216 ,
239 1196 332 1221 poenarn
338 1188 446 1212 futuram.
456 1196 557 1220 pugnare
564 1190 666 1213 omnino
677 1189 723 1212 hacc
729 1190 790 1213 inter
797 1189 819 1212 se
826 1190 860 1212 vi-

83 1223 181 1247 dentur:
196 1220 234 1245 sed
246 1221 401 1245 conciliantur
411 1220 563 1244 distinetione
575 1227 712 1252 temporum
721 1237 727 1247 ,
740 1229 794 1245 nam
801 1221 860 1251 Sylla

84 1255 110 1278 &
118 1254 246 1278 Autronius
253 1252 356 1276 damnati
363 1251 414 1275 sunt
420 1259 472 1276 ante
480 1255 621 1276 Ciceronem
630 1252 860 1283 ConsulemffLepido

84 1288 110 1310 &
117 1286 190 1308 Tullo
197 1283 260 1307 Coff.
267 1291 292 1307 ea
300 1285 351 1314 lege
357 1301 364 1311 ,
378 1291 450 1314 quam
457 1286 487 1307 C.
495 1284 634 1314 Calpurnius
640 1284 693 1308 'Piso
699 1285 794 1307 tulerat:
809 1293 859 1316 qua:

83 1323 141 1340 cum
148 1315 201 1340 esset
208 1315 343 1339 severissima
351 1332 356 1342 ‚
369 1315 484 1339 damnaris
491 1322 569 1339 tamen
576 1317 674 1339 exilium
682 1324 731 1339 non
739 1315 860 1339 inscrebat.

81 1349 243 1372 oratio'autem
251 1354 293 1378 pro
300 1347 393 1370 Plancio
401 1347 450 1377 post
457 1347 730 1371 Ciceronisconsulatum
738 1348 812 1371 habita
819 1348 859 1371 est.

81 1387 134 1412 quo
141 1386 248 1410 tempore
261 1379 348 1407 iudicio
358 1378 389 1401 de
395 1378 485 1402 ambitu
491 1386 519 1402 ex
526 1386 551 1402 ea
558 1380 610 1410 lege
617 1397 622 1406 ,
636 1386 707 1410 quam
715 1378 762 1410 ipse
770 1378 858 1403 Consul

81 1412 169 1435 Cicero
176 1412 258 1434 tulerat
265 1427 271 1438 ‚
278 1409 442 1434 exercebantur
450 1418 454 1432 τ
463 1418 507 1442 qua
514 1411 567 1441 lege
574 1411 674 1434 exilium
682 1410 823 1435 senatoribus
830 1412 859 1434 ir-

82 1450 194 1474 rogatum
205 1441 250 1466 esse
258 1459 264 1469 ,
282 1450 330 1465 non
344 1440 441 1465 obscure
453 1449 497 1473 pro
508 1445 605 1466 Murena
618 1443 693 1466 oratio
707 1443 858 1466 demonstrat.

80 1476 186 1498 exilium
195 1480 271 1497 autem
284 1481 332 1497 non
340 1480 380 1504 per
387 1479 486 1496 omnem
494 1473 579 1500 vitam,
598 1481 622 1497 ut
629 1474 653 1497 in
661 1475 712 1497 aliis
719 1474 859 1497 criminibus

81 1505 218 1537 capitalibus
231 1522 238 1533 ,
257 1505 294 1529 sed
308 1512 347 1536 per
360 1504 502 1528 decennium
516 1503 582 1528 fniss‘e
593 1521 600 1532 ,
623 1505 720 1528 tradidit
734 1506 781 1528 Dio
795 1505 858 1529 libro

81 1539 195 1562 XXXVU.
207 1536 316 1567 Polybius
330 1543 407 1560 tamen
419 1536 482 1560 libro
489 1538 527 1559 Vl.
538 1543 588 1567 cap.
600 1544 637 1564 54.
650 1543 726 1568 aperte
733 1535 843 1568 fignificat
852 1554 858 1564 ,

83 1570 162 1593 multo
169 1575 221 1592 ante
227 1569 304 1599 legem
311 1568 415 1592 Tulliam
424 1585 430 1595 ‚
443 1569 588 1598 atqueetiam
595 1569 746 1600 Calpurniam
754 1585 760 1595 ‚
774 1569 856 1600 capita-

82 1601 134 1625 lem
146 1599 261 1624 ambitum
268 1598 340 1623 suiss'e.
352 1599 453 1623 aitenim
460 1599 502 1622 fic:
515 1601 699 1630 ‘Pecunir'spalam
705 1602 763 1629 apud
769 1603 859 1623 Cartha—

79 1633 185 1662 ginienses
198 1631 333 1662 magtstmrus
344 1637 454 1653 emuntur.
467 1632 524 1660 quod
534 1633 602 1653 Roma
613 1633 703 1663 capitaIt
712 1638 775 1662 poena
783 1634 856 1654 vindi·-

81 1671 154 1686 carur.
170 1663 210 1686 illa
221 1669 292 1692 porro
306 1661 452 1692 temporibus
465 1661 568 1685 Africani
581 1662 682 1685 minoris
688 1661 797 1693 Polybius
803 1670 856 1694 pro-

80 1694 151 1718 didit.
163 1701 189 1717 ut
201 1701 287 1718 novam
294 1693 455 1725 postealegem
462 1709 469 1719 ,
482 1700 559 1716 vetere
565 1693 671 1724 abrogata
680 1710 686 1719 ,
694 1693 723 1716 de
730 1693 819 1725 ambnu
826 1696 857 1717 la-

81 1732 131 1750 tam
144 1726 236 1750 credere
246 1725 272 1750 fit
286 1724 387 1752 necesse,
400 1732 451 1756 quz
463 1725 544 1754 capitis
557 1731 652 1756 poenam
659 1725 779 1749 ademerit.
794 1729 857 1752 Aur,

80 1758 186 1782 dicamus
194 1757 284 1789 Polybii
291 1763 355 1780 atate
360 1757 480 1787 capitalem
488 1755 554 1780 fuiffe
560 1756 676 1780 ambitum
683 1764 732 1780 non
739 1757 792 1788 lege
799 1773 806 1784 ,
816 1756 856 1782 sed

82 1796 166 1813 more:
181 1796 236 1813 cum
249 1796 279 1812 eo
290 1789 438 1815 decrimine,
451 1789 528 1819 deque
535 1788 649 1811 aliisitem
656 1788 791 1818 capitalibus
797 1796 858 1812 nona

80 1821 140 1845 dum
155 1827 262 1852 praetores
274 1826 402 1851 quaterent
410 1836 416 1847 ,
431 1818 468 1842 sed
480 1820 581 1851 populus
593 1819 641 1851 ipse
651 1819 744 1844 tributis
750 1821 857 1844 comitiis

79 1853 205 1882 iudicaret,
218 1852 284 1884 quod
296 1853 360 1876 idem
371 1851 483 1882 Polybius
495 1852 521 1875 in
532 1851 619 1875 eodem
629 1851 745 1883 librocap.
753 1857 775 1875 6.
787 1852 856 1876 docet

80 1885 118 1908 his
130 1884 218 1907 verbis:
232 1887 306 1915 Capite
316 1885 433 1906 damnandi
439 1884 499 1912 filus
510 1883 636 1914 patestatem
643 1883 810 1915 haberpopulus.
827 1885 854 1908 ln

79 1915 158 1939 Tullia
165 1915 224 1938 illud
232 1922 330 1946 quoque
337 1913 445 1944 {criptum
453 1914 485 1936 est
491 1931 497 1941 ,
508 1921 538 1937 ne
543 1914 597 1944 quis
603 1914 704 1938 biennio
712 1931 718 1941 ,
726 1922 775 1946 quo
783 1917 855 1946 magi-

81 1947 175 1972 stratum
183 1946 281 1978 petiisset
289 1943 427 1977 petiturusve
435 1944 489 1968 esset
496 1961 502 1971 ,
511 1945 647 1976 gladiatores
654 1946 715 1969 daret
724 1962 730 1972 ‚
737 1946 778 1969 nifi
786 1954 815 1970 ex
823 1954 856 1970 te-

82 1978 198 2003 stamento
211 1977 330 2009 praestituta
337 1977 386 2003 die,
392 1984 422 1999 ne
428 1977 481 2008 quis
488 1977 582 2007 prandia
588 1977 661 2008 vulgo
667 1977 737 2000 daret.
746 1985 816 2008 quam
822 1979 856 2002 le·

82 2018 138 2042 gem
152 2017 206 2033 cum
217 2012 240 2033 P.
252 2009 354 2032 Vatinius
360 2007 544 2039 contempfiffet,
558 2007 668 2037 objicitei
676 2010 762 2032 Cicero
770 2016 856 2034 tantam

79 2043 203 2066 licentiam
217 2047 285 2072 atque
291 2041 443 2071 arrogantiam
452 2041 476 2063 in
483 2039 604 2071 asperrima
611 2040 649 2063 illa
656 2041 841 2072 interrogatione
848 2059 854 2069 ‚

81 2074 142 2098 &in
154 2073 261 2097 oratione
271 2080 314 2103 pro
327 2072 412 2096 Sextio.
430 2074 457 2095 In
470 2071 562 2096 Aufidia
570 2071 708 2099 tribunicia,
723 2080 793 2104 quam
801 2074 855 2097 tulit

81 2108 118 2130 M.
127 2105 234 2129 Aufidius
241 2107 316 2128 Lurco
324 2121 330 2131 ‚
344 2103 425 2127 eadem
432 2103 496 2127 fuere
504 2120 511 2130 ‚
523 2111 573 2135 quae
580 2104 604 2127 in
613 2103 769 2136 superioribus
776 2121 783 2132 ,
797 2107 854 2130 novi

80 2137 128 2161 hoc
135 2154 142 2164 ,
153 2143 179 2160 ut
187 2154 193 2164 ,
202 2136 243 2166 qui
250 2143 362 2159 nummos
369 2136 394 2159 in
401 2135 462 2159 tribu
474 2134 640 2168 pronuntiaffet
647 2153 653 2163 ,
664 2135 680 2159 si
687 2143 736 2160 non
745 2136 840 2161 dedisset
847 2154 854 2165 ‚

81 2169 181 2200 impune
188 2168 252 2193 effet:
263 2167 296 2191 sin
303 2166 398 2191 dedisset
404 2183 410 2193 ‚
419 2168 471 2191 ntis
477 2184 482 2194 ,
491 2168 672 2199 quoadviveret,
679 2167 774 2199 singulis
781 2169 853 2192 tribu·

79 2199 124 2223 bus
134 2202 178 2224 Hs.
192 2207 241 2224 cro.
253 2207 305 2222 cro.
317 2207 366 2222 cro.
379 2198 480 2223 deberet.
498 2198 635 2223 Consulares
643 2207 747 2231 prcctetea
756 2201 810 2224 duas
817 2202 851 2224 in-

79 2232 153 2256 venio
161 2247 167 2258 ,
175 2231 311 2262 Pompeiam
319 2247 326 2258 ,
333 2231 356 2254 &
364 2230 458 2261 Juliarn,
465 2233 510 2254 Cn.
518 2232 624 2262 Pompeii
630 2233 719 2263 Magni,
728 2233 752 2254 ὅ(
759 2234 788 2255 C.
795 2233 853 2264 Julii

81 2262 175 2287 Caesaris
182 2280 190 2290 ,
202 2264 244 2294 qui
250 2262 327 2294 postea
335 2261 441 2286 Dictator
447 2262 491 2285 fuit
499 2271 504 2284 z
513 2270 562 2294 quat
569 2263 627 2294 quid
634 2271 670 2286 aut
678 2262 794 2287 diversum
802 2281 808 2291 ‚
817 2271 854 2288 aut

75 2295 180 2326 amplius
187 2312 193 2321 ‚
209 2301 281 2326 quam
294 2301 344 2325 qua:
352 2300 415 2316 antea
422 2294 470 2317 latai
477 2293 564 2317 sucrant
571 2295 634 2325 leges
641 2312 648 2321 ,
662 2295 785 2318 habuerint
793 2313 799 2318 .
814 2303 854 2319 ex-

77 2327 196 2358 ploratum
204 2333 253 2349 non
261 2325 299 2349 est.
307 2325 332 2349 id
339 2325 438 2357 quidem
445 2325 510 2349 facile
517 2326 655 2349 crediderim
665 2344 671 2353 ,
677 2334 733 2350 curu
739 2327 791 2357 lege
798 2328 853 2350 Tul-

74 2359 108 2385 iia
114 2358 143 2384 de
150 2357 361 2384 ambitu-damnatis
366 2357 459 2390 aquae&
468 2357 529 2390 ignis
535 2358 671 2383 interdistio
679 2375 687 2388 ,
700 2358 746 2383 hoc
752 2358 798 2387 est,
805 2359 854 2384 cxi-

889 239 912 261 &
926 238 1027 263 formam
1041 241 1183 267 judiciorum
1197 242 1329 267 breviorem
1348 244 1460 267 Pedianus
1479 246 1596 269 nominat.
1614 246 1660 269 lior:

888 270 958 294 etiam
966 271 1005 294 hac
1013 272 1065 302 lege
1073 272 1185 296 sancitum
1192 272 1235 297 esst
1243 275 1313 298 video
1322 292 1328 302 ,
1341 276 1411 299 nerei
1424 275 1576 300 laudarentur.
1592 278 1659 308 quod

887 302 952 325 idem
960 305 1083 333 Pompeius
1089 312 1143 328 cum
1152 306 1175 328 in
1184 306 1267 329 Plancii
1275 307 1362 334 judicio
1370 314 1420 331 non
1429 306 1530 331 servasset
1538 325 1544 334 ,
1555 312 1589 332 M.
1596 311 1659 332 Cato

889 333 957 361 iudex
972 336 1077 365 Pompeii
1090 336 1249 360 laudationem
1264 339 1310 369 legi
1323 340 1404 362 vetuit.
1427 340 1486 363 item
1499 340 1558 363 illud
1567 357 1574 367 ,
1591 341 1658 372 quod

889 366 1008 396 Appianus
1022 367 1062 390 lib.
1073 376 1094 391 2.
1108 367 1212 392 bechiv.
1220 368 1332 400 scriptum
1340 371 1436 402 reliquit
1444 389 1450 398 ,
1457 378 1482 394 ut
1489 373 1587 395 alterum
1596 373 1660 396 indi<

887 397 947 430 canti
955 397 1044 421 daretur
1052 399 1186 430 impunitas,
1194 401 1259 431 quod
1267 403 1337 425 etiam
1346 403 1396 433 lege
1404 404 1529 434 Calpurnia
1537 403 1660 431 sancitum,

888 431 953 458 supra
960 429 1113 454 ostendimus.
1130 439 1169 455 cur
1182 433 1254 462 igitur
1266 433 1330 457 idem
1345 432 1380 457 sua
1393 435 1444 464 lege
1458 436 1580 466 Pompeius
1594 436 1661 458 itera-

889 460 935 482 vit?
944 460 994 484 dixi
1006 462 1061 490 jam,
1069 462 1206 494 derogatum
1214 465 1302 495 aliquid
1310 466 1440 496 Calpur-nist·
1447 466 1503 498 legi.
1517 469 1562 490 hoc
1569 466 1661 491 fortasse

888 491 947 514 illud
954 491 985 515 est
993 509 1000 519 ,
1007 494 1073 524 quod
1079 493 1171 518 fortasse
1178 497 1310 527 Pompeius,
1318 497 1433 520 crescente
1440 499 1537 525 ambitu,
1546 506 1661 522 renovan-

887 523 945 546 dum
954 525 1049 554 putavit.
1067 525 1132 549 Idem
1141 526 1185 549 hoc
1193 534 1299 558 tempore
1312 528 1417 554 iudicum
1431 537 1557 553 numerum
1564 531 1659 553 videtur

886 554 1026 579 constituisse
1033 558 1149 581 CCCLX.
1163 559 1228 589 quod
1236 561 1260 583 Sc
1268 560 1415 588 Velleiuslib.
1426 569 1447 584 2.
1462 562 1485 584 ὅ(
1492 562 1624 585 Plutarchus
1632 563 1658 586 in

886 587 1000 617 Pompeio
1007 587 1111 610 declarat.
1126 589 1148 611 ἃ
1157 596 1199 620 pro
1207 592 1285 614 CCC.
1298 592 1424 622 legendum
1432 599 1489 622 puto
1504 595 1616 617 CCCLX.
1632 594 1658 618 in

890 618 985 649 epistola
993 619 1256 646 coelii,f³m.lib.v1u.
1270 622 1313 646 nili
1327 623 1342 646 li
1350 630 1386 646 aut
1396 625 1519 652 vellejum
1528 626 1659 648 autPlutar-

887 649 958 674 chum
970 651 1036 674 malis
1043 650 1234 675 ess‘emendosum
1243 670 1249 679 ‚
1264 662 1334 685 quam
1342 655 1464 686 epistolam
1472 657 1544 679 Coelii
1554 673 1559 682 ‚
1573 664 1599 680 ut
1607 657 1660 680 ubi-

889 683 1044 714 quelegatur‚
1058 685 1132 707 CCC.
1147 691 1184 707 aut
1192 685 1308 709 mendum
1320 694 1384 717 aque
1391 687 1448 718 apud
1457 688 1604 715 omnesess‘e,
1618 689 1659 712 ali-

889 716 942 744 quis
949 713 1078 741 existimet,
1094 722 1136 738 nec
1144 717 1220 739 CCC.
1234 724 1272 740 aut
1285 719 1399 742 CCCLX.
1412 718 1449 742 sed
1463 721 1556 742 CCCL.
1571 720 1658 748 judices

888 744 965 773 fuisse,
972 752 1204 770 uteorum-numerus
1211 755 1265 772 cum
1274 757 1374 772 numero
1383 750 1487 774 tribuum
1497 768 1502 777 ,
1511 757 1562 782 qim:
1569 754 1658 776 XXXV.

888 784 966 804 erant,
977 784 1103 808 congruat,
1117 779 1182 809 quod
1193 786 1221 801 ex
1229 779 1324 811 singulis
1335 780 1440 805 tribubus
1453 782 1507 806 deni
1521 790 1657 807 crearentur.

888 809 1036 840 Hanclegem
1043 809 1184 841 fignificatin
1192 813 1332 842 Panegyrico
1347 821 1394 844 cap.
1404 822 1442 839 29.
1455 822 1478 838 n.
1489 821 1509 837 1.
1521 815 1609 838 Plinius
1622 815 1664 838 his

888 840 983 863 verbis:
1005 844 1106 864 ⁸Annona
1117 843 1234 873 aliquando
1251 852 1305 865 cura
1323 846 1425 876 Pompejo
1439 854 1476 867 non
1490 847 1561 868 minua
1573 847 1658 869 addidit

882 873 973 901 gloria,
990 880 1057 902 quam
1066 873 1141 902 puffiaes
1154 873 1250 896 ambitus
1263 881 1345 907 campo.
1362 878 1424 907 Lege
1432 877 1490 899 item
1504 877 1563 906 Julia
1575 878 1659 909 capita-

884 905 934 928 lem
940 903 1142 933 ambitumftiiffe‚
1150 905 1373 937 apudJustinianum
1380 906 1490 939 scriptum
1498 907 1539 933 est.

1091 977 1285 1005 CAPUT
1326 978 1452 1006 XXIX.

885 1047 962 1081 Lqes
975 1044 1008 1071 de
1022 1044 1141 1080 corruptis
1149 1030 1272 1080 judiciis,
1288 1047 1320 1073 de
1326 1046 1457 1075 adulteriis
1467 1067 1474 1077 ,
1488 1048 1519 1075 de
1525 1046 1609 1086 suffit,
1626 1048 1658 1077 de

923 1082 1069 1121 plagiarm,
1082 1084 1234 1118 defitspedhs
1248 1083 1385 1117 tutoribus,
1397 1086 1428 1112 de
1433 1084 1536 1124 firmofir
1543 1086 1613 1114 label-

983 1121 1029 1154 lis,
1043 1122 1074 1149 de
1082 1122 1176 1158 surus,
1196 1122 1276 1155 &de
1289 1122 1441 1161 clandestina
1454 1133 1565 1152 cortrone.

947 1189 1025 1213 rimen
1037 1189 1188 1222 decorruptis
1195 1189 1286 1219 judiciis
1294 1190 1369 1223 ipsum
1377 1199 1475 1224 quoque
1481 1192 1577 1225 capitale
1583 1193 1658 1217 credi-

961 1221 1048 1246 derim.
1063 1221 1088 1245 id
1098 1230 1126 1245 ex
1134 1230 1164 1245 eo
1176 1223 1278 1252 conjicio
1288 1240 1294 1250 ‚
1307 1224 1373 1255 quod
1386 1227 1412 1248 C.
1422 1225 1537 1249 Gracchus
1549 1225 1658 1250 tribunus

886 1253 961 1283 plebis
967 1261 1019 1276 eam
1026 1254 1105 1285 legem
1113 1255 1137 1277 in
1145 1254 1254 1278 ordinem
1263 1254 1465 1279 senatorium-tulit
1473 1274 1480 1283 ‚
1492 1264 1585 1281 exteros
1592 1258 1657 1281 ordi-

886 1286 1037 1316 nesexcepit:
1052 1286 1107 1308 utin
1116 1286 1229 1309 Oratione
1237 1288 1516 1319 proeluentiolegimus.
1534 1291 1598 1312 Cum
1611 1289 1659 1320 igi-

886 1322 923 1339 tut
935 1316 1057 1340 &crimen
1068 1315 1145 1347 ipsum
1159 1325 1198 1347 pet
1211 1317 1233 1341 se
1240 1318 1398 1349 gravissimum
1410 1319 1493 1346 suerit,
1508 1320 1583 1350 (quid
1590 1322 1658 1345 enim

888 1348 979 1377 gravius
987 1364 993 1374 ‚
1005 1355 1076 1379 quarn
1085 1349 1237 1373 innocentem
1246 1366 1252 1376 ‚
1264 1357 1352 1382 accepta
1360 1352 1456 1382 pecunia
1469 1351 1658 1382 condemnare2)

886 1380 911 1403 &
919 1379 1034 1402 Gracchus
1041 1387 1092 1404 eam
1100 1381 1185 1410 legem,
1194 1388 1218 1404 ut
1225 1382 1250 1404 in
1258 1382 1339 1405 eadem
1347 1383 1459 1407 Oratione
1467 1383 1498 1406 ait
1505 1384 1600 1411 cicero,
1611 1391 1658 1416 pro

885 1410 952 1441 plebe
965 1411 1057 1438 tulerit,
1071 1412 1098 1435 ad
1110 1413 1230 1436 licentiam
1242 1412 1353 1437 senatorii
1367 1414 1458 1438 ordinis
1472 1415 1656 1439 retundendam:

886 1443 976 1465 leviore
982 1450 1052 1473 poena
1059 1450 1114 1467 eum
1124 1451 1263 1468 contentum
1270 1444 1337 1468 fuisse
1344 1462 1350 1471 ,
1358 1445 1483 1469 vexifimile
1490 1454 1538 1471 non
1545 1446 1584 1471 est.
1594 1447 1660 1479 quod

886 1481 915 1496 eo
923 1475 997 1505 magis
1006 1474 1118 1498 existimo
1126 1491 1132 1501 ‚
1145 1477 1200 1506 quia
1207 1476 1282 1505 postea
1289 1477 1379 1503 crimen
1387 1477 1431 1500 hoc
1445 1481 1471 1501 L.
1480 1478 1540 1507 Sylla
1547 1486 1658 1509 compre-

887 1504 1058 1537 henditealege
1066 1523 1072 1532 ‚
1081 1513 1152 1537 quam
1160 1506 1188 1530 de
1196 1514 1287 1530 veneno
1297 1508 1351 1530 tulit
1359 1525 1364 1534 ,
1373 1510 1498 1539 utcapitale
1504 1510 1593 1534 crimen
1600 1518 1657 1535 cum

885 1537 989 1567 capitali,
998 1544 1114 1560 venenum
1122 1536 1208 1562 scilicet
1215 1546 1269 1562 cum
1276 1539 1369 1567 judiciis
1375 1541 1490 1572 corruptis
1498 1557 1505 1567 ‚
1512 1542 1659 1570 coniunxiss‘e

886 1568 997 1592 videatur.
1013 1568 1058 1592 hoc
1065 1570 1178 1593 orationis
1185 1577 1227 1601 pro
1236 1571 1348 1594 Cluentio
1357 1572 1365 1601 (
1373 1579 1402 1595 ne
1410 1573 1514 1603 pluribus
1521 1580 1569 1596 utar
1575 1581 1657 1597 exem-

887 1601 947 1630 plis)
959 1605 1032 1630 partes
1039 1602 1117 1624 multa.
1125 1601 1248 1625 declarant.
1261 1604 1285 1626 ὃς
1299 1603 1357 1633 Sylla
1369 1603 1470 1635 equestri
1483 1605 1563 1628 ordini
1574 1606 1658 1629 admo-

886 1632 995 1655 dumfuit
1003 1631 1105 1655 infensus
1113 1649 1118 1657 ,
1137 1632 1308 1662 senatoriiyeto
1315 1634 1500 1659 studiofiffimus:
1519 1637 1616 1661 Gracchi
1625 1644 1658 1661 ta-

887 1670 942 1686 men
950 1663 1027 1694 legem
1035 1664 1059 1686 in
1067 1663 1112 1687 hoc
1119 1661 1221 1691 secutus,
1238 1665 1369 1696 equestrem
1381 1666 1506 1694 ordinem,
1524 1668 1548 1690 &
1560 1668 1657 1699 plebem

887 1695 992 1725 periculo
1004 1693 1118 1718 liberavit.
1137 1696 1209 1726 Qtod
1222 1703 1299 1720 autem
1312 1697 1442 1726 conjec'tura
1454 1698 1566 1723 adductus
1578 1700 1659 1724 existi-

888 1725 980 1749 mabam
989 1742 995 1752 ,
1012 1726 1037 1749 id
1048 1727 1107 1758 legis
1121 1729 1169 1750 ΧΠ.
1181 1726 1252 1751 tabul.
1264 1727 1402 1752 testimonio
1415 1730 1506 1753 Gellius
1518 1731 1656 1756 confirmat:

887 1758 912 1781 in
925 1764 970 1788 qua
983 1756 1094 1789 scriptum
1108 1756 1152 1781 effe
1165 1759 1209 1785 ait,
1228 1765 1253 1782 ut
1266 1776 1273 1786 ‚
1290 1760 1333 1790 qui
1345 1760 1378 1784 ob
1391 1768 1441 1784 rem
1455 1761 1602 1787 iudicandam
1614 1771 1656 1795 pe-

884 1790 978 1812 cuniam
992 1789 1100 1821 accepiffe
1112 1790 1234 1814 convietus
1246 1790 1313 1818 esset,
1329 1792 1403 1824 capite
1410 1793 1539 1823 puniretur.
1554 1797 1657 1819 utGrac—

884 1820 939 1844 chus
952 1828 1003 1845 non
1017 1822 1062 1845 hoc
1075 1820 1123 1852 ipse
1135 1829 1226 1846 novum
1241 1821 1340 1847 sanxerit
1354 1841 1360 1851 ,
1384 1824 1423 1848 sed
1436 1822 1448 1847 Ξι
1461 1827 1509 1848 xm.
1523 1825 1593 1850 tabul.
1613 1835 1657 1858 pe-

882 1853 954 1876 titum
967 1852 1069 1885 insuam
1081 1854 1158 1884 legem
1174 1854 1304 1878 trastulerit.
1335 1858 1419 1880 Romae
1437 1863 1514 1881 autem
1527 1859 1581 1889 quis
1594 1858 1657 1887 judi-

883 1885 948 1908 cium
962 1892 1052 1915 primus
1062 1886 1191 1916 corruperit
1204 1903 1210 1913 ,
1233 1887 1360 1917 ignoratur.
1383 1888 1448 1918 quod
1462 1889 1485 1912 ὃ(
1504 1887 1517 1911 ἐι
1532 1891 1655 1915 Plutarcho

883 1916 994 1940 traditum
1008 1916 1039 1940 est
1052 1917 1077 1940 in
1089 1918 1134 1940 vita
1147 1918 1280 1942 Coriolani.
1298 1919 1396 1943 Athenis
1403 1927 1470 1946 vero,
1489 1921 1553 1945 idem
1561 1920 1654 1950 scribit,

884 1950 992 1978 Anytum
1006 1964 1013 1974 ,
1036 1948 1213 1972 Anchemconis
1232 1949 1309 1973 filium
1326 1967 1333 1977 ,
1356 1950 1413 1974 hanc
1432 1951 1520 1983 pestem
1539 1953 1659 1979 induxiffe·

884 1981 997 2009 primum.
1015 1981 1094 2003 Unum
1107 1979 1190 2003 addam
1203 1979 1229 2002 ad
1244 1981 1338 2012 ingenia
1351 1983 1484 2010 excitanda,
1501 1986 1580 2016 quod,
1589 1994 1653 2018 quae-

883 2010 998 2034 ssionibus
1011 2010 1103 2041 posuis,
1120 2012 1224 2035 maxime
1236 2012 1275 2035 fir:
1293 2013 1372 2037 mirari
1385 2021 1424 2038 me
1431 2014 1596 2045 vehementer,
1613 2025 1655 2043 cur

885 2042 910 2065 in
924 2050 948 2065 ea
961 2058 968 2068 ‚
987 2050 1059 2073 quam
1079 2043 1188 2074 proxime
1207 2044 1351 2072 nominavi,
1375 2047 1482 2070 oratione
1495 2051 1601 2079 pecunias
1619 2050 1654 2075 ob

887 2073 1038 2101 judicandum
1049 2080 1124 2105 captas
1142 2076 1228 2099 Cicero
1241 2077 1376 2108 reperundas
1389 2085 1468 2105 vocet,
1488 2087 1544 2111 quas
1555 2081 1656 2108 diversas

884 2105 950 2129 fuisse
962 2113 1035 2129 nemo
1047 2105 1120 2129 nescit
1135 2113 1141 2128 ι
1166 2107 1195 2130 de
1207 2107 1293 2139 quibus
1304 2109 1375 2132 etiam
1389 2111 1481 2141 proptia
1498 2112 1551 2143 lege
1566 2121 1655 2145 quaere..

884 2136 964 2161 batur:
989 2144 1042 2160 cum
1056 2137 1085 2160 de
1097 2139 1127 2161 iis
1141 2155 1147 2165 ,
1170 2146 1221 2171 quat
1234 2139 1266 2163 ob
1281 2140 1488 2169 remindicandam
1500 2143 1572 2168 essent
1592 2153 1655 2171 acce-

882 2176 925 2201 pta:
939 2187 946 2196 ,
965 2169 1018 2200 lege
1029 2170 1140 2193 Cornelia
1153 2170 1182 2194 de
1193 2178 1285 2195 veneno
1297 2174 1482 2203 cognosceretur.
1500 2175 1542 2200 nifi
1555 2176 1571 2200 fi
1583 2185 1653 2208 pecu-

883 2201 926 2224 niae
940 2201 1077 2231 repetundae‘
1087 2201 1222 2226 dicebantur
1235 2211 1284 2227 non
1297 2211 1328 2228 ea:
1339 2203 1428 2233 solum,
1455 2214 1511 2238 quas
1523 2210 1652 2240 provincia-

884 2240 937 2256 rum
956 2233 1057 2256 restores
1079 2241 1159 2257 contra
1184 2235 1247 2265 leges
1266 2235 1400 2268 accepissent
1412 2254 1419 2265 ‚
1442 2245 1524 2263 verum
1543 2241 1566 2262 δι
1585 2241 1630 2264 illae
1643 2257 1651 2268 ,

883 2271 982 2295 quarum
995 2262 1058 2288 causa
1067 2281 1073 2291 ‚
1093 2266 1135 2297 qui
1149 2265 1180 2289 ob
1194 2267 1344 2295 judicandum
1357 2276 1394 2293 eas
1406 2269 1517 2301 cepissent
1529 2287 1536 2296 ‚
1553 2271 1578 2294 in
1591 2272 1653 2300 judi-

882 2297 946 2319 cium
954 2303 1094 2320 vocarentur.
1104 2298 1207 2329 quodam
1215 2300 1280 2322 enim
1288 2301 1372 2328 modo,
1380 2309 1433 2325 cnm
1440 2301 1544 2325 adversus
1551 2309 1592 2325 eos
1602 2310 1656 2334 age·-

882 2334 957 2355 rerur,
972 2327 1061 2356 judicio
1069 2331 1244 2361 tepetipecunia
1252 2331 1377 2356 videbatur.
1392 2333 1446 2356 ideo
1453 2332 1543 2356 facilius
1549 2334 1656 2359 credide-

879 2360 936 2388 rim,
949 2361 1003 2392 quia
1009 2360 1061 2392 lege
1068 2360 1129 2392 Julia
1136 2361 1164 2384 de
1170 2363 1305 2392 repetundis
1312 2371 1363 2389 non
1368 2365 1467 2389 reetores
1474 2365 1550 2389 modo
1556 2368 1655 2396 provin-⁴

1130 2395 1151 2416 0
1161 2401 1176 2417 0
1184 2401 1199 2417 o
1208 2401 1222 2418 o
1229 2401 1244 2418 ο
1264 2402 1275 2422 3
1547 2398 1636 2424 ciarum
1644 2412 1655 2429 >
1681 2414 1683 2417 ·
