2075 2734
453 102 517 131 Dn
556 100 1367 141 Lzetonelaux1211s‚&c.Car.4.
1556 129 1560 131 .
1648 123 1704 155 7-¹9

115 151 173 188 ait}
192 152 265 194 §uod
280 150 441 184 vocabulum
458 165 553 186 eorum
567 155 695 184 defideret
710 154 794 181 fidem
809 173 816 185 ‚
837 159 918 190 atque
931 152 1100 191 diligentiam
1115 175 1123 186 ‚
1143 154 1237 192 quibus
1251 156 1350 184 milites
1363 155 1524 192 probentur}
1563 159 1706 192 Numerus

115 204 184 223 vero
196 193 316 222 militum
331 194 358 221 in
372 193 521 231 legionibus
534 203 589 222 non
603 194 677 221 idern
690 191 797 228 semper
810 212 818 223 ‚
844 190 889 219 fed
903 193 990 220 vari-us
1004 192 1112 220 diverfis
1127 192 1295 229 temporibus
1309 193 1367 221 fuit.
1406 196 1496 225 Prima
1508 197 1570 234 legio
1582 198 1629 226 fiib
1644 201 1701 230 Ro-

113 231 194 260 mulo
204 231 285 259 trium
297 230 408 260 millium
420 233 542 269 peditum
554 252 562 264 ,
583 233 611 260 &
623 237 808 259 trecentorum
822 230 946 266 equitum
960 220 1012 261 ibit
1024 250 1032 262 ,
1055 232 1094 258 uti
1110 231 1280 260 consentiunt
1293 230 1385 260 Livius
1395 253 1403 265 ,
1424 233 1555 274 Dionyfius
1565 255 1573 265 ,
1596 238 1704 266 Plutar-

112 270 184 301 chus,
205 272 232 298 ὃ(
245 270 296 298 alii.
337 271 429 298 Postea
441 278 531 299 autem
544 269 611 305 saepe
621 268 736 296 variatus
747 267 791 296 hic
806 277 871 295 num
877 277 935 295 erus
953 268 1004 301 est,
1025 276 1055 297 ut
1070 269 1156 297 modo
1166 279 1290 308 quatuor,
1311 271 1397 299 modo
1407 270 1518 312 quinque
1531 294 1538 305 ,
1560 276 1646 303 modo
1652 278 1700 311 βμ-

112 306 224 335 millium
236 308 360 346 peditum
372 329 380 342 ,
401 309 520 345 itemque
534 307 620 335 modo
636 307 814 335 ducentorum
829 326 836 337 ‚
856 306 943 333 modo
962 313 1146 334 trecentorum
1161 309 1282 344 equiturn
1297 307 1463 338 scriberetur.
1501 311 1651 340 Plutarchus
1669 316 1699 344 in

110 346 250 378 Romulo,
270 346 366 374 author
379 346 429 377 est,
450 345 601 376 Romulum
618 345 677 381 post
691 344 800 372 Sabinos
814 345 842 371 in
857 344 994 372 civitatem
1008 353 1147 380 accep105‚
1167 345 1304 382 legionem
1317 347 1470 383 duplicasse,
1491 356 1570 386 atque
1584 360 1642 378 eam
1652 351 1696 381 sex

111 384 189 411 mille
203 384 342 420 pediturn,
362 386 389 412 δί
405 383 592 412 sexcentorum
608 384 730 421 equitum
746 382 835 410 fecisse
849 403 858 414 ,
879 383 906 409 in
921 391 972 419 qua
990 391 1019 409 re
1033 382 1086 409 sme
1100 383 1181 410 dubio
1196 383 1313 415 fallitur3
1334 385 1441 413 Carolus
1454 386 1570 425 Sigonius
1586 396 1695 423 tamen,

111 424 141 450 &
155 421 225 451 hunc
237 421 340 450 secutus
355 421 466 455 onuphr.
484 419 642 453 Panvinius,
664 422 691 448 in
706 430 736 448 ea
747 420 807 449 sunt
824 421 967 457 opinione,
988 420 1138 447 Romulum
1154 422 1212 457 post
1227 421 1337 449 Sabinos
1351 424 1436 451 victos
1451 426 1477 453 ὃ(
1492 426 1519 453 in
1535 426 1637 454 Urbem
1654 438 1697 456 re-

111 468 207 495 ceptos
221 480 229 492 ,
246 459 366 496 legionem
378 459 410 486 ad
428 466 541 496 quatuor
555 459 670 487 millium
686 458 828 486 hominurn
845 467 990 485 numerum
1004 459 1101 485 auxisse
1113 479 1120 488 ,
1141 460 1211 487 unde
1230 461 1256 488 Ex·
1272 461 1397 497 quadrata
1412 462 1483 490 dicta
1495 463 1525 491 fit
1539 474 1545 490 :
1567 465 1695 502 cujusque

109 497 170 525 ufiss
182 498 238 526 fere
251 499 370 533 iemper,
392 496 473 533 usque
486 498 518 525 ad
533 497 632 534 Cajum
651 497 767 525 Man'um
785 498 882 524 Romae
896 495 991 536 fixerit,
1012 496 1125 537 autbore
1137 501 1214 524 Sexto
1229 500 1356 532 Pompejo,
1377 501 1451 536 cujus
1460 500 1514 528 haec
1528 501 1588 530 sunt
1598 504 1692 532 verba:

111 537 163 563 Sex
177 535 292 564 millium
309 537 334 564 ὅτ
350 535 530 563 ducentorum
549 535 694 563 hominum
710 536 813 571 primus
831 538 862 560 C.
877 538 981 560 Marius
993 534 1147 570 conteripfit
1159 534 1294 572 legionem
1308 555 1317 564 ‚
1336 545 1398 564 cum
1413 547 1489 566 antea
1507 548 1621 576 quatuor
1632 542 1695 570 mil-

108 572 177 600 lium
188 573 289 606 fuisset,
309 573 380 601 unde
397 573 480 600 etiam
493 573 671 610 appellabatur
682 573 819 612 quadrata.
845 573 913 608 Qae
927 570 1046 608 ipsorum
1060 571 1189 600 stutentia
1203 572 1215 600 ἐι
1230 582 1296 600 vero
1307 583 1362 601 non
1375 575 1410 602 est
1423 576 1515 604 aliena.
1557 579 1690 616 Legimus

108 611 182 638 enim
196 610 264 647 apud
277 609 381 638 Livium
393 610 438 638 lib.
453 614 478 639 6.
491 612 537 639 ubi
551 612 585 640 de
597 611 668 639 bello
684 611 760 645 Volfto
774 630 781 640 ,
802 612 874 647 quod
887 609 990 647 gestum
1006 610 1042 637 est
1054 619 1126 637 anno
1144 610 1176 637 ab
1191 610 1266 637 Urbe
1279 612 1387 651 condita
1403 623 1462 649 372.
1480 615 1571 644 scribit
1585 637 1593 649 ‚
1614 618 1688 654 quod

107 650 223 686 quatuor
235 648 353 686 legiones
371 655 532 687 quaternum
551 649 667 678 millium
679 648 779 686 scriptae
791 648 850 676 fint.
880 647 958 675 Idem
973 647 1049 684 lib.7.
1064 649 1158 680 tradit,
1179 647 1250 675 bello
1262 652 1354 675 Latino
1368 652 1394 677 &
1409 651 1514 685 Gallico,
1535 664 1597 682 cum
1611 656 1691 683 undi-

106 695 160 723 que
177 685 241 715 socii
257 686 270 714 ὲ
288 688 422 715 Romanis
435 687 597 720 deficerent,
622 687 742 715 senatum
759 687 868 714 anxium
883 706 890 715 ,
917 695 952 713 ne
964 695 1060 713 omnes
1073 685 1135 714 socii
1154 686 1300 714 deficerent
1313 707 1320 718 ‚
1339 687 1436 722 jussisse
1457 692 1573 725 Conſszle:
1591 702 1689 721 omnes

107 724 216 760 imperii
233 726 302 753 vires
316 725 422 753 delectu
434 724 557 754 habendo
571 727 714 754 extendere
728 735 733 751 ·.
754 724 862 761 scriptas
876 725 957 761 igitur
971 725 1088 760 undique
1100 734 1155 751 non
1169 724 1268 752 urbana
1285 733 1390 753 tantum
1406 747 1413 757 ‚
1440 726 1483 755 sed
1499 730 1579 756 etiam
1594 732 1689 768 agresti

103 762 246 798 juventute
260 762 364 800 legiones
379 764 490 796 decem,
510 771 669 801 quaternum
687 762 804 790 millium
819 764 846 791 &
859 762 1052 802 ducentorum,
1073 762 1249 799 equitumque
1262 770 1456 791 trecentorum.
1483 767 1588 795 (estam
1602 768 1689 796 rursus

103 800 175 828 libro
189 808 313 833 annotat,
332 801 409 829 scribi
421 801 478 829 fere
491 801 578 829 solitas
591 810 651 829 turn
664 800 739 828 fuiffe
752 809 866 837 quatuor
878 799 997 837 legiones,
1017 800 1103 837 quinis
1116 800 1233 828 millibus
1246 801 1370 837 peditum
1385 822 1392 833 ‚
1416 804 1545 840 equitibus
1559 806 1585 832 in
1600 806 1688 843 singu-

102 838 141 866 las
153 839 272 875 legiones
286 840 408 867 trecenis.
448 840 483 866 Et
497 840 524 867 in
538 839 644 868 historia
656 839 718 866 belli
731 837 837 875 Persici,
857 838 994 875 legionem
1009 838 1037 865 in
1054 839 1242 866 Macedoniam
1255 838 1331 866 scribi
1351 839 1365 866 a
1380 840 1469 868 senatu
1482 842 1578 877 jussam
1592 843 1686 872 senum

102 875 220 904 millium
233 877 356 913 peditum
375 879 401 905 δε
414 884 597 904 trecentorum
617 877 739 914 equitum
752 877 825 905 dicit.
865 879 968 903 Verum
983 885 1015 903 ex
1032 876 1082 904 illis
1100 876 1160 913 ipfis
1172 876 1238 905 locis
1259 876 1336 905 facile
1349 877 1507 916 intelligitur
1518 900 1526 911 ,
1547 880 1623 908 illum
1637 892 1688 910 nu-

101 923 212 941 memm
226 915 466 942 extraordinarium
482 922 542 942 tum
559 912 655 942 fuiffe.¹
685 914 748 952 Qo
766 915 847 943 etiarn
867 914 969 942 accedit
984 914 1170 943 testimonium
1189 913 1282 952 Pohbiz
1299 915 1343 942 lib.
1353 919 1378 943 6.
1403 918 1449 953 qui
1465 920 1491 947 ὃς
1506 917 1560 953 ipse
1580 919 1684 952 retulit,

100 951 207 989 legiones
225 950 353 979 conscribi
371 953 504 980 memoria
522 952 565 980 sua
585 963 617 981 ex
637 952 724 990 quinis
747 953 862 981 millibus
878 952 1000 989 peditum
1014 972 1021 983 ,
1051 955 1077 981 &
1092 953 1199 981 tricenis
1218 953 1350 990 equitibus
1363 953 1460 983 solitas.
1500 957 1575 984 Vixit
1592 965 1684 986 autern

100 999 165 1018 cum
181 989 245 1016 Pub.
259 988 390 1017 AEmiliano
409 991 467 1026 post
480 989 580 1018 bellum
596 991 739 1018 Perficum.
781 992 816 1019 Et
836 991 908 1028 quod
929 999 991 1018 ante
1011 999 1042 1018 ex
1062 989 1129 1028 Festo
1145 992 1262 1019 diximus
1275 1012 1284 1022 ,
1310 993 1404 1026 Caium
1423 996 1540 1020 Marium
1560 996 1684 1031 primum

97 1026 237 1065 legionem
257 1027 301 1055 sex
315 1028 429 1056 millium
446 1028 622 1066 conscripsisse
635 1051 642 1062 ,
664 1029 691 1056 id
707 1039 762 1056 non
783 1028 884 1057 senatus
897 1029 1006 1056 decreto
1019 1048 1026 1059 ,
1048 1027 1090 1055 sed
1105 1029 1280 1065 Imperatoris
1297 1030 1405 1057 conlilio
1426 1030 1526 1058 faCtum
1541 1053 1549 1064 ‚
1568 1033 1684 1062 ostendit

96 1064 244 1102 Sallustius,
266 1075 329 1094 curn
351 1068 400 1094 ait:
422 1068 507 1103 Igitur
526 1066 628 1094 Marius
646 1076 708 1095 cum
730 1067 865 1104 aliquanto
885 1066 990 1102 majore
1009 1075 1139 1098 numero,
1161 1076 1240 1104 quam
1263 1067 1402 1095 decretum
1425 1077 1493 1100 erat,
1513 1070 1540 1097 in
1560 1071 1682 1099 Afi‘icam

96 1103 250 1140 profestus,
270 1106 322 1133 &a
342 1106 414 1132 Hinc
432 1106 514 1142 igitur
533 1104 595 1142 legio
614 1104 657 1133 sex
677 1104 792 1132 millium
815 1105 889 1132 fuiffe
908 1104 921 1131 εὶ
941 1105 1033 1132 multis
1053 1105 1182 1136 traditur,
1203 1107 1274 1141 quod
1295 1105 1338 1132 hic
1358 1107 1491 1134 maximus
1511 1108 1568 1144 ejus
1588 1118 1684 1137 nume-

96 1150 143 1170 rus
155 1163 163 1174 ,
193 1143 275 1170 stante
294 1143 429 1178 republica
442 1164 449 1174 ‚
483 1142 571 1171 fuerit.
611 1142 724 1181 Vegetius
743 1143 838 1170 author
863 1143 898 1170 est
922 1141 970 1169 suo
988 1151 1113 1178 tempore
1138 1142 1258 1180 legionem
1282 1142 1397 1170 habuifle
1416 1145 1536 1180 peditum
1554 1147 1604 1180 sex
1623 1147 1682 1174 mil-

95 1178 153 1211 lia,
179 1181 278 1217 equites
296 1179 478 1218 septingentos
501 1182 610 1220 triginta
633 1184 716 1209 duos:
747 1184 773 1210 ὃ(
799 1181 872 1209 addit
885 1201 892 1213 ‚
919 1181 1054 1217 majorem
1073 1182 1155 1208 etiarn
1174 1182 1309 1209 interdum
1329 1181 1381 1208 effe
1401 1182 1571 1213 consuevisse.
1611 1188 1678 1214 Haec

93 1217 131 1251 de
142 1217 244 1255 legione.

117 1278 119 1280 .
138 1257 229 1285 Altera
242 1266 301 1294 pars
313 1259 444 1286 exercitus
457 1257 557 1286 auxilia
571 1266 653 1288 erant.
674 1260 716 1288 Sic
729 1266 819 1287 autem
834 1258 989 1286 dicebantur
1002 1259 1021 1287 ii
1037 1259 1134 1287 milites
1149 1280 1157 1291 ‚
1179 1259 1224 1296 qui
1239 1258 1251 1286 a
1268 1258 1344 1287 sociis
1359 1280 1365 1290 .
1388 1259 1429 1287 vel
1444 1259 1581 1289 foederatis
1593 1263 1681 1299 genti-

96 1293 148 1321 bus
164 1295 353 1327 mittebantur,
375 1297 408 1324 de
421 1296 515 1334 quibus
529 1296 609 1333 Polyb.
623 1298 700 1325 lib.6.
714 1298 760 1325 ubi
775 1298 807 1324 de
822 1296 924 1324 delectu
939 1297 1057 1325 militum
1074 1299 1143 1334 agit,
1164 1299 1199 1325 ita
1213 1296 1318 1325 scribit:
1342 1299 1390 1325 Per
1407 1300 1479 1325 idern
1493 1307 1600 1335 tempus
1614 1305 1679 1327 Con-

87 1331 179 1366 fialari
191 1334 293 1369 praediti
305 1335 435 1370 potestate
447 1335 555 1363 edicunt
570 1336 699 1371 praefectiS
711 1335 842 1363 sociarum
859 1335 998 1363 civitatum
1013 1337 1040 1363 in
1055 1336 1141 1367 Italia,
1162 1335 1176 1363 e
1191 1335 1285 1372 quibus
1298 1335 1397 1362 ‚uexilm
1408 1344 1501 1371 putant
1515 1338 1679 1370 accersenda,

90 1372 242 1399 ‘numerum
254 1373 401 1401 indicantes
415 1394 421 1404 ,
441 1373 568 1410 diemque
583 1376 608 1401 ἃ
623 1374 713 1401 locum
727 1375 754 1401 in
769 1382 848 1410 quem
864 1374 1008 1400 convenire
1022 1383 1146 1411 oporteat
1161 1395 1167 1405 ‚
1188 1373 1232 1410 qui
1248 1373 1342 1401 delecti
1358 1374 1465 1401 fuerint.
1508 1377 1542 1402 At
1556 1377 1677 1404 civitates

95 1407 201 1436 delectu
214 1408 320 1443 habito,
340 1411 420 1438 simili
431 1419 493 1439 ante
505 1411 592 1443 dicto,
615 1413 727 1440 mittunt
732 1412 891 1447 firmamento
906 1412 1008 1437 audicio:
1019 1433 1027 1443 ,
1049 1412 1194 1440 constituto
1205 1411 1332 1447 praefec'to
1346 1432 1353 1444 ‚
1381 1415 1407 1441 ὃς
1425 1414 1557 1441 mercedis
1576 1414 1676 1442 exhibi-

94 1451 171 1476 tore,
184 1449 235 1475 &cz
257 1449 294 1475 Hi
309 1458 374 1476 vero
387 1449 513 1476 deteriori
526 1450 600 1483 jure,
621 1459 700 1486 quam
714 1448 846 1487 legionarii
860 1448 960 1476 milites
975 1458 1058 1477 erant.

90 1490 94 1494 “
135 1488 250 1523 Vegetius
262 1485 306 1512 lib.
318 1496 342 1513 2.
355 1487 418 1523 quid
433 1487 503 1514 inter
517 1486 623 1524 legiones
635 1490 661 1516 δε
673 1487 774 1514 maxilia
789 1486 903 1518 interfit,
923 1487 962 1513 his
974 1487 1058 1514 verbis
1072 1487 1168 1514 docet:
1189 1485 1375 1519 Auxiliarores,
1397 1489 1497 1525 inquit,
1519 1489 1675 1517 conducun-

95 1528 142 1550 tur
154 1524 186 1550 ad
201 1523 320 1559 praelium
335 1533 368 1551 ex
382 1524 490 1552 diversis
501 1524 655 1552 muneribus
669 1526 820 1555 venientes,
836 1533 887 1551 nec
901 1523 1038 1559 disciplina
1053 1526 1123 1552 inter
1136 1524 1175 1555 ie,
1196 1533 1246 1551 nec
1261 1526 1370 1556 notitia,
1391 1535 1440 1553 nec
1453 1525 1596 1554 affectione
1610 1537 1674 1555 con-

95 1559 222 1589 sentiunt.
262 1561 318 1589 Alia
332 1563 463 1594 instituta,
483 1562 547 1591 alius
559 1563 629 1591 inter
641 1572 686 1590 eos
700 1564 736 1590 est
750 1561 808 1590 usus
820 1571 969 1590 armorum.
998 1562 1111 1590 Necesse
1125 1563 1162 1590 est
1175 1570 1280 1594 autem,
1301 1564 1400 1591 tardius
1413 1564 1444 1591 ad
1460 1564 1602 1592 vietoriam
1616 1576 1675 1603 per-

94 1598 199 1624 venire:
221 1599 266 1635 qui
280 1599 427 1635 discrepant
437 1607 513 1634 ante,
533 1609 614 1637 quam
629 1601 768 1628 dimicent.
807 1601 930 1637 Denique
944 1609 1006 1628 cum
1023 1602 1051 1628 in
1067 1600 1279 1637 expeditionibus
1293 1600 1441 1636 plurimum
1456 1602 1539 1638 profit
1549 1623 1555 1632 ‚
1577 1613 1674 1632 omnes

93 1635 196 1663 milites
208 1637 283 1664 unius
296 1637 421 1674 praecepti
433 1637 622 1674 fignificatione
635 1639 770 1670 converti,
791 1647 847 1666 non
859 1638 966 1675 possunt
978 1638 1113 1675 aequaliter
1124 1638 1189 1675 jussa
1203 1639 1354 1675 complere,
1375 1641 1419 1676 qui
1434 1649 1496 1667 ante
1509 1641 1607 1677 pariter
1618 1651 1673 1670 non

94 1672 216 1702 fuerunt:
238 1682 330 1703 tamen
343 1674 399 1702 haec
411 1674 476 1710 ipsa,
500 1675 518 1702 fi
533 1674 682 1704 solennibus
691 1676 850 1713 diverlisque
862 1676 994 1703 exercitiis
1006 1685 1091 1712 prope
1103 1677 1223 1714 quotidie
1236 1679 1412 1708 roborentur,
1432 1686 1486 1704 non
1498 1679 1673 1707 mediocriter

90 1710 197 1748 juvant.
224 1713 297 1739 Nam
312 1711 448 1750 legionibus
458 1712 563 1750 semper
575 1712 689 1742 auxilia,
708 1722 834 1750 tanquam
849 1713 914 1740 levis
927 1722 1061 1742 armatura
1073 1715 1100 1742 in
1115 1715 1173 1742 acie
1187 1715 1381 1751 jungebantur,
1402 1723 1431 1742 ut
1442 1715 1468 1742 in
1482 1714 1522 1743 his
1535 1717 1670 1752 praeliandi

88 1751 181 1787 *magis
191 1751 386 1779 adminiculum
397 1751 475 1782 effer,
497 1760 577 1788 quam
587 1751 733 1787 principale
746 1751 887 1779 subfidium
901 1762 907 1778 z
928 1755 1002 1789 Legio
1014 1761 1103 1781 autem
1117 1753 1231 1789 propriis
1245 1752 1399 1780 cohortibus
1410 1752 1487 1789 plena
1502 1773 1509 1784 ,
1531 1763 1594 1781 cum
1608 1764 1670 1792 gra-

90 1796 155 1815 vem
170 1797 334 1816 armaturam
348 1809 358 1820 ‚
378 1788 430 1816 hoc
445 1789 481 1815 est
494 1809 500 1820 ,
516 1789 635 1823 principes
648 1810 656 1820 ‚
676 1788 784 1826 hastatos
794 1809 804 1823 ‚
823 1788 924 1816 triarios
937 1810 944 1821 ,
963 1789 1148 1827 antesignanos,
1169 1792 1234 1818 item
1248 1790 1336 1818 levem
1349 1799 1512 1818 armaturam
1524 1813 1534 1823 ,
1551 1791 1603 1820 hoc
1617 1794 1668 1826 est,

83 1825 250 1862 seremarim,
264 1825 428 1863 figirtmios,
439 1826 596 1862 funditores,
615 1825 754 1864 balistarios
764 1848 770 1858 ‚
791 1836 852 1854 cum
868 1828 991 1864 proprios
1002 1849 1009 1859 ,
1031 1832 1057 1856 δῖ.
1072 1829 1117 1857 sibi
1130 1828 1269 1864 impositos
1285 1830 1387 1866 equites
1400 1829 1559 1865 legionarios
1572 1830 1669 1859 iifflem

86 1864 238 1892 *matriculis
251 1872 351 1895 teneat,
375 1873 436 1891 curn
452 1874 507 1892 uno
522 1865 629 1895 animo,
649 1865 758 1901 parique
769 1864 894 1892 consenlu
908 1865 987 1893 castra
1001 1868 1105 1895 muniat
1119 1887 1126 1897 ,
1145 1868 1230 1894 aciem
1245 1868 1367 1898 instruat,
1387 1867 1507 1904 praelium
1521 1876 1609 1904 gerat,
1630 1879 1664 1898 ex

89 1903 168 1929 omni
182 1911 256 1938 parte
269 1901 398 1938 perfedta,
420 1902 545 1939 nulloque
559 1903 681 1939 indigens
695 1903 855 1938 adjumento
867 1923 876 1937 ‚
896 1910 1023 1940 quantam
1036 1905 1100 1933 lxbet
1114 1904 1228 1931 hostium
1250 1905 1453 1932 multitudinem
1467 1904 1587 1941 inperare
1601 1916 1666 1935 con-

87 1938 183 1968 suevit.
223 1941 357 1968 Hastenus
369 1940 483 1978 Vegetias
496 1961 503 1971 ,
525 1941 570 1977 qui
583 1943 664 1968 etiam
682 1941 761 1977 paulo
773 1950 834 1969 ante
848 1940 938 1969 scribit
949 1961 956 1973 ,
977 1943 1004 1969 in
1016 1941 1150 1979 legionibus
1166 1942 1246 1979 longe
1260 1942 1421 1978 ampliorem
1437 1943 1557 1971 militum
1570 1954 1665 1973 uume-

89 1986 151 2005 rum
167 1978 297 2005 conscribi
310 1977 482 2009 consueviffe,
503 1987 584 2015 quam
599 1979 626 2005 in
639 1979 752 2006 auxiliis.

129 2017 263 2044 Caeterum
277 2024 307 2043 tit
321 2016 353 2043 ad
365 2015 484 2052 legionem
498 2017 640 2044 redeamus
652 2036 659 2047 ,
680 2017 784 2043 nemini
801 2017 827 2043 in
842 2016 872 2043 iis
885 2016 1000 2043 militare
1011 2016 1105 2045 licebat
1118 2038 1128 2049 ,
1146 2018 1193 2044 nisi
1208 2017 1308 2045 civibus
1326 2019 1458 2045 Romanis
1471 2020 1592 2057 ingenuis
1605 2042 1614 2054 ‚
1635 2024 1662 2050 &

68 2062 74 2063 ’
87 2055 134 2091 qui
147 2055 174 2082 in
189 2054 304 2091 quinque
317 2053 435 2081 classibus
448 2054 530 2088 cenfi,
551 2062 631 2091 atque
643 2054 748 2082 ludicrae
762 2055 823 2082 artis
837 2062 957 2090 expertes
972 2055 1062 2082 cll'ent.
1092 2057 1171 2083 Unde
1185 2056 1303 2092 sequitur
1313 2058 1398 2091 servos
1412 2078 1420 2089 ,
1441 2057 1568 2085 libertinos
1577 2079 1585 2093 ,
1599 2068 1660 2094 pue-

86 2101 140 2122 ros,
153 2091 273 2126 seniores,
297 2092 383 2128 capite
396 2092 497 2123 censos,
521 2095 546 2121 ἃ
561 2092 714 2123 billi-ioum,
734 2092 751 2119 fi
766 2092 871 2129 quando
885 2092 916 2119 ad
930 2102 1004 2119 arma
1019 2094 1106 2121 vocati
1118 2093 1191 2125 sunt,
1212 2103 1267 2121 non
1283 2095 1330 2122 nili
1344 2104 1456 2132 cogente
1472 2097 1623 2125 necestitate
1635 2099 1663 2125 in

86 2129 172 2157 dubiis
186 2130 263 2157 rebus
277 2129 423 2165 reipublicae
439 2138 547 2158 vocatos
560 2131 620 2158 effe.
657 2132 710 2167 Qr'
724 2138 813 2157 autem
827 2132 853 2158 in
866 2130 973 2167 legione
985 2131 1136 2159 militabant
1147 2152 1154 2164 ‚
1176 2132 1245 2159 varia
1257 2135 1404 2160 commoda
1419 2133 1662 2170 consequebantur,

84 2168 192 2203 patebat
206 2169 242 2195 eis
256 2168 342 2195 aditus
353 2168 384 2195 ad
397 2167 521 2195 militaria
533 2179 655 2200 munera,
674 2168 782 2205 patebat
790 2170 825 2195 <is
836 2168 932 2196 cohors
938 2168 1068 2202 pretoria,
1089 2169 1199 2198 dabatur
1203 2169 1306 2205 stipem!
1313 2182 1370 2205 am,
1392 2173 1588 2200 concedebatur
1599 2183 1664 2211 prae.

84 2205 119 2233 da
134 2208 160 2234 ὃ(
173 2205 337 2234 addebantur
347 2205 412 2232 dona
422 2207 594 2242 Imperatoria.
626 2209 668 2235 De
682 2206 835 2234 muneribus
850 2206 1008 2234 militaribus
1021 2228 1028 2238 ,
1050 2210 1076 2236 &
1090 2207 1202 2236 cohorte
1214 2210 1336 2244 praetoria
1348 2208 1427 2245 paulo
1441 2211 1499 2246 post
1514 2211 1660 2238 dicendum

85 2243 162 2271 nobis
179 2244 242 2275 erit,
263 2243 494 2280 quemadmodum
508 2245 589 2272 etiam
602 2246 636 2273 de
649 2246 727 2273 donis
739 2245 932 2281 imperatoriis.
973 2247 1034 2273 Hoc
1047 2246 1108 2273 loco
1120 2254 1225 2274 tantum
1240 2247 1273 2274 de
1277 2245 1402 2283 stipendio
1413 2268 1422 2282 ,
1449 2247 1525 2285 quale
1538 2249 1660 2277 militum

86 2279 295 2318 legionariorum
308 2280 402 2315 fuerit,
423 2283 511 2318 paucis
525 2291 644 2319 agemuS.
1604 2321 1607 2323 v

126 2319 226 2348 Milites
239 2320 358 2347 Romani
373 2319 405 2347 ab
418 2321 496 2347 initio
502 2318 659 2357 stipendium
672 2332 720 2348 non
734 2328 892 2352 meruerunt,
915 2320 956 2347 sed
970 2321 1003 2347 de
1020 2320 1065 2348 suo
1079 2321 1187 2359 quisque
1201 2332 1234 2350 eo
1247 2322 1354 2350 functus
1367 2324 1403 2350 est
1416 2333 1538 2352 munere.
1577 2324 1660 2351 Anno

85 2357 199 2398 demum
211 2357 398 2387 trecentesimo
411 2358 612 2396 quadmgefimo
626 2359 740 2397 septimo
753 2363 863 2387 Anxure
877 2358 1039 2389 Volscorum
1050 2361 1151 2399 oppido
1163 2368 1254 2398 capto,
1274 2370 1304 2390 ac
1314 2361 1419 2399 direpto
1429 2363 1530 2400 pedites
1541 2362 1663 2427 priimum

80 2404 82 2406 .
1589 2408 1663 2437 rpen-
