2075 2734
333 150 372 183 82'
637 148 1077 181 Auerux’rA'ruM
1118 141 1458 170 Romananum
1499 140 1633 170 L12.11.

953 202 977 229 C
1019 211 1037 229 A
1076 210 1091 228 P
1131 209 1152 227 u
1191 209 1209 227 'r
1268 200 1290 227 Ι.

410 255 506 292 ‘Unde
524 256 612 290 Deus
625 254 748 289 dicatur
758 282 767 294 ‚
794 252 869 302 quid
877 253 918 300 fit
930 276 941 295 ‚
969 257 1016 286 (ν’
1032 259 1103 298 quot
1116 248 1288 297 differentia
1304 250 1443 284 Deorum
1456 249 1538 301 apud
1554 252 1705 284 Romanos
1715 251 1849 299 fuerintss

335 320 420 384 De
434 322 493 349 Diis
501 320 597 348 dieturi
605 341 611 350 ‚
633 319 754 354 primum
763 316 834 343 unde
842 313 1004 343 vocabulum
1011 321 1103 342 ortum
1118 313 1163 344 fit,
1184 312 1359 350 inquiremus.
1398 314 1453 342 Hic
1466 322 1556 342 autem
1565 315 1642 342 variae
1652 314 1704 343 {ese
1710 315 1829 346 offerunt
1836 317 1923 346 erudi-

427 368 518 387 torum
526 358 668 385 sententiae.
708 355 761 382 Alii
771 355 898 382 Latinum
905 352 1066 381 vocabulum
1075 356 1157 381 Deus.
1183 350 1291 379 adando
1300 351 1451 385 deducunt,
1473 353 1546 390 quod
1554 354 1626 380 Deus
1640 353 1687 382 det
1700 355 1806 387 omnia3
1830 357 1873 383 alii
1888 357 1923 385 fic

335 396 439 425 dietum
448 403 541 433 putant
548 417 555 427 ,
576 395 648 432 quod
658 394 681 421 ei
689 393 754 420 nihil
761 392 835 420 defit.
876 393 979 420 Contra
992 391 1036 419 alii
1050 390 1063 417 :i
1078 393 1174 419 Graeco
1188 395 1246 429 δ’ὲΘζ
1260 411 1267 421 ,
1289 390 1362 430 quod
1369 390 1485 417 timorem
1493 390 1546 418 five
1553 400 1649 419 metum
1657 392 1799 429 fignificat:
1819 395 1923 431 primus

335 436 409 463 enim
418 456 424 466 ‚
447 444 475 462 ut
485 433 580 462 Statius
590 436 616 461 ἃ
625 433 764 460 Petronius
773 431 881 459 Arbiter
889 437 1002 461 canunt,
1022 432 1051 455 In
1059 428 1113 456 orbe
1120 432 1186 456 9205
1194 426 1257 463 fem
1270 435 1358 457 “mor-
1378 429 1397 454 P
1399 428 1623 465 lesiquefiGsaeco
1637 436 1692 460 3⁶35
1705 431 1856 464 deducunt,
1877 443 1922 462 cu-

333 474 375 510 jus
383 473 513 501 derivatio
520 472 614 500 itidem
623 471 695 498 varia
701 473 729 499 δε
737 468 878 506 multiplex
885 468 929 497 est.
951 470 1017 496 Sunt
1025 468 1098 495 enim
1107 467 1154 504 qui
1167 466 1181 494 εὶ
1194 464 1280 492 verbo
1292 471 1354 494 θέω
1362 487 1369 498 ,
1389 467 1461 503 quod
1467 476 1564 494 currere
1570 467 1708 506 significat,
1716 468 1866 499 formatum
1874 481 1922 500 vo-

335 511 402 542 lunt,
411 512 471 548 quia
478 511 603 538 homines
611 509 719 541 Caelum,
728 512 838 541 Lunam,
845 507 927 534 Solem
935 528 942 539 ‚
955 509 981 535 δε
989 505 1039 533 alia
1046 506 1112 533 astra
1118 513 1230 541 propter
1238 510 1330 531 motus
1339 505 1365 531 &
1373 504 1461 531 cursus
1469 505 1639 534 velocitatem
1649 509 1722 535 Deos
1729 508 1779 536 esse
1788 510 1907 545 putarint
1913 531 1923 543 ‚

337 551 364 578 ἃ
374 549 511 577 coluerint.
532 548 622 576 Plures
629 556 721 577 tamen
729 546 743 574 ὲ
756 552 860 582 θρέομαι
870 569 875 579 ,
885 546 958 583 quod
966 545 1002 572 est
1010 543 1089 576 video,
1098 542 1140 571 vel
1147 541 1265 578 speculor,
1274 542 1335 584 quia
1344 542 1418 569 Deus
1426 545 1519 571 omnia
1525 544 1614 572 videat
1621 566 1629 576 ,
1637 547 1664 574 Se
1673 547 1733 583 quia
1740 547 1767 574 in
1775 547 1831 584 ipfi)
1839 548 1923 578 etiam

334 588 405 615 Deo.
413 596 456 616 tan
462 596 539 624 quani
548 586 654 624 speculo
662 586 755 614 omnia
763 593 914 615 cernantur,
921 584 1052 613 derivant,
1061 591 1118 619 quae
1125 579 1293 618 ety'm010g52
1300 579 1408 607 V¹detur
1415 579 1523 618 feliqUiS
1532 582 1707 612 verisimilior.

377 626 449 663 Qid
458 631 526 653 Deus
533 626 572 658 sit,
579 625 656 653 nobis
664 634 695 652 ex
703 624 780 652 sacris
790 624 886 652 Literis
895 624 1020 660 ignotum
1030 629 1085 648 non
1094 620 1139 647 est.
1161 621 1233 647 Cum
1242 625 1333 646 autem
1341 618 1374 646 de
1381 619 1505 656 gentium
1515 620 1573 646 Diis
1581 619 1624 648 hic
1631 622 1709 650 nobis
1717 623 1806 651 sermo
1813 624 1852 657 fit,
1861 625 1923 654 ideo

324 665 416 694 *etiam
426 664 488 701 quid
499 663 537 692 illi
545 664 578 692 de
587 665 647 692 Deo
654 662 790 695 senserint,
798 665 824 691 ὃς
832 661 973 699 quomodo
981 669 1044 687 eum
1052 658 1204 686 definierint
1212 678 1218 689 ‚
1234 657 1455 685 considerandum
1463 658 1508 686 est.
1528 658 1579 685 Sed
1588 660 1646 696 quis
1654 662 1739 696 potest
1745 664 1839 691 omnia
1846 674 1923 691 com-

282 702 290 710 ⁸
335 711 427 733 menta
437 702 614 731 Ethnicorum
622 701 773 729 recensere?
795 701 943 728 Videantur
951 699 1028 726 variae
1037 696 1260 733 Philosophorum
1274 694 1409 724 sententiae
1422 697 1492 732 apud
1508 697 1673 724 Ciceronem
1686 699 1720 726 de
1735 700 1838 729 Natura
1850 703 1923 730 Deo-

333 751 396 770 rum
407 762 413 773 ‚
430 743 456 769 &
463 741 532 777 apud
542 740 641 768 Lilium
650 739 809 776 Gyraldum.
833 741 872 766 M.
880 738 1021 765 Terentius
1030 738 1118 763 Varro
1126 756 1134 767 ,
1149 742 1178 762 ut
1186 734 1222 762 est
1229 735 1298 771 apud
1307 733 1447 762 Aurelium
1457 736 1633 773 Augustinum
1643 757 1650 768 ‚
1665 737 1692 764 in
1701 746 1731 764 ea
1738 738 1774 765 est
1781 740 1923 776 opinione,

334 784 421 808 Deum
427 777 472 816 ‘ff'
479 777 595 806 animum
602 777 693 805 mundi
704 800 710 809 ,
722 777 849 815 ipfhmque
856 777 981 804 mundum
990 779 1082 803 Deum.
1103 772 1227 801 Ridicula
1234 772 1358 813 profeCio
1366 771 1487 801 definitio
1495 795 1503 806 ‚
1511 783 1592 811 quam
1600 774 1718 810 pluribus
1725 777 1841 813 exagitat
1849 780 1875 806 ὅ(
1884 788 1926 805 re.

335 817 404 847 futat
414 815 580 855 Augustinus.
601 817 699 844 Plinius
707 817 740 844 de
748 817 808 843 Deo
818 815 897 843 verba
905 814 1012 845 faciens,
1021 812 1122 853 scribit:
1143 812 1262 850 Qcifiquts
1269 809 1302 851 est
1309 815 1380 838 Deus
1386 830 1394 840 ,
1405 809 1509 852 simodo
1516 810 1549 849 est
1555 811 1622 839 alius
1629 823 1709 852 quam
1715 812 1810 849 scilicet
1817 815 1873 848 Sol,
1882 815 1923 848 ζῇ·

334 866 482 895 quacunque
488 854 515 882 in
517 864 600 890 parte,
608 856 759 890 torrissem-(ies
766 853 808 891 est,
816 862 884 881 totus
890 853 964 888 ivistis,
971 860 1038 880 totus
1045 851 1229 882 azcdttusfforus
1236 859 1334 882 ammae,
1342 857 1506 883 rotmannum,
1513 850 1630 885 totus-fici.
1647 851 1786 881 Ridiculus
1794 854 1820 881 &
1828 851 1872 882 hic
1879 854 1924 886 est,

336 897 364 924 δε
372 895 434 932 quid
443 894 521 926 dicat,
530 893 584 930 ipse
592 895 704 931 ignorat.
726 894 819 920 Melius
829 892 904 920 Plato
921 891 934 927 [
943 890 998 918 Lib.
1007 899 1031 918 2.
1039 899 1058 917 c.
1069 889 1113 925 7.]
1128 888 1222 916 definit
1229 892 1315 916 Deum
1321 896 1432 915 mentem
1439 897 1558 916 aternam
1565 890 1663 926 cuufizm
1669 889 1727 918 boni
1740 889 1768 918 in
1780 899 1886 920 natum.

375 934 511 961 Caeterum
519 934 558 961 uti
565 933 600 960 de
608 935 668 960 Deo
675 932 733 969 quis
741 932 803 960 esset
811 953 818 963 ,
835 930 942 958 Ethnici
950 929 1015 957 nihil
1024 927 1245 956 certihabuerunt
1253 947 1260 958 ,
1276 927 1313 954 ita
1321 927 1403 955 etiam
1412 926 1446 953 de
1453 937 1568 954 numero
1577 929 1700 956 Deorum
1715 930 1817 957 mirum
1827 930 1855 958 in
1864 940 1924 958 mo-

335 971 400 999 dum
409 970 603 999 haeiitaverunt.
624 971 735 998 Plurimi
743 970 863 1008 quidem,
872 972 898 997 ἃ
907 969 924 996 ii
932 968 1112 1004 sapientiores,
1119 975 1204 993 unum
1212 966 1319 993 tantum
1326 966 1417 1005 Deum
1426 965 1477 1005 effe
1485 965 1634 999 voluerunt,
1643 968 1686 995 cui
1694 966 1707 995 ὲ
1715 968 1842 996 varietate
1851 971 1877 997 δε
1885 970 1926 997 di-

336 1010 457 1037 verfitate
464 1009 618 1037 officiorum
626 1009 697 1037 varia
705 1011 730 1037 ὃ(
740 1007 841 1036 diversa
850 1007 962 1035 nomina
968 1006 1018 1033 sint
1027 1005 1119 1036 indita,
1127 1004 1191 1032 ficut
1198 1004 1282 1031 etiam
1290 1002 1429 1030 Macrobius
1437 1002 1492 1038 [lib.
1499 1012 1507 1029 ι
1515 1026 1520 1031 .
1527 1008 1633 1033 Saturn.
1640 1004 1719 1040 capite
1733 1015 1741 1032 1
1749 1005 1927 1046 7.&fi›quen-

333 1046 378 1075 tib.
385 1047 429 1077 lib.
439 1058 462 1074 2.
470 1047 550 1082 capite
559 1058 583 1082 7.
592 1048 605 1083 ]
621 1047 712 1075 multis
720 1046 849 1083 capitibus
857 1053 970 1080 conatur
976 1053 1072 1072 ornnes
1080 1047 1146 1070 Deos
1159 1042 1223 1069 alios
1230 1042 1263 1069 ad
1272 1041 1425 1079 Apollinem
1435 1042 1488 1069 sive
1495 1042 1588 1070 Solem
1602 1043 1702 1072 referre
1711 1054 1716 1071 ;
1738 1046 1766 1072 &
1773 1043 1871 1072 Plinius
1881 1055 1927 1073 eos

336 1087 383 1122 qui
390 1085 571 1122 pluralitatem
581 1087 703 1114 Deorum
712 1086 890 1116 induxerunt,
904 1083 966 1112 salse
972 1083 1040 1110 ridet
1049 1093 1054 1109 ;
1070 1088 1260 1109 verumtamen
1268 1080 1379 1109 invaluit
1387 1082 1470 1109 etiam
1478 1090 1507 1108 ea
1515 1082 1616 1117 opinio,
1625 1090 1655 1110 ut
1663 1082 1751 1119 plures
1758 1082 1809 1110 esse
1817 1084 1862 1111 Dii
1870 1094 1927 1112 cre-

336 1124 471 1156 derentur,
479 1134 529 1153 nec
537 1134 604 1153 unus
611 1132 653 1152 tot
662 1123 816 1152 muneribus
824 1123 951 1151 obeundis
958 1131 1005 1158 par
1013 1121 1063 1148 esse
1071 1120 1274 1148 existimaretur.
1294 1121 1383 1156 Atque
1389 1127 1419 1147 ut
1426 1120 1533 1156 propius
1541 1120 1572 1147 ad
1580 1121 1748 1157 propolitum
1756 1121 1925 1154 accedamus,

336 1163 478 1190 Romanos
486 1163 626 1200 ingentem
634 1164 758 1190 Deorum
767 1161 971 1190 multitudinem
980 1158 1087 1187 coluisse
1094 1179 1100 1190 ‚
1117 1158 1175 1195 quis
1182 1157 1265 1185 nescit
1275 1159 1283 1185 Ξ
1305 1156 1349 1185 sed
1356 1167 1411 1185 non
1420 1158 1528 1186 fuerunt
1534 1168 1629 1186 omnes
1637 1160 1664 1186 in
1671 1160 1727 1196 pari
1735 1158 1840 1187 honore
1848 1162 1874 1188 ὅ(
1882 1170 1926 1188 au-

336 1200 464 1229 thoritate
472 1212 476 1228 :
485 1210 579 1228 verum
589 1202 614 1228 in
624 1208 711 1228 certos
720 1201 835 1231 ordines
844 1203 869 1228 δε
878 1207 962 1227 certas
969 1197 1096 1234 quasdam
1105 1195 1193 1236 classes
1200 1195 1340 1236 distributi.
1355 1195 1427 1223 Alios
1435 1197 1509 1223 enim
1517 1199 1642 1232 majorum
1642 1195 1770 1234 gentium,
1780 1199 1852 1234 quod
1859 1208 1926 1234 prae-

335 1240 424 1275 cipuas
432 1247 519 1274 partes
528 1240 555 1266 in
563 1248 654 1266 rerum
662 1238 890 1265 administratione
898 1236 1026 1263 haberent
1035 1247 1040 1263 3
1057 1234 1122 1260 alios
1128 1242 1254 1271 minorum
1260 1241 1379 1268 gentium
1386 1252 1394 1261 ‚
1417 1234 1452 1260 ob
1461 1235 1552 1260 meriti
1560 1243 1743 1269 paupertatem
1751 1235 1926 1270 appellarunt,

336 1280 414 1303 Varro
423 1278 495 1303 Deos
504 1278 694 1303 Romanorum
703 1275 730 1302 in
738 1275 801 1302 duas
809 1273 898 1302 classes
906 1272 1038 1300 distribuit
1046 1292 1052 1303 ,
1061 1273 1089 1298 in
1095 1278 1170 1303 certas
1178 1269 1219 1302 Θ·
1226 1277 1340 1297 incertos.
1360 1274 1446 1297 Certos
1452 1270 1673 1307 appellatpublicos
1679 1283 1686 1297 :
1702 1271 1798 1308 quibus
1806 1274 1927 1301 Romani

336 1314 442 1352 publice
449 1314 516 1342 aedes
525 1314 678 1342 aedificarint
690 1334 695 1343 ‚
705 1312 824 1350 quosque
831 1312 948 1349 pluribus
957 1310 1035 1348 lignis
1042 1317 1150 1337 ornatos
1159 1308 1322 1336 notaverint.
1341 1309 1446 1335 Incertos
1453 1316 1544 1337 autem
1554 1329 1561 1340 ,
1570 1318 1686 1346 quorum
1696 1317 1768 1337 certa
1776 1311 1843 1339 ratio
1851 1311 1928 1339 reddi

336 1363 392 1381 non
399 1353 478 1389 possit
487 1374 494 1384 ,
510 1354 554 1390 qui
562 1352 620 1380 sint.
640 1353 738 1379 Cicero
745 1359 799 1378 tre<
807 1351 915 1378 ordines
922 1351 1046 1377 Deorum
1054 1346 1170 1375 recenset
1178 1366 1185 1377 ‚
1206 1355 1293 1374 unum
1301 1355 1397 1372 eorum
1407 1347 1453 1383 qui
1459 1347 1578 1374 coelestes
1593 1347 1698 1384 semper
1706 1347 1787 1375 habiti
1795 1348 1845 1377 fint
1852 1370 1860 1381 ‚
1881 1350 1927 1386 qui

337 1393 420 1419 etiam
429 1391 567 1427 majorum
575 1391 699 1428 gentium
708 1389 753 1416 Dii
761 1396 903 1416 vocantur:
918 1387 1032 1415 alterum
1041 1394 1136 1413 eorum
1143 1405 1151 1416 ‚
1163 1392 1230 1420 quos
1239 1384 1266 1415 in
1275 1383 1376 1411 coelum
1389 1384 1486 1412 merita
1495 1386 1630 1417 vocarint,
1639 1387 1684 1423 qui
1692 1388 1718 1414 δε
1725 1385 1872 1416 semidei&
1881 1386 1927 1415 Dii

336 1429 457 1467 indigetes
465 1428 642 1466 appellantur:
655 1427 768 1456 tertium
775 1436 871 1455 eorum
880 1448 887 1458 ‚
900 1431 1011 1464 propter
1019 1434 1086 1461 quos
1093 1423 1171 1450 detur
1178 1421 1333 1461 hominibus
1346 1421 1464 1449 ascensus
1477 1423 1505 1450 in
1513 1423 1623 1452 coelum.
1652 1425 1735 1460 Cujus
1748 1426 1927 1461 partitionem

337 1478 387 1496 nos
395 1469 475 1495 etiam
484 1470 511 1495 in
519 1467 571 1495 hoc
578 1467 646 1494 libro
654 1465 726 1503 sequi
740 1465 910 1496 instituimus,
917 1465 954 1492 ita
960 1471 990 1491 ut
997 1464 1119 1500 primum
1127 1462 1160 1488 de
1168 1459 1311 1495 majombus,
1319 1460 1416 1488 deinde
1422 1461 1580 1488 deSemideis
1589 1482 1596 1493 ‚
1610 1470 1669 1490 tum
1678 1463 1712 1490 de
1720 1462 1856 1490 virtutibus
1861 1469 1928 1492 Deo-

337 1517 395 1532 rum
406 1510 556 1533 Dearumve
565 1504 718 1533 nominibus
726 1503 856 1540 insignitis
864 1504 995 1531 dicamus:
1011 1500 1105 1538 quibus
1113 1499 1242 1526 addemus
1248 1499 1329 1526 etiam
1345 1497 1409 1526 alios
1423 1499 1495 1526 Deos
1504 1521 1511 1531 ‚
1526 1500 1620 1537 quibus
1628 1500 1733 1538 singulis
1747 1499 1790 1528 sua
1799 1503 1889 1529 munia
1898 1503 1927 1530 in

338 1553 429 1571 rerum
437 1544 665 1571 administratione
674 1542 731 1570 sunt
739 1541 865 1570 attributa
875 1561 881 1572 ,
898 1542 996 1578 quique
1005 1540 1124 1566 minores
1132 1559 1139 1569 ‚
1152 1537 1205 1564 five
1212 1538 1352 1564 minoium
1360 1538 1484 1574 gentium
1491 1538 1573 1566 Dii&
1579 1543 1695 1565 Semones
1702 1538 1867 1574 appellantur
1874 1559 1882 1570 ,
1895 1547 1927 1568 ut

340 1582 385 1609 suo
393 1581 454 1609 loco
463 1581 627 1609 docebimus.
648 1583 709 1618 Jam
718 1590 784 1607 vero
792 1587 935 1616 antequam
944 1580 978 1606 de
984 1578 1042 1605 Diis
1050 1577 1139 1604 dicere
1146 1584 1307 1617 pergamus-t
1330 1576 1364 1603 de
1378 1575 1454 1603 iacris
1467 1576 1564 1604 aedibus
1572 1597 1579 1608 ‚
1602 1579 1629 1605 δε
1643 1576 1699 1604 aliis
1712 1576 1777 1604 locis
1784 1597 1792 1608 ,
1812 1576 1858 1604 ubi
1872 1576 1928 1604 cul.

338 1628 398 1648 tum
406 1620 528 1648 divinum
536 1619 690 1647 numinibus
698 1618 748 1647 iuis
756 1618 877 1645 Romani
886 1616 1062 1645 exhibuerunt
1070 1637 1077 1647 ,
1098 1624 1181 1652 pauca
1190 1613 1371 1643 monebimus.

1035 1680 1140 1706 CAP.
1182 1678 1224 1704 ΙΙ.

413 1729 506 1777 Qud
514 1731 672 1781 Templum
681 1732 738 1777 sit,
755 1728 830 1778 quid
838 1731 977 1770 Fanum,
994 1726 1183 1769 DAubrum,
1201 1725 1334 1767 eAEdes,
1350 1725 1536 1771 fidicula,
1547 1727 1641 1770 Ara,
1654 1729 1768 1770 Lucus,
1779 1733 1853 1763 (Tc.

342 1795 402 1856 R
408 1795 516 1832 eligiose
525 1797 643 1824 Romani
651 1795 710 1824 suos
718 1795 803 1822 Divos
812 1794 948 1824 colebant3
958 1791 1153 1821 constituebant
1160 1793 1234 1819 enim
1243 1792 1274 1818 iis
1282 1791 1406 1820 maximis
1414 1791 1561 1827 sumptibus
1569 1791 1678 1828 templa,
1687 1792 1746 1820 sana
1753 1813 1760 1824 ‚
1768 1791 1884 1824 delubra,
1892 1793 1927 1820 de

428 1834 521 1870 quibus
528 1835 670 1871 quomodo
677 1835 746 1862 inter
754 1831 806 1860 sese
813 1832 946 1861 differant,
954 1841 1037 1868 pauca
1044 1831 1173 1859 dicemus.
1192 1829 1325 1864 Templum
1333 1830 1385 1857 dici
1395 1830 1448 1857 vult
1456 1832 1544 1856 Varro
1558 1829 1571 1863 [
1578 1828 1620 1856 lib.
1628 1832 1653 1857 6.
1665 1830 1697 1863 de
1702 1829 1924 1867 LinguaLJri-aa]

342 1872 355 1899 ἐι
364 1873 513 1905 temptando,
524 1872 566 1899 vel
574 1873 675 1904 tue-mh,
683 1875 709 1900 ὃς
717 1872 850 1908 triplicem
857 1870 954 1898 habere
961 1870 1197 1908 iignificationem:
1207 1869 1328 1904 primum
1336 1867 1481 1904 iignificare
1487 1867 1586 1894 carlum:
1599 1867 1695 1894 deinde
1702 1875 1774 1895 certa
1781 1867 1839 1895 loca
1847 1869 1874 1896 in
1881 1871 1925 1896 ae'-

344 1920 378 1941 rc²
390 1910 428 1936 vel
437 1911 463 1937 in
473 1919 542 1938 terra
551 1932 557 1942 ‚
566 1920 623 1948 quae
632 1913 752 1947 Augures
759 1910 954 1946 captandorum
962 1909 1144 1945 Auguriorum
1152 1906 1225 1934 causa
1232 1906 1343 1934 definire
1350 1905 1469 1934 solebant
1476 1927 1484 1938 ,
1498 1914 1554 1943 quae
1561 1905 1653 1939 templa
1660 1905 1816 1933 dicebantur
1824 1927 1830 1937 ,
1852 1906 1926 1944 quod

343 1958 374 1975 ez<
384 1948 460 1974 omni
467 1957 549 1983 parte,
558 1949 598 1977 vel
604 1949 675 1986 quod
685 1959 716 1977 ex
724 1949 753 1976 iis
761 1948 850 1975 omnis
859 1957 917 1984 pars
926 1946 1041 1983 conspici
1049 1946 1145 1982 poss‘et:
1161 1946 1242 1973 tertio
1251 1954 1316 1972 vero
1323 1944 1469 1982 fignificare
1476 1943 1535 1971 loca
1542 1942 1587 1970 sub
1595 1951 1673 1970 terra.
1693 1945 1736 1971 De
1744 1944 1831 1979 prima
1838 1947 1864 1972 δε
1872 1953 1926 1973 ter.

343 1987 379 2013 tia
386 1986 574 2022 significatione
582 1987 659 2015 nobis
666 1986 731 2015 nihil
739 1986 883 2015 dicendum
892 1986 928 2014 est
936 1996 941 2012 t
964 1986 997 2012 de
1005 1984 1116 2012 secunda
1124 1983 1315 2021 significatione
1323 1992 1416 2021 agetur
1427 1982 1498 2010 libro
1511 1981 1646 2020 sequenti,
1660 1981 1705 2009 ubi
1713 1983 1745 2009 de
1752 1983 1867 2019 auguriis
1874 1982 1925 2011 dis-

344 2024 491 2059 putandum
500 2025 558 2052 crit.
584 2025 624 2053 Ab
634 2035 667 2053 eo
676 2036 740 2053 vero
748 2024 862 2061 templo,
871 2024 942 2060 quod
950 2023 981 2051 ab
990 2022 1141 2060 Auguribus
1149 2021 1332 2052 definiebatur,
1341 2022 1401 2059 quia
1408 2021 1434 2049 id
1443 2027 1579 2058 oporteret
1586 2019 1690 2056 sepmm
1699 2020 1749 2047 esse
1757 2021 1925 2058 circumqua-

349 2071 409 2098 que,
418 2070 465 2088 nec
473 2062 529 2097 plus
537 2071 616 2098 quam
624 2074 707 2091 unum
718 2064 859 2091 introitum
868 2062 974 2094 habere,
982 2061 1055 2089 sicuti
1061 2061 1122 2088 alibi
1128 2061 1289 2091 ostendetur,
1297 2060 1398 2088 fadi-um
1408 2061 1443 2087 est
1450 2080 1456 2090 ‚
1465 2067 1495 2088 ut
1503 2059 1584 2086 eiiam
1593 2058 1641 2085 alia
1648 2058 1705 2086 loca
1710 2062 1781 2093 jepta
1787 2080 1795 2090 ‚
1806 2061 1833 2087 &
1839 2068 1925 2086 unum

345 2106 451 2128 tantum
460 2100 602 2127 introitum
611 2100 731 2129 habentia
747 2101 839 2135 templa
849 2101 1044 2139 appellarentur
1053 2120 1060 2131 ‚
1081 2099 1183 2126 etiamsi
1191 2098 1260 2125 iacra
1267 2107 1321 2125 non
1329 2099 1420 2126 essent.
1441 2099 1481 2125 Ita
1489 2097 1588 2124 Festus:
1611 2101 1636 2124 T
1634 2098 1743 2132 emplum
1755 2096 1883 2135 fignificat
1897 2099 1925 2126 δε

344 2137 485 2164 aediticium
493 2138 553 2163 Deo
560 2137 688 2165 sacratum
698 2160 704 2169 ,
727 2142 752 2168 ἃ
760 2140 867 2177 tignum
876 2161 882 2171 ‚
903 2140 975 2177 quod
982 2139 1010 2166 in
1017 2137 1129 2165 aedificio
1136 2135 1311 2164 transversum
1319 2137 1436 2172 ponitur.

386 2174 466 2202 AEdes
473 2182 564 2202 autem
574 2175 648 2202 sacrae
656 2177 746 2210 templa
755 2178 824 2204 dicia
833 2178 941 2205 fuerunt
950 2199 957 2209 ,
965 2176 1037 2214 quod
1045 2175 1126 2203 eisc-nt
1133 2175 1204 2212 quasi
1211 2175 1278 2202 cedes
1284 2175 1417 2205 Deorum,
1424 2173 1498 2201 sicuti
1505 2173 1604 2201 coelum
1613 2174 1694 2202 etiam
1703 2196 1710 2206 ,
1725 2174 1796 2211 quod
1811 2173 1926 2202 domici-

345 2215 413 2243 lium
428 2213 548 2239 Deorum
564 2213 627 2240 effct
641 2224 645 2239 :
672 2215 791 2249 templum
805 2216 909 2244 dic'tum
926 2215 999 2243 fuisle
1014 2236 1019 2246 ‚
1046 2214 1126 2251 paulo
1139 2222 1200 2240 ante
1221 2213 1256 2240 est
1270 2212 1427 2241 indicatum.
1467 2211 1593 2240 Solebant
1606 2222 1688 2249 porro
1709 2213 1810 2249 templa
1831 2211 1873 2238 illa
1892 2210 1925 2238 ab

347 2250 500 2280 hominibus
513 2259 622 2288 propter
636 2259 718 2278 certas
732 2252 817 2280 causas
831 2254 923 2281 voveri
937 2275 945 2285 ,
965 2253 1038 2290 cujus
1053 2253 1091 2279 rei
1105 2252 1190 2279 multa
1203 2250 1325 2286 exempla
1345 2251 1372 2279 in
1387 2251 1501 2278 historiis
1522 2252 1689 2287 reperiuntur
1702 2262 1708 2278 2
1736 2253 1762 2279 &
1776 2250 1853 2287 paulo
1866 2249 1925 2285 post

346 2291 467 2328 quaedam
476 2289 664 2316 recitabuntur.
706 2291 820 2327 Qando
836 2300 899 2318 vota
912 2300 1000 2323 erant,
1022 2293 1049 2319 ἃ
1064 2291 1091 2318 id
1103 2297 1213 2327 propter
1228 2289 1301 2326 quod
1317 2298 1380 2317 vota
1394 2296 1468 2316 erant
1501 2287 1605 2325 rospere
1618 2289 1784 2319 successerat,
1804 2296 1864 2315 tum
1878 2287 1924 2314 de-

349 2328 521 2357 finiebantur,
543 2326 584 2354 vel
592 2328 656 2354 certi
670 2327 838 2363 illiustempli
847 2329 910 2356 fines
918 2329 1156 2360 constituebantur,
1176 2328 1202 2355 id
1212 2327 1283 2364 quod
1298 2328 1433 2356 dicebatur
1446 2298 1521 2365 effiri
1531 2328 1640 2362 templa,
1662 2327 1726 2356 teste
1734 2329 1868 2357 Varrone,
1884 2325 1927 2353 vel

340 2365 505 2403 fisterejana.
534 2365 575 2392 Sic
582 2366 655 2391 enim
667 2365 808 2401 pompejus
825 2367 922 2394 Festus:
946 2367 1006 2401 [lib.
1026 2376 1068 2399 14.
1083 2376 1102 2393 c.
1118 2377 1142 2401 7.
1155 2366 1197 2392 lib.
1208 2376 1232 2397 4.
1248 2363 1331 2402 Hsst.]
1352 2365 1513 2401 sistere-,lanii
1527 2375 1589 2393 cum
1605 2367 1632 2393 in
1647 2365 1721 2393 Urbe
1732 2364 1870 2392 condenda
1884 2364 1927 2391 di-

345 2412 429 2436 citur,
450 2401 577 2441 significat
591 2403 647 2431 loca
661 2404 687 2430 in
701 2403 802 2440 oppido
817 2403 968 2433 futurorum
990 2405 1115 2433 fanorum
1131 2405 1297 2433 constituere.
1337 2405 1368 2432 Id
1384 2413 1448 2433 vero
1463 2403 1495 2432 ab
1515 2403 1666 2442 Auguribus
1684 2402 1742 2432 fieri
1756 2401 1862 2431 solitum
1877 2402 1926 2429 do-

1886 2448 1930 2470 cet
