<?xml version="1.0" encoding="UTF-8"?>
<!DOCTYPE html PUBLIC "-//W3C//DTD XHTML 1.0 Transitional//EN"
    "http://www.w3.org/TR/xhtml1/DTD/xhtml1-transitional.dtd">
<html xmlns="http://www.w3.org/1999/xhtml" xml:lang="en" lang="en">
 <head>
  <title>
</title>
<meta http-equiv="Content-Type" content="text/html;charset=utf-8" />
  <meta name='ocr-system' content='tesseract 3.04.00' />
  <meta name='ocr-capabilities' content='ocr_page ocr_carea ocr_par ocr_line ocrx_word'/>
</head>
<body>
  <div class='ocr_page' id='page_1' title='image "./johannisrosinian00rosi/johannisrosinian00rosi_0719.png"; bbox 0 0 2075 2734; ppageno 0'>
   <div class='ocr_carea' id='block_1_1' title="bbox 0 1780 46 2734">
    <p class='ocr_par' dir='ltr' id='par_1_1' title="bbox 0 1780 46 2734">
     <span class='ocr_line' id='line_1_1' title="bbox 0 1780 46 2734; baseline 0 0"><span class='ocrx_word' id='word_1_1' title='bbox 0 1780 46 2734; x_wconf 95' lang='lat' dir='ltr'> </span> 
     </span>
    </p>
   </div>
   <div class='ocr_carea' id='block_1_2' title="bbox 336 137 1657 178">
    <p class='ocr_par' dir='ltr' id='par_1_2' title="bbox 336 137 1657 178">
     <span class='ocr_line' id='line_1_2' title="bbox 336 137 1657 178; baseline -0.005 -4"><span class='ocrx_word' id='word_1_2' title='bbox 336 145 400 173; x_wconf 68' lang='lat' dir='ltr'>De</span> <span class='ocrx_word' id='word_1_3' title='bbox 440 147 810 171; x_wconf 71' lang='lat' dir='ltr'>nxnncxrrouz</span> <span class='ocrx_word' id='word_1_4' title='bbox 848 139 1417 176; x_wconf 62' lang='lat' dir='ltr'>Acr10=urs,&amp;e.CAr=.nj&gt;</span> <span class='ocrx_word' id='word_1_5' title='bbox 1600 137 1657 178; x_wconf 75' lang='lat'>685</span> 
     </span>
    </p>
   </div>
   <div class='ocr_carea' id='block_1_3' title="bbox 726 211 1000 256">
    <p class='ocr_par' dir='ltr' id='par_1_3' title="bbox 726 211 1000 256">
     <span class='ocr_line' id='line_1_3' title="bbox 726 211 1000 256; baseline 0.004 -14"><span class='ocrx_word' id='word_1_6' title='bbox 726 211 768 242; x_wconf 87' lang='lat' dir='ltr'>In</span> <span class='ocrx_word' id='word_1_7' title='bbox 786 211 842 256; x_wconf 80' lang='lat' dir='ltr'>jus</span> <span class='ocrx_word' id='word_1_8' title='bbox 868 211 1000 243; x_wconf 73' lang='lat' dir='ltr'>vocatio.</span> 
     </span>
    </p>
   </div>
   <div class='ocr_carea' id='block_1_4' title="bbox 74 270 1658 470">
    <p class='ocr_par' dir='ltr' id='par_1_4' title="bbox 74 270 1658 470">
     <span class='ocr_line' id='line_1_4' title="bbox 115 270 1654 313; baseline -0.003 -4"><span class='ocrx_word' id='word_1_9' title='bbox 115 284 250 311; x_wconf 82' lang='lat' dir='ltr'>Caetetum</span> <span class='ocrx_word' id='word_1_10' title='bbox 264 278 343 313; x_wconf 79' lang='lat' dir='ltr'>injus</span> <span class='ocrx_word' id='word_1_11' title='bbox 353 275 446 304; x_wconf 78' lang='lat' dir='ltr'>vocatio</span> <span class='ocrx_word' id='word_1_12' title='bbox 457 276 494 304; x_wconf 84' lang='lat' dir='ltr'>ita</span> <span class='ocrx_word' id='word_1_13' title='bbox 507 270 597 301; x_wconf 68' lang='lat' dir='ltr'>locum</span> <span class='ocrx_word' id='word_1_14' title='bbox 611 271 716 303; x_wconf 82' lang='lat' dir='ltr'>habuit,</span> <span class='ocrx_word' id='word_1_15' title='bbox 737 271 756 298; x_wconf 85' lang='lat' dir='ltr'>fi</span> <span class='ocrx_word' id='word_1_16' title='bbox 770 270 825 302; x_wconf 89' lang='lat' dir='ltr'>ille,</span> <span class='ocrx_word' id='word_1_17' title='bbox 848 271 891 299; x_wconf 86' lang='lat' dir='ltr'>cui</span> <span class='ocrx_word' id='word_1_18' title='bbox 905 273 1045 309; x_wconf 81' lang='lat' dir='ltr'>negotium</span> <span class='ocrx_word' id='word_1_19' title='bbox 1062 272 1215 308; x_wconf 79' lang='lat' dir='ltr'>parabatur,</span> <span class='ocrx_word' id='word_1_20' title='bbox 1235 275 1262 302; x_wconf 88' lang='lat' dir='ltr'>in</span> <span class='ocrx_word' id='word_1_21' title='bbox 1275 274 1350 302; x_wconf 78' lang='lat' dir='ltr'>Urbe</span> <span class='ocrx_word' id='word_1_22' title='bbox 1363 273 1423 302; x_wconf 84' lang='lat' dir='ltr'>fuit.</span> <span class='ocrx_word' id='word_1_23' title='bbox 1449 273 1550 304; x_wconf 79' lang='lat' dir='ltr'>Habuit</span> <span class='ocrx_word' id='word_1_24' title='bbox 1563 277 1654 310; x_wconf 59' lang='lat' dir='ltr'>enim:</span> 
     </span>
     <span class='ocr_line' id='line_1_5' title="bbox 74 311 1655 357; baseline 0.004 -23"><span class='ocrx_word' id='word_1_25' title='bbox 74 328 106 350; x_wconf 56' lang='lat' dir='ltr'>ut</span> <span class='ocrx_word' id='word_1_26' title='bbox 118 329 185 357; x_wconf 89' lang='lat' dir='ltr'>puto</span> <span class='ocrx_word' id='word_1_27' title='bbox 199 340 205 351; x_wconf 55' lang='lat'>&#39;</span> <span class='ocrx_word' id='word_1_28' title='bbox 220 315 400 354; x_wconf 58' lang='lat' dir='ltr'>p‚.el:e7fio7zem</span> <span class='ocrx_word' id='word_1_29' title='bbox 413 335 420 346; x_wconf 81' lang='lat'>‚</span> <span class='ocrx_word' id='word_1_30' title='bbox 442 316 467 341; x_wconf 60' lang='grc' dir='ltr'>ὃς</span> <span class='ocrx_word' id='word_1_31' title='bbox 482 312 653 339; x_wconf 71' lang='grc' dir='ltr'>εάιιέὶίοηειη</span> <span class='ocrx_word' id='word_1_32' title='bbox 670 311 780 345; x_wconf 80' lang='lat' dir='ltr'>perinde</span> <span class='ocrx_word' id='word_1_33' title='bbox 794 330 802 341; x_wconf 85' lang='lat'><em>‚</em></span> <span class='ocrx_word' id='word_1_34' title='bbox 822 317 901 345; x_wconf 84' lang='lat' dir='ltr'>atque</span> <span class='ocrx_word' id='word_1_35' title='bbox 914 311 939 336; x_wconf 84' lang='lat' dir='ltr'>in</span> <span class='ocrx_word' id='word_1_36' title='bbox 955 311 1060 346; x_wconf 75' lang='lat' dir='ltr'>privato</span> <span class='ocrx_word' id='word_1_37' title='bbox 1078 311 1188 346; x_wconf 88' lang='lat' dir='ltr'>judicio.</span> <span class='ocrx_word' id='word_1_38' title='bbox 1229 314 1310 348; x_wconf 85' lang='lat' dir='ltr'>Qod</span> <span class='ocrx_word' id='word_1_39' title='bbox 1325 313 1439 340; x_wconf 88' lang='lat' dir='ltr'>ostendit</span> <span class='ocrx_word' id='word_1_40' title='bbox 1459 317 1549 339; x_wconf 72' lang='lat' dir='ltr'>Seneca</span> <span class='ocrx_word' id='word_1_41' title='bbox 1571 314 1614 342; x_wconf 91' lang='lat' dir='ltr'>lib.</span> <span class='ocrx_word' id='word_1_42' title='bbox 1627 325 1655 350; x_wconf 80' lang='lat'>4.</span> 
     </span>
     <span class='ocr_line' id='line_1_6' title="bbox 75 347 1654 388; baseline -0.004 -2"><span class='ocrx_word' id='word_1_43' title='bbox 75 356 325 387; x_wconf 71' lang='lat' dir='ltr'>Controverfiamm</span> <span class='ocrx_word' id='word_1_44' title='bbox 340 374 346 385; x_wconf 90' lang='lat'>‚</span> <span class='ocrx_word' id='word_1_45' title='bbox 368 353 432 379; x_wconf 89' lang='lat' dir='ltr'>item</span> <span class='ocrx_word' id='word_1_46' title='bbox 449 352 476 378; x_wconf 89' lang='lat' dir='ltr'>in</span> <span class='ocrx_word' id='word_1_47' title='bbox 491 350 568 377; x_wconf 89' lang='lat' dir='ltr'>Ludo</span> <span class='ocrx_word' id='word_1_48' title='bbox 581 369 588 380; x_wconf 94' lang='lat'>‚</span> <span class='ocrx_word' id='word_1_49' title='bbox 609 351 636 376; x_wconf 69' lang='grc' dir='ltr'>δε</span> <span class='ocrx_word' id='word_1_50' title='bbox 651 352 746 374; x_wconf 68' lang='lat' dir='ltr'>Micer-</span> <span class='ocrx_word' id='word_1_51' title='bbox 765 347 792 374; x_wconf 83' lang='lat' dir='ltr'>ff.</span> <span class='ocrx_word' id='word_1_52' title='bbox 806 348 838 374; x_wconf 89' lang='lat' dir='ltr'>de</span> <span class='ocrx_word' id='word_1_53' title='bbox 852 347 1060 375; x_wconf 57' lang='lat' dir='ltr'>accusationibus</span> <span class='ocrx_word' id='word_1_54' title='bbox 1075 369 1082 379; x_wconf 91' lang='lat'>,</span> <span class='ocrx_word' id='word_1_55' title='bbox 1101 358 1163 376; x_wconf 86' lang='lat' dir='ltr'>cum</span> <span class='ocrx_word' id='word_1_56' title='bbox 1179 350 1267 378; x_wconf 78' lang='lat' dir='ltr'>scribit</span> <span class='ocrx_word' id='word_1_57' title='bbox 1280 372 1286 380; x_wconf 84' lang='grc'><strong>,</strong></span> <span class='ocrx_word' id='word_1_58' title='bbox 1313 352 1358 387; x_wconf 82' lang='lat' dir='ltr'>qui</span> <span class='ocrx_word' id='word_1_59' title='bbox 1381 349 1439 378; x_wconf 87' lang='lat' dir='ltr'>sum</span> <span class='ocrx_word' id='word_1_60' title='bbox 1457 351 1485 377; x_wconf 89' lang='lat' dir='ltr'>in</span> <span class='ocrx_word' id='word_1_61' title='bbox 1502 352 1654 388; x_wconf 75' lang='lat' dir='ltr'>magistratu</span> 
     </span>
     <span class='ocr_line' id='line_1_7' title="bbox 76 385 1658 429; baseline -0.011 -5"><span class='ocrx_word' id='word_1_62' title='bbox 76 396 191 425; x_wconf 79' lang='lat' dir='ltr'>accusari</span> <span class='ocrx_word' id='word_1_63' title='bbox 205 404 260 422; x_wconf 91' lang='lat' dir='ltr'>non</span> <span class='ocrx_word' id='word_1_64' title='bbox 273 392 360 429; x_wconf 75' lang='lat' dir='ltr'>posse,</span> <span class='ocrx_word' id='word_1_65' title='bbox 378 390 437 427; x_wconf 86' lang='lat' dir='ltr'>quia</span> <span class='ocrx_word' id='word_1_66' title='bbox 450 388 504 416; x_wconf 89' lang='lat' dir='ltr'>fine</span> <span class='ocrx_word' id='word_1_67' title='bbox 522 387 613 414; x_wconf 78' lang='lat' dir='ltr'>fraude</span> <span class='ocrx_word' id='word_1_68' title='bbox 627 385 654 412; x_wconf 75' lang='lat' dir='ltr'>in</span> <span class='ocrx_word' id='word_1_69' title='bbox 661 395 707 419; x_wconf 65' lang='lat' dir='ltr'>&#39;fles</span> <span class='ocrx_word' id='word_1_70' title='bbox 720 386 826 413; x_wconf 83' lang='lat' dir='ltr'>evocari</span> <span class='ocrx_word' id='word_1_71' title='bbox 842 395 895 412; x_wconf 90' lang='lat' dir='ltr'>non</span> <span class='ocrx_word' id='word_1_72' title='bbox 911 386 1026 421; x_wconf 63' lang='lat' dir='ltr'>poliunt.</span> <span class='ocrx_word' id='word_1_73' title='bbox 1063 387 1093 412; x_wconf 88' lang='lat' dir='ltr'>In</span> <span class='ocrx_word' id='word_1_74' title='bbox 1108 387 1161 421; x_wconf 62' lang='lat' dir='ltr'>iplffz</span> <span class='ocrx_word' id='word_1_75' title='bbox 1175 398 1238 415; x_wconf 62' lang='lat' dir='ltr'>vero</span> <span class='ocrx_word' id='word_1_76' title='bbox 1257 390 1397 417; x_wconf 63' lang='lat' dir='ltr'>vocatione</span> <span class='ocrx_word' id='word_1_77' title='bbox 1410 388 1505 416; x_wconf 65' lang='lat' dir='ltr'>eadem</span> <span class='ocrx_word' id='word_1_78' title='bbox 1518 390 1658 419; x_wconf 75' lang='lat' dir='ltr'>observata.</span> 
     </span>
     <span class='ocr_line' id='line_1_8' title="bbox 75 423 1504 470; baseline -0.012 -7"><span class='ocrx_word' id='word_1_79' title='bbox 75 435 126 463; x_wconf 80' lang='lat' dir='ltr'>effe</span> <span class='ocrx_word' id='word_1_80' title='bbox 137 435 164 462; x_wconf 90' lang='lat' dir='ltr'>in</span> <span class='ocrx_word' id='word_1_81' title='bbox 178 432 279 470; x_wconf 87' lang='lat' dir='ltr'>judicio</span> <span class='ocrx_word' id='word_1_82' title='bbox 291 428 410 467; x_wconf 85' lang='lat' dir='ltr'>publico,</span> <span class='ocrx_word' id='word_1_83' title='bbox 432 435 488 464; x_wconf 65' lang='lat' dir='ltr'>qux</span> <span class='ocrx_word' id='word_1_84' title='bbox 503 427 532 453; x_wconf 85' lang='lat' dir='ltr'>in</span> <span class='ocrx_word' id='word_1_85' title='bbox 543 426 649 462; x_wconf 80' lang='lat' dir='ltr'>privato</span> <span class='ocrx_word' id='word_1_86' title='bbox 662 423 763 452; x_wconf 76' lang='lat' dir='ltr'>servata</span> <span class='ocrx_word' id='word_1_87' title='bbox 777 423 852 455; x_wconf 91' lang='lat' dir='ltr'>sunt,</span> <span class='ocrx_word' id='word_1_88' title='bbox 874 424 979 451; x_wconf 80' lang='lat' dir='ltr'>videtur</span> <span class='ocrx_word' id='word_1_89' title='bbox 993 424 1144 452; x_wconf 72' lang='lat' dir='ltr'>verisimile.</span> <span class='ocrx_word' id='word_1_90' title='bbox 1491 443 1504 455; x_wconf 76' lang='lat'>‚</span> 
     </span>
    </p>
   </div>
   <div class='ocr_carea' id='block_1_5' title="bbox 777 477 950 523">
    <p class='ocr_par' dir='ltr' id='par_1_5' title="bbox 777 477 950 523">
     <span class='ocr_line' id='line_1_9' title="bbox 777 477 950 523; baseline -0.006 -12"><span class='ocrx_word' id='word_1_91' title='bbox 777 477 950 523; x_wconf 68' lang='lat' dir='ltr'>Pqstulatio.</span> 
     </span>
    </p>
   </div>
   <div class='ocr_carea' id='block_1_6' title="bbox 74 531 1656 846">
    <p class='ocr_par' dir='ltr' id='par_1_6' title="bbox 74 531 1656 765">
     <span class='ocr_line' id='line_1_10' title="bbox 116 531 1654 575; baseline -0.003 -3"><span class='ocrx_word' id='word_1_92' title='bbox 116 546 155 572; x_wconf 91' lang='lat' dir='ltr'>Ut</span> <span class='ocrx_word' id='word_1_93' title='bbox 168 549 256 571; x_wconf 88' lang='lat' dir='ltr'>autern</span> <span class='ocrx_word' id='word_1_94' title='bbox 272 541 299 568; x_wconf 84' lang='lat' dir='ltr'>in</span> <span class='ocrx_word' id='word_1_95' title='bbox 313 538 414 575; x_wconf 86' lang='lat' dir='ltr'>judicio</span> <span class='ocrx_word' id='word_1_96' title='bbox 427 538 546 574; x_wconf 86' lang='lat' dir='ltr'>privato,</span> <span class='ocrx_word' id='word_1_97' title='bbox 568 535 716 564; x_wconf 81' lang='lat' dir='ltr'>adversario</span> <span class='ocrx_word' id='word_1_98' title='bbox 734 531 762 561; x_wconf 57' lang='lat' dir='ltr'>in</span> <span class='ocrx_word' id='word_1_99' title='bbox 769 536 814 569; x_wconf 77' lang='lat' dir='ltr'>jus</span> <span class='ocrx_word' id='word_1_100' title='bbox 826 543 923 564; x_wconf 86' lang='lat' dir='ltr'>vocato</span> <span class='ocrx_word' id='word_1_101' title='bbox 937 535 1115 571; x_wconf 77' lang='lat' dir='ltr'>postulabatur</span> <span class='ocrx_word' id='word_1_102' title='bbox 1129 537 1142 565; x_wconf 73' lang='grc' dir='ltr'>ὲ</span> <span class='ocrx_word' id='word_1_103' title='bbox 1155 544 1268 574; x_wconf 81' lang='lat' dir='ltr'>praetore</span> <span class='ocrx_word' id='word_1_104' title='bbox 1282 559 1289 570; x_wconf 86' lang='lat'>‚</span> <span class='ocrx_word' id='word_1_105' title='bbox 1309 546 1339 567; x_wconf 87' lang='lat' dir='ltr'>ut</span> <span class='ocrx_word' id='word_1_106' title='bbox 1354 539 1399 567; x_wconf 86' lang='lat' dir='ltr'>fibi</span> <span class='ocrx_word' id='word_1_107' title='bbox 1412 540 1504 569; x_wconf 88' lang='lat' dir='ltr'>liceret</span> <span class='ocrx_word' id='word_1_108' title='bbox 1518 541 1654 570; x_wconf 57' lang='lat' dir='ltr'>astionem</span> 
     </span>
     <span class='ocr_line' id='line_1_11' title="bbox 78 573 1651 614; baseline -0.002 -4"><span class='ocrx_word' id='word_1_109' title='bbox 78 583 228 610; x_wconf 78' lang='lat' dir='ltr'>intendere:</span> <span class='ocrx_word' id='word_1_110' title='bbox 248 578 282 606; x_wconf 89' lang='lat' dir='ltr'>fic</span> <span class='ocrx_word' id='word_1_111' title='bbox 297 579 324 604; x_wconf 89' lang='lat' dir='ltr'>in</span> <span class='ocrx_word' id='word_1_112' title='bbox 337 577 444 614; x_wconf 86' lang='lat' dir='ltr'>publico</span> <span class='ocrx_word' id='word_1_113' title='bbox 457 574 647 612; x_wconf 84' lang='lat' dir='ltr'>postulabatur,</span> <span class='ocrx_word' id='word_1_114' title='bbox 669 581 700 602; x_wconf 88' lang='lat' dir='ltr'>ut</span> <span class='ocrx_word' id='word_1_115' title='bbox 716 573 762 601; x_wconf 80' lang='lat' dir='ltr'>fibi</span> <span class='ocrx_word' id='word_1_116' title='bbox 775 573 866 602; x_wconf 88' lang='lat' dir='ltr'>liceret</span> <span class='ocrx_word' id='word_1_117' title='bbox 879 583 982 602; x_wconf 87' lang='lat' dir='ltr'>nomen</span> <span class='ocrx_word' id='word_1_118' title='bbox 996 574 1108 602; x_wconf 85' lang='lat' dir='ltr'>deferre.</span> <span class='ocrx_word' id='word_1_119' title='bbox 1147 577 1237 603; x_wconf 87' lang='lat' dir='ltr'>Testes</span> <span class='ocrx_word' id='word_1_120' title='bbox 1252 575 1309 604; x_wconf 84' lang='lat' dir='ltr'>sunt</span> <span class='ocrx_word' id='word_1_121' title='bbox 1323 578 1408 604; x_wconf 51' lang='lat' dir='ltr'>Caelaeus</span> <span class='ocrx_word' id='word_1_122' title='bbox 1426 580 1457 606; x_wconf 87' lang='lat' dir='ltr'>ad</span> <span class='ocrx_word' id='word_1_123' title='bbox 1474 580 1651 611; x_wconf 84' lang='lat' dir='ltr'>Ciceronem,</span> 
     </span>
     <span class='ocr_line' id='line_1_12' title="bbox 75 611 1655 654; baseline -0.003 -7"><span class='ocrx_word' id='word_1_124' title='bbox 75 620 154 648; x_wconf 73' lang='lat' dir='ltr'>1ib.8.</span> <span class='ocrx_word' id='word_1_125' title='bbox 166 616 335 654; x_wconf 75' lang='lat' dir='ltr'>epistolarum</span> <span class='ocrx_word' id='word_1_126' title='bbox 352 616 383 642; x_wconf 84' lang='lat' dir='ltr'>ad</span> <span class='ocrx_word' id='word_1_127' title='bbox 399 614 565 645; x_wconf 85' lang='lat' dir='ltr'>familiareis,</span> <span class='ocrx_word' id='word_1_128' title='bbox 586 611 670 640; x_wconf 79' lang='lat' dir='ltr'>Cicero</span> <span class='ocrx_word' id='word_1_129' title='bbox 685 612 738 648; x_wconf 86' lang='lat' dir='ltr'>ipse</span> <span class='ocrx_word' id='word_1_130' title='bbox 751 613 778 638; x_wconf 90' lang='lat' dir='ltr'>in</span> <span class='ocrx_word' id='word_1_131' title='bbox 795 612 980 644; x_wconf 85' lang='lat' dir='ltr'>Divinatione,</span> <span class='ocrx_word' id='word_1_132' title='bbox 1000 614 1026 640; x_wconf 66' lang='grc' dir='ltr'>ἃ</span> <span class='ocrx_word' id='word_1_133' title='bbox 1040 614 1072 640; x_wconf 82' lang='lat' dir='ltr'>ad</span> <span class='ocrx_word' id='word_1_134' title='bbox 1088 612 1212 646; x_wconf 82' lang='lat' dir='ltr'>fratrem,</span> <span class='ocrx_word' id='word_1_135' title='bbox 1235 616 1260 641; x_wconf 67' lang='grc' dir='ltr'>ἃ</span> <span class='ocrx_word' id='word_1_136' title='bbox 1273 618 1363 641; x_wconf 71' lang='lat' dir='ltr'>Seneca</span> <span class='ocrx_word' id='word_1_137' title='bbox 1377 616 1403 642; x_wconf 88' lang='lat' dir='ltr'>in</span> <span class='ocrx_word' id='word_1_138' title='bbox 1413 617 1497 644; x_wconf 85' lang='lat' dir='ltr'>Ludo.</span> <span class='ocrx_word' id='word_1_139' title='bbox 1520 616 1655 654; x_wconf 72' lang='lat' dir='ltr'>Pqstulatio</span> 
     </span>
     <span class='ocr_line' id='line_1_13' title="bbox 75 649 1653 689; baseline -0.003 -4"><span class='ocrx_word' id='word_1_140' title='bbox 75 666 140 685; x_wconf 75' lang='lat' dir='ltr'>vero</span> <span class='ocrx_word' id='word_1_141' title='bbox 155 656 234 683; x_wconf 86' lang='lat' dir='ltr'>fiebat</span> <span class='ocrx_word' id='word_1_142' title='bbox 247 664 302 682; x_wconf 90' lang='lat' dir='ltr'>non</span> <span class='ocrx_word' id='word_1_143' title='bbox 318 653 402 681; x_wconf 89' lang='lat' dir='ltr'>solum</span> <span class='ocrx_word' id='word_1_144' title='bbox 418 652 546 689; x_wconf 86' lang='lat' dir='ltr'>praesente</span> <span class='ocrx_word' id='word_1_145' title='bbox 560 672 567 683; x_wconf 94' lang='lat'><em>‚</em></span> <span class='ocrx_word' id='word_1_146' title='bbox 586 650 629 678; x_wconf 90' lang='lat' dir='ltr'>sed</span> <span class='ocrx_word' id='word_1_147' title='bbox 648 652 728 678; x_wconf 88' lang='lat' dir='ltr'>etiam</span> <span class='ocrx_word' id='word_1_148' title='bbox 744 649 850 678; x_wconf 86' lang='lat' dir='ltr'>absente</span> <span class='ocrx_word' id='word_1_149' title='bbox 864 650 909 677; x_wconf 91' lang='lat' dir='ltr'>illo</span> <span class='ocrx_word' id='word_1_150' title='bbox 921 670 929 682; x_wconf 82' lang='lat'>‚</span> <span class='ocrx_word' id='word_1_151' title='bbox 949 651 976 678; x_wconf 89' lang='lat' dir='ltr'>in</span> <span class='ocrx_word' id='word_1_152' title='bbox 991 659 1070 687; x_wconf 86' lang='lat' dir='ltr'>quem</span> <span class='ocrx_word' id='word_1_153' title='bbox 1087 651 1165 679; x_wconf 85' lang='lat' dir='ltr'>fiebat</span> <span class='ocrx_word' id='word_1_154' title='bbox 1179 672 1186 682; x_wconf 80' lang='lat'><em>,</em></span> <span class='ocrx_word' id='word_1_155' title='bbox 1207 653 1245 679; x_wconf 89' lang='lat' dir='ltr'>uti</span> <span class='ocrx_word' id='word_1_156' title='bbox 1259 651 1342 678; x_wconf 79' lang='lat' dir='ltr'>Cicero</span> <span class='ocrx_word' id='word_1_157' title='bbox 1357 654 1470 682; x_wconf 84' lang='lat' dir='ltr'>ostendit</span> <span class='ocrx_word' id='word_1_158' title='bbox 1490 654 1604 683; x_wconf 77' lang='lat' dir='ltr'>scribens</span> <span class='ocrx_word' id='word_1_159' title='bbox 1620 656 1653 683; x_wconf 87' lang='lat' dir='ltr'>ad</span> 
     </span>
     <span class='ocr_line' id='line_1_14' title="bbox 74 688 1656 730; baseline -0.001 -8"><span class='ocrx_word' id='word_1_160' title='bbox 74 694 184 722; x_wconf 86' lang='lat' dir='ltr'>fratrem</span> <span class='ocrx_word' id='word_1_161' title='bbox 195 715 202 725; x_wconf 93' lang='lat'><strong><em>‚</em></strong></span> <span class='ocrx_word' id='word_1_162' title='bbox 222 702 285 721; x_wconf 79' lang='lat' dir='ltr'>cuin</span> <span class='ocrx_word' id='word_1_163' title='bbox 300 691 463 719; x_wconf 84' lang='lat' dir='ltr'>Gabinium,</span> <span class='ocrx_word' id='word_1_164' title='bbox 483 691 622 727; x_wconf 86' lang='lat' dir='ltr'>postquam</span> <span class='ocrx_word' id='word_1_165' title='bbox 639 689 743 716; x_wconf 80' lang='lat' dir='ltr'>acceffit</span> <span class='ocrx_word' id='word_1_166' title='bbox 754 688 786 715; x_wconf 87' lang='lat' dir='ltr'>ad</span> <span class='ocrx_word' id='word_1_167' title='bbox 800 688 917 728; x_wconf 66' lang='lat' dir='ltr'>Urbem3</span> <span class='ocrx_word' id='word_1_168' title='bbox 939 690 1054 716; x_wconf 83' lang='lat' dir='ltr'>necdum</span> <span class='ocrx_word' id='word_1_169' title='bbox 1066 689 1208 726; x_wconf 70' lang='lat' dir='ltr'>ingress‘um</span> <span class='ocrx_word' id='word_1_170' title='bbox 1220 710 1228 721; x_wconf 87' lang='lat'><em>,</em></span> <span class='ocrx_word' id='word_1_171' title='bbox 1250 688 1263 716; x_wconf 72' lang='grc' dir='ltr'>ἐι</span> <span class='ocrx_word' id='word_1_172' title='bbox 1278 690 1397 719; x_wconf 77' lang='lat' dir='ltr'>Lentulis</span> <span class='ocrx_word' id='word_1_173' title='bbox 1410 692 1442 719; x_wconf 83' lang='lat' dir='ltr'>de</span> <span class='ocrx_word' id='word_1_174' title='bbox 1456 693 1592 729; x_wconf 80' lang='lat' dir='ltr'>majestate</span> <span class='ocrx_word' id='word_1_175' title='bbox 1606 703 1656 730; x_wconf 89' lang='lat' dir='ltr'>po·-</span> 
     </span>
     <span class='ocr_line' id='line_1_15' title="bbox 75 726 1340 765; baseline -0.004 -5"><span class='ocrx_word' id='word_1_176' title='bbox 75 732 197 760; x_wconf 78' lang='lat' dir='ltr'>stulatum</span> <span class='ocrx_word' id='word_1_177' title='bbox 213 731 326 759; x_wconf 87' lang='lat' dir='ltr'>nuntiat.</span> <span class='ocrx_word' id='word_1_178' title='bbox 351 729 429 756; x_wconf 83' lang='lat' dir='ltr'>Idem</span> <span class='ocrx_word' id='word_1_179' title='bbox 445 728 533 755; x_wconf 75' lang='lat' dir='ltr'>Caelrus</span> <span class='ocrx_word' id='word_1_180' title='bbox 546 728 577 755; x_wconf 88' lang='lat' dir='ltr'>ad</span> <span class='ocrx_word' id='word_1_181' title='bbox 593 728 754 755; x_wconf 88' lang='lat' dir='ltr'>Ciceronem</span> <span class='ocrx_word' id='word_1_182' title='bbox 764 746 770 757; x_wconf 89' lang='lat'><strong>‚</strong></span> <span class='ocrx_word' id='word_1_183' title='bbox 792 729 817 754; x_wconf 64' lang='grc' dir='ltr'>ὃς</span> <span class='ocrx_word' id='word_1_184' title='bbox 831 726 946 753; x_wconf 68' lang='lat' dir='ltr'>Valerius</span> <span class='ocrx_word' id='word_1_185' title='bbox 958 732 1094 754; x_wconf 72' lang='lat' dir='ltr'>Mammas</span> <span class='ocrx_word' id='word_1_186' title='bbox 1110 727 1154 755; x_wconf 90' lang='lat' dir='ltr'>lib.</span> <span class='ocrx_word' id='word_1_187' title='bbox 1165 738 1188 765; x_wconf 83' lang='lat'>3.</span> <span class='ocrx_word' id='word_1_188' title='bbox 1205 728 1340 755; x_wconf 79' lang='lat' dir='ltr'>testantur.</span> 
     </span>
    </p>

    <p class='ocr_par' dir='ltr' id='par_1_7' title="bbox 75 765 1656 846">
     <span class='ocr_line' id='line_1_16' title="bbox 116 765 1653 807; baseline -0.003 -10"><span class='ocrx_word' id='word_1_189' title='bbox 116 771 215 807; x_wconf 87' lang='lat' dir='ltr'>Neque</span> <span class='ocrx_word' id='word_1_190' title='bbox 234 778 299 796; x_wconf 87' lang='lat' dir='ltr'>vero</span> <span class='ocrx_word' id='word_1_191' title='bbox 318 767 388 805; x_wconf 88' lang='lat' dir='ltr'>leges</span> <span class='ocrx_word' id='word_1_192' title='bbox 403 767 562 803; x_wconf 86' lang='lat' dir='ltr'>potestatem</span> <span class='ocrx_word' id='word_1_193' title='bbox 576 773 680 793; x_wconf 89' lang='lat' dir='ltr'>temere</span> <span class='ocrx_word' id='word_1_194' title='bbox 699 765 880 792; x_wconf 73' lang='lat' dir='ltr'>concesserunt</span> <span class='ocrx_word' id='word_1_195' title='bbox 893 785 900 795; x_wconf 91' lang='lat'>‚</span> <span class='ocrx_word' id='word_1_196' title='bbox 920 773 950 792; x_wconf 89' lang='lat' dir='ltr'>ut</span> <span class='ocrx_word' id='word_1_197' title='bbox 963 766 1114 802; x_wconf 86' lang='lat' dir='ltr'>quicunqne</span> <span class='ocrx_word' id='word_1_198' title='bbox 1134 765 1266 801; x_wconf 77' lang='lat' dir='ltr'>postulare</span> <span class='ocrx_word' id='word_1_199' title='bbox 1279 786 1287 799; x_wconf 88' lang='lat'>‚</span> <span class='ocrx_word' id='word_1_200' title='bbox 1306 774 1351 793; x_wconf 87' lang='lat' dir='ltr'>aut</span> <span class='ocrx_word' id='word_1_201' title='bbox 1363 766 1513 803; x_wconf 75' lang='lat' dir='ltr'>quicunque</span> <span class='ocrx_word' id='word_1_202' title='bbox 1528 768 1653 804; x_wconf 75' lang='lat' dir='ltr'>postulari</span> 
     </span>
     <span class='ocr_line' id='line_1_17' title="bbox 75 801 1656 846; baseline -0.003 -10"><span class='ocrx_word' id='word_1_203' title='bbox 75 807 190 845; x_wconf 84' lang='lat' dir='ltr'>poffent.</span> <span class='ocrx_word' id='word_1_204' title='bbox 230 806 327 834; x_wconf 82' lang='lat' dir='ltr'>Scribit</span> <span class='ocrx_word' id='word_1_205' title='bbox 344 806 418 833; x_wconf 89' lang='lat' dir='ltr'>enim</span> <span class='ocrx_word' id='word_1_206' title='bbox 433 809 519 831; x_wconf 78' lang='lat' dir='ltr'>Macer</span> <span class='ocrx_word' id='word_1_207' title='bbox 532 803 559 831; x_wconf 87' lang='lat' dir='ltr'>ff.</span> <span class='ocrx_word' id='word_1_208' title='bbox 574 803 607 831; x_wconf 86' lang='lat' dir='ltr'>de</span> <span class='ocrx_word' id='word_1_209' title='bbox 619 802 837 831; x_wconf 65' lang='lat' dir='ltr'>accusstionibus:</span> <span class='ocrx_word' id='word_1_210' title='bbox 857 801 914 840; x_wconf 74' lang='lat' dir='ltr'>Qi</span> <span class='ocrx_word' id='word_1_211' title='bbox 926 803 1038 838; x_wconf 75' lang='lat' dir='ltr'>accusare</span> <span class='ocrx_word' id='word_1_212' title='bbox 1044 802 1160 840; x_wconf 79' lang='lat' dir='ltr'>possum,</span> <span class='ocrx_word' id='word_1_213' title='bbox 1179 804 1359 841; x_wconf 61' lang='lat' dir='ltr'>intelligemus</span> <span class='ocrx_word' id='word_1_214' title='bbox 1371 825 1377 836; x_wconf 88' lang='lat'><em>,</em></span> <span class='ocrx_word' id='word_1_215' title='bbox 1399 804 1417 831; x_wconf 76' lang='lat' dir='ltr'>si</span> <span class='ocrx_word' id='word_1_216' title='bbox 1433 804 1568 833; x_wconf 83' lang='lat' dir='ltr'>scierimus</span> <span class='ocrx_word' id='word_1_217' title='bbox 1582 828 1589 838; x_wconf 86' lang='lat'><em>,</em></span> <span class='ocrx_word' id='word_1_218' title='bbox 1608 805 1656 846; x_wconf 77' lang='lat' dir='ltr'>qus&#39;</span> 
     </span>
    </p>
   </div>
   <div class='ocr_carea' id='block_1_7' title="bbox 35 840 1655 882">
    <p class='ocr_par' dir='ltr' id='par_1_8' title="bbox 35 840 1655 882">
     <span class='ocr_line' id='line_1_18' title="bbox 35 840 1655 882; baseline 0 -10"><span class='ocrx_word' id='word_1_219' title='bbox 35 869 41 872; x_wconf 90' lang='lat'>.</span> <span class='ocrx_word' id='word_1_220' title='bbox 73 856 124 873; x_wconf 79' lang='lat' dir='ltr'>non</span> <span class='ocrx_word' id='word_1_221' title='bbox 143 845 258 882; x_wconf 87' lang='lat' dir='ltr'>possunt.</span> <span class='ocrx_word' id='word_1_222' title='bbox 299 845 392 880; x_wconf 82' lang='lat' dir='ltr'>Itaque</span> <span class='ocrx_word' id='word_1_223' title='bbox 404 842 580 880; x_wconf 85' lang='lat' dir='ltr'>prohibentur</span> <span class='ocrx_word' id='word_1_224' title='bbox 597 840 717 869; x_wconf 74' lang='lat' dir='ltr'>accusare</span> <span class='ocrx_word' id='word_1_225' title='bbox 738 840 779 868; x_wconf 90' lang='lat' dir='ltr'>alii</span> <span class='ocrx_word' id='word_1_226' title='bbox 793 848 892 874; x_wconf 78' lang='lat' dir='ltr'>propter</span> <span class='ocrx_word' id='word_1_227' title='bbox 903 841 999 875; x_wconf 77' lang='lat' dir='ltr'>fixum</span> <span class='ocrx_word' id='word_1_228' title='bbox 1014 861 1020 871; x_wconf 92' lang='lat'>,</span> <span class='ocrx_word' id='word_1_229' title='bbox 1040 842 1083 868; x_wconf 77' lang='lat' dir='ltr'>vel</span> <span class='ocrx_word' id='word_1_230' title='bbox 1098 850 1197 868; x_wconf 69' lang='lat' dir='ltr'>atatem</span> <span class='ocrx_word' id='word_1_231' title='bbox 1210 863 1217 874; x_wconf 92' lang='lat'>‚</span> <span class='ocrx_word' id='word_1_232' title='bbox 1238 851 1267 869; x_wconf 87' lang='lat' dir='ltr'>ut</span> <span class='ocrx_word' id='word_1_233' title='bbox 1281 841 1378 869; x_wconf 85' lang='lat' dir='ltr'>mulier</span> <span class='ocrx_word' id='word_1_234' title='bbox 1392 863 1399 874; x_wconf 85' lang='lat'><strong><em>,</em></strong></span> <span class='ocrx_word' id='word_1_235' title='bbox 1420 850 1449 870; x_wconf 86' lang='lat' dir='ltr'>ut</span> <span class='ocrx_word' id='word_1_236' title='bbox 1462 844 1591 880; x_wconf 89' lang='lat' dir='ltr'>pupillus:</span> <span class='ocrx_word' id='word_1_237' title='bbox 1612 845 1655 873; x_wconf 86' lang='lat' dir='ltr'>alii</span> 
     </span>
    </p>
   </div>
   <div class='ocr_carea' id='block_1_8' title="bbox 68 877 1665 2477">
    <p class='ocr_par' dir='ltr' id='par_1_9' title="bbox 73 877 1659 1704">
     <span class='ocr_line' id='line_1_19' title="bbox 74 877 1657 921; baseline -0.001 -10"><span class='ocrx_word' id='word_1_238' title='bbox 74 891 186 921; x_wconf 87' lang='lat' dir='ltr'>propter</span> <span class='ocrx_word' id='word_1_239' title='bbox 202 883 414 912; x_wconf 84' lang='lat' dir='ltr'>sacramentum,</span> <span class='ocrx_word' id='word_1_240' title='bbox 435 888 464 908; x_wconf 92' lang='lat' dir='ltr'>ut</span> <span class='ocrx_word' id='word_1_241' title='bbox 472 881 517 916; x_wconf 86' lang='lat' dir='ltr'>qui</span> <span class='ocrx_word' id='word_1_242' title='bbox 530 880 690 915; x_wconf 87' lang='lat' dir='ltr'>stipendium</span> <span class='ocrx_word' id='word_1_243' title='bbox 701 885 820 908; x_wconf 84' lang='lat' dir='ltr'>merent,</span> <span class='ocrx_word' id='word_1_244' title='bbox 841 877 883 905; x_wconf 87' lang='lat' dir='ltr'>alii</span> <span class='ocrx_word' id='word_1_245' title='bbox 896 886 1006 914; x_wconf 88' lang='lat' dir='ltr'>propter</span> <span class='ocrx_word' id='word_1_246' title='bbox 1020 881 1200 917; x_wconf 84' lang='lat' dir='ltr'>magistratum</span> <span class='ocrx_word' id='word_1_247' title='bbox 1210 901 1218 912; x_wconf 94' lang='lat'><em>‚</em></span> <span class='ocrx_word' id='word_1_248' title='bbox 1238 881 1446 918; x_wconf 85' lang='lat' dir='ltr'>potestatemve:</span> <span class='ocrx_word' id='word_1_249' title='bbox 1468 882 1496 908; x_wconf 90' lang='lat' dir='ltr'>in</span> <span class='ocrx_word' id='word_1_250' title='bbox 1513 891 1564 918; x_wconf 83' lang='lat' dir='ltr'>qua</span> <span class='ocrx_word' id='word_1_251' title='bbox 1577 892 1657 919; x_wconf 84' lang='lat' dir='ltr'>agen-</span> 
     </span>
     <span class='ocr_line' id='line_1_20' title="bbox 75 916 1657 955; baseline -0.004 -5"><span class='ocrx_word' id='word_1_252' title='bbox 75 929 116 950; x_wconf 83' lang='lat' dir='ltr'>tes</span> <span class='ocrx_word' id='word_1_253' title='bbox 130 922 183 948; x_wconf 86' lang='lat' dir='ltr'>fine</span> <span class='ocrx_word' id='word_1_254' title='bbox 196 921 288 948; x_wconf 86' lang='lat' dir='ltr'>fraude</span> <span class='ocrx_word' id='word_1_255' title='bbox 300 918 377 952; x_wconf 74' lang='lat' dir='ltr'>injus</span> <span class='ocrx_word' id='word_1_256' title='bbox 390 918 495 945; x_wconf 85' lang='lat' dir='ltr'>evocari</span> <span class='ocrx_word' id='word_1_257' title='bbox 507 927 562 945; x_wconf 90' lang='lat' dir='ltr'>non</span> <span class='ocrx_word' id='word_1_258' title='bbox 576 917 696 953; x_wconf 71' lang='lat' dir='ltr'>possunt,</span> <span class='ocrx_word' id='word_1_259' title='bbox 718 916 761 944; x_wconf 85' lang='lat' dir='ltr'>alii</span> <span class='ocrx_word' id='word_1_260' title='bbox 774 924 885 953; x_wconf 86' lang='lat' dir='ltr'>propter</span> <span class='ocrx_word' id='word_1_261' title='bbox 899 916 1026 945; x_wconf 68' lang='lat' dir='ltr'>delithum</span> <span class='ocrx_word' id='word_1_262' title='bbox 1040 919 1179 955; x_wconf 82' lang='lat' dir='ltr'>proprium</span> <span class='ocrx_word' id='word_1_263' title='bbox 1193 939 1200 950; x_wconf 92' lang='lat'>,</span> <span class='ocrx_word' id='word_1_264' title='bbox 1221 926 1251 945; x_wconf 87' lang='lat' dir='ltr'>ut</span> <span class='ocrx_word' id='word_1_265' title='bbox 1265 918 1379 945; x_wconf 81' lang='lat' dir='ltr'>infames</span> <span class='ocrx_word' id='word_1_266' title='bbox 1391 929 1396 944; x_wconf 82' lang='lat' dir='ltr'>z</span> <span class='ocrx_word' id='word_1_267' title='bbox 1418 918 1462 946; x_wconf 90' lang='lat' dir='ltr'>alii</span> <span class='ocrx_word' id='word_1_268' title='bbox 1476 928 1586 955; x_wconf 87' lang='lat' dir='ltr'>propter</span> <span class='ocrx_word' id='word_1_269' title='bbox 1600 930 1657 949; x_wconf 79' lang='lat' dir='ltr'>tur-</span> 
     </span>
     <span class='ocr_line' id='line_1_21' title="bbox 75 953 1655 996; baseline 0 -10"><span class='ocrx_word' id='word_1_270' title='bbox 75 967 140 996; x_wconf 77' lang='lat' dir='ltr'>pem</span> <span class='ocrx_word' id='word_1_271' title='bbox 153 959 280 994; x_wconf 87' lang='lat' dir='ltr'>quaestum</span> <span class='ocrx_word' id='word_1_272' title='bbox 289 977 295 987; x_wconf 88' lang='lat'>,</span> <span class='ocrx_word' id='word_1_273' title='bbox 317 963 346 983; x_wconf 89' lang='lat' dir='ltr'>ut</span> <span class='ocrx_word' id='word_1_274' title='bbox 360 957 406 993; x_wconf 85' lang='lat' dir='ltr'>qui</span> <span class='ocrx_word' id='word_1_275' title='bbox 418 956 472 983; x_wconf 85' lang='lat' dir='ltr'>duo</span> <span class='ocrx_word' id='word_1_276' title='bbox 485 955 586 990; x_wconf 78' lang='lat' dir='ltr'>judicia</span> <span class='ocrx_word' id='word_1_277' title='bbox 599 954 720 982; x_wconf 80' lang='lat' dir='ltr'>adversus</span> <span class='ocrx_word' id='word_1_278' title='bbox 734 956 800 982; x_wconf 82' lang='lat' dir='ltr'>duos</span> <span class='ocrx_word' id='word_1_279' title='bbox 814 964 873 981; x_wconf 87' lang='lat' dir='ltr'>reos</span> <span class='ocrx_word' id='word_1_280' title='bbox 886 953 1028 992; x_wconf 82' lang='lat' dir='ltr'>subscripta</span> <span class='ocrx_word' id='word_1_281' title='bbox 1041 956 1139 984; x_wconf 88' lang='lat' dir='ltr'>habent</span> <span class='ocrx_word' id='word_1_282' title='bbox 1151 977 1159 990; x_wconf 83' lang='lat'>‚</span> <span class='ocrx_word' id='word_1_283' title='bbox 1179 956 1361 993; x_wconf 82' lang='lat' dir='ltr'>nummosque</span> <span class='ocrx_word' id='word_1_284' title='bbox 1372 956 1407 984; x_wconf 89' lang='lat' dir='ltr'>ob</span> <span class='ocrx_word' id='word_1_285' title='bbox 1420 956 1597 985; x_wconf 75' lang='lat' dir='ltr'>accusandum</span> <span class='ocrx_word' id='word_1_286' title='bbox 1612 958 1655 986; x_wconf 91' lang='lat' dir='ltr'>vel</span> 
     </span>
     <span class='ocr_line' id='line_1_22' title="bbox 75 992 1656 1030; baseline 0.001 -7"><span class='ocrx_word' id='word_1_287' title='bbox 75 1006 131 1024; x_wconf 90' lang='lat' dir='ltr'>non</span> <span class='ocrx_word' id='word_1_288' title='bbox 144 995 318 1023; x_wconf 85' lang='lat' dir='ltr'>accusandum</span> <span class='ocrx_word' id='word_1_289' title='bbox 332 995 484 1030; x_wconf 84' lang='lat' dir='ltr'>acceperint</span> <span class='ocrx_word' id='word_1_290' title='bbox 498 1004 502 1019; x_wconf 84' lang='lat' dir='ltr'>z</span> <span class='ocrx_word' id='word_1_291' title='bbox 524 994 566 1021; x_wconf 76' lang='lat' dir='ltr'>alii</span> <span class='ocrx_word' id='word_1_292' title='bbox 580 1001 690 1030; x_wconf 81' lang='lat' dir='ltr'>propter</span> <span class='ocrx_word' id='word_1_293' title='bbox 703 993 888 1020; x_wconf 70' lang='lat' dir='ltr'>conditionem</span> <span class='ocrx_word' id='word_1_294' title='bbox 910 992 983 1020; x_wconf 78' lang='lat' dir='ltr'>suam</span> <span class='ocrx_word' id='word_1_295' title='bbox 1000 1014 1007 1025; x_wconf 93' lang='lat'>‚</span> <span class='ocrx_word' id='word_1_296' title='bbox 1028 1002 1057 1022; x_wconf 89' lang='lat' dir='ltr'>ut</span> <span class='ocrx_word' id='word_1_297' title='bbox 1070 994 1186 1022; x_wconf 85' lang='lat' dir='ltr'>libertini</span> <span class='ocrx_word' id='word_1_298' title='bbox 1207 1002 1300 1022; x_wconf 90' lang='lat' dir='ltr'>contra</span> <span class='ocrx_word' id='word_1_299' title='bbox 1319 1001 1446 1029; x_wconf 84' lang='lat' dir='ltr'>patronos</span> <span class='ocrx_word' id='word_1_300' title='bbox 1460 1006 1465 1022; x_wconf 80' lang='lat' dir='ltr'><em>z</em></span> <span class='ocrx_word' id='word_1_301' title='bbox 1486 994 1545 1023; x_wconf 18' lang='lat' dir='ltr'>hxcr</span> <span class='ocrx_word' id='word_1_302' title='bbox 1560 1000 1656 1025; x_wconf 73' lang='lat' dir='ltr'>Macer.</span> 
     </span>
     <span class='ocr_line' id='line_1_23' title="bbox 76 1030 1655 1073; baseline 0.001 -12"><span class='ocrx_word' id='word_1_303' title='bbox 76 1034 159 1073; x_wconf 86' lang='lat' dir='ltr'>Qod</span> <span class='ocrx_word' id='word_1_304' title='bbox 173 1041 263 1061; x_wconf 87' lang='lat' dir='ltr'>autem</span> <span class='ocrx_word' id='word_1_305' title='bbox 277 1032 404 1068; x_wconf 80' lang='lat' dir='ltr'>scriptum</span> <span class='ocrx_word' id='word_1_306' title='bbox 419 1032 455 1059; x_wconf 85' lang='lat' dir='ltr'>est</span> <span class='ocrx_word' id='word_1_307' title='bbox 464 1032 495 1059; x_wconf 81' lang='lat' dir='ltr'>de</span> <span class='ocrx_word' id='word_1_308' title='bbox 509 1030 611 1058; x_wconf 75' lang='lat' dir='ltr'>muliere</span> <span class='ocrx_word' id='word_1_309' title='bbox 624 1031 665 1063; x_wconf 52' lang='grc' dir='ltr'>ζεῖ·</span> <span class='ocrx_word' id='word_1_310' title='bbox 674 1030 784 1065; x_wconf 64' lang='lat' dir='ltr'>pupillis,</span> <span class='ocrx_word' id='word_1_311' title='bbox 798 1031 869 1058; x_wconf 87' lang='lat' dir='ltr'>idem</span> <span class='ocrx_word' id='word_1_312' title='bbox 880 1040 912 1058; x_wconf 90' lang='lat' dir='ltr'>eo</span> <span class='ocrx_word' id='word_1_313' title='bbox 921 1030 981 1058; x_wconf 86' lang='lat' dir='ltr'>loco</span> <span class='ocrx_word' id='word_1_314' title='bbox 994 1032 1101 1059; x_wconf 81' lang='lat' dir='ltr'>tradunt</span> <span class='ocrx_word' id='word_1_315' title='bbox 1116 1031 1264 1066; x_wconf 67' lang='lat' dir='ltr'>Pomponius</span> <span class='ocrx_word' id='word_1_316' title='bbox 1278 1034 1304 1060; x_wconf 83' lang='lat'>&amp;</span> <span class='ocrx_word' id='word_1_317' title='bbox 1316 1032 1472 1067; x_wconf 61' lang='lat' dir='ltr'>Papinianus</span> <span class='ocrx_word' id='word_1_318' title='bbox 1484 1054 1490 1061; x_wconf 77' lang='grc'><strong>.</strong></span> <span class='ocrx_word' id='word_1_319' title='bbox 1510 1033 1554 1061; x_wconf 89' lang='lat' dir='ltr'>sed</span> <span class='ocrx_word' id='word_1_320' title='bbox 1562 1042 1655 1062; x_wconf 87' lang='lat' dir='ltr'>tamen</span> 
     </span>
     <span class='ocr_line' id='line_1_24' title="bbox 76 1069 1655 1108; baseline 0 -8"><span class='ocrx_word' id='word_1_321' title='bbox 76 1082 139 1100; x_wconf 87' lang='lat' dir='ltr'>cum</span> <span class='ocrx_word' id='word_1_322' title='bbox 154 1072 325 1108; x_wconf 84' lang='lat' dir='ltr'>exceptione,</span> <span class='ocrx_word' id='word_1_323' title='bbox 346 1079 403 1107; x_wconf 82' lang='lat' dir='ltr'>quae</span> <span class='ocrx_word' id='word_1_324' title='bbox 415 1070 452 1097; x_wconf 92' lang='lat' dir='ltr'>ibi</span> <span class='ocrx_word' id='word_1_325' title='bbox 466 1071 593 1097; x_wconf 26' lang='lat' dir='ltr'>videatur*</span> <span class='ocrx_word' id='word_1_326' title='bbox 615 1071 681 1103; x_wconf 85' lang='lat' dir='ltr'>Quae</span> <span class='ocrx_word' id='word_1_327' title='bbox 695 1079 760 1096; x_wconf 88' lang='lat' dir='ltr'>vero</span> <span class='ocrx_word' id='word_1_328' title='bbox 776 1069 809 1096; x_wconf 85' lang='lat' dir='ltr'>de</span> <span class='ocrx_word' id='word_1_329' title='bbox 822 1070 866 1099; x_wconf 89' lang='lat' dir='ltr'>iis,</span> <span class='ocrx_word' id='word_1_330' title='bbox 887 1070 932 1106; x_wconf 91' lang='lat' dir='ltr'>qui</span> <span class='ocrx_word' id='word_1_331' title='bbox 944 1069 1065 1097; x_wconf 69' lang='lat' dir='ltr'>accusare</span> <span class='ocrx_word' id='word_1_332' title='bbox 1080 1080 1135 1098; x_wconf 88' lang='lat' dir='ltr'>non</span> <span class='ocrx_word' id='word_1_333' title='bbox 1150 1078 1311 1107; x_wconf 85' lang='lat' dir='ltr'>potuerunt,</span> <span class='ocrx_word' id='word_1_334' title='bbox 1331 1069 1345 1096; x_wconf 64' lang='grc' dir='ltr'>ἐι</span> <span class='ocrx_word' id='word_1_335' title='bbox 1357 1070 1547 1106; x_wconf 79' lang='lat' dir='ltr'>jurisconsultis</span> <span class='ocrx_word' id='word_1_336' title='bbox 1559 1071 1655 1108; x_wconf 62' lang='lat' dir='ltr'>scrjpta</span> 
     </span>
     <span class='ocr_line' id='line_1_25' title="bbox 73 1106 1655 1146; baseline 0.001 -8"><span class='ocrx_word' id='word_1_337' title='bbox 73 1109 149 1142; x_wconf 88' lang='lat' dir='ltr'>sunt,</span> <span class='ocrx_word' id='word_1_338' title='bbox 169 1119 199 1137; x_wconf 87' lang='lat' dir='ltr'>ea</span> <span class='ocrx_word' id='word_1_339' title='bbox 212 1119 244 1138; x_wconf 89' lang='lat' dir='ltr'>ex</span> <span class='ocrx_word' id='word_1_340' title='bbox 257 1108 358 1146; x_wconf 89' lang='lat' dir='ltr'>legibus</span> <span class='ocrx_word' id='word_1_341' title='bbox 372 1107 478 1145; x_wconf 83' lang='lat' dir='ltr'>singulis</span> <span class='ocrx_word' id='word_1_342' title='bbox 492 1108 526 1135; x_wconf 87' lang='lat' dir='ltr'>de</span> <span class='ocrx_word' id='word_1_343' title='bbox 538 1116 644 1144; x_wconf 64' lang='lat' dir='ltr'>quoque</span> <span class='ocrx_word' id='word_1_344' title='bbox 664 1107 777 1135; x_wconf 85' lang='lat' dir='ltr'>crimine</span> <span class='ocrx_word' id='word_1_345' title='bbox 791 1106 896 1143; x_wconf 87' lang='lat' dir='ltr'>sumpta</span> <span class='ocrx_word' id='word_1_346' title='bbox 912 1107 979 1135; x_wconf 88' lang='lat' dir='ltr'>sunt.</span> <span class='ocrx_word' id='word_1_347' title='bbox 1001 1109 1096 1145; x_wconf 73' lang='lat' dir='ltr'>Neque</span> <span class='ocrx_word' id='word_1_348' title='bbox 1111 1118 1176 1136; x_wconf 89' lang='lat' dir='ltr'>vero</span> <span class='ocrx_word' id='word_1_349' title='bbox 1190 1108 1275 1135; x_wconf 70' lang='lat' dir='ltr'>iblum</span> <span class='ocrx_word' id='word_1_350' title='bbox 1290 1107 1361 1144; x_wconf 85' lang='lat' dir='ltr'>leges</span> <span class='ocrx_word' id='word_1_351' title='bbox 1374 1108 1549 1145; x_wconf 61' lang='lat' dir='ltr'>praescriplille</span> <span class='ocrx_word' id='word_1_352' title='bbox 1564 1111 1655 1139; x_wconf 87' lang='lat' dir='ltr'>viden-</span> 
     </span>
     <span class='ocr_line' id='line_1_26' title="bbox 75 1145 1655 1185; baseline -0.001 -9"><span class='ocrx_word' id='word_1_353' title='bbox 75 1155 134 1179; x_wconf 84' lang='lat' dir='ltr'>tur,</span> <span class='ocrx_word' id='word_1_354' title='bbox 154 1148 201 1185; x_wconf 85' lang='lat' dir='ltr'>qui</span> <span class='ocrx_word' id='word_1_355' title='bbox 214 1148 342 1184; x_wconf 88' lang='lat' dir='ltr'>postulare</span> <span class='ocrx_word' id='word_1_356' title='bbox 355 1155 410 1173; x_wconf 89' lang='lat' dir='ltr'>non</span> <span class='ocrx_word' id='word_1_357' title='bbox 425 1145 529 1184; x_wconf 83' lang='lat' dir='ltr'>possent</span> <span class='ocrx_word' id='word_1_358' title='bbox 542 1166 550 1177; x_wconf 91' lang='lat'><em>,</em></span> <span class='ocrx_word' id='word_1_359' title='bbox 571 1145 614 1173; x_wconf 86' lang='lat' dir='ltr'>sed</span> <span class='ocrx_word' id='word_1_360' title='bbox 629 1145 710 1172; x_wconf 69' lang='lat' dir='ltr'>etiam</span> <span class='ocrx_word' id='word_1_361' title='bbox 727 1145 772 1181; x_wconf 77' lang='lat' dir='ltr'>ipsi</span> <span class='ocrx_word' id='word_1_362' title='bbox 782 1153 898 1179; x_wconf 70' lang='lat' dir='ltr'>praten-es</span> <span class='ocrx_word' id='word_1_363' title='bbox 911 1154 962 1182; x_wconf 88' lang='lat' dir='ltr'>pro</span> <span class='ocrx_word' id='word_1_364' title='bbox 980 1147 1109 1183; x_wconf 80' lang='lat' dir='ltr'>potestate</span> <span class='ocrx_word' id='word_1_365' title='bbox 1124 1146 1222 1174; x_wconf 87' lang='lat' dir='ltr'>multos</span> <span class='ocrx_word' id='word_1_366' title='bbox 1241 1145 1254 1173; x_wconf 76' lang='grc' dir='ltr'>ὲ</span> <span class='ocrx_word' id='word_1_367' title='bbox 1265 1145 1427 1179; x_wconf 57' lang='lat' dir='ltr'>postulatione</span> <span class='ocrx_word' id='word_1_368' title='bbox 1441 1147 1564 1174; x_wconf 72' lang='lat' dir='ltr'>videntur</span> <span class='ocrx_word' id='word_1_369' title='bbox 1577 1157 1655 1185; x_wconf 85' lang='lat' dir='ltr'>repu-</span> 
     </span>
     <span class='ocr_line' id='line_1_27' title="bbox 73 1183 1656 1224; baseline -0.001 -12"><span class='ocrx_word' id='word_1_370' title='bbox 73 1184 129 1213; x_wconf 81' lang='lat' dir='ltr'>liffe</span> <span class='ocrx_word' id='word_1_371' title='bbox 144 1206 151 1217; x_wconf 82' lang='lat'><strong>,</strong></span> <span class='ocrx_word' id='word_1_372' title='bbox 170 1192 201 1214; x_wconf 91' lang='lat' dir='ltr'>ut</span> <span class='ocrx_word' id='word_1_373' title='bbox 213 1184 351 1224; x_wconf 73' lang='lat' dir='ltr'>quastores,</span> <span class='ocrx_word' id='word_1_374' title='bbox 371 1193 405 1211; x_wconf 89' lang='lat' dir='ltr'>ne</span> <span class='ocrx_word' id='word_1_375' title='bbox 418 1192 564 1221; x_wconf 73' lang='lat' dir='ltr'>praetorum</span> <span class='ocrx_word' id='word_1_376' title='bbox 584 1183 691 1210; x_wconf 88' lang='lat' dir='ltr'>suorum</span> <span class='ocrx_word' id='word_1_377' title='bbox 706 1183 818 1210; x_wconf 86' lang='lat' dir='ltr'>nomina</span> <span class='ocrx_word' id='word_1_378' title='bbox 829 1183 964 1210; x_wconf 69' lang='lat' dir='ltr'>deferrent</span> <span class='ocrx_word' id='word_1_379' title='bbox 978 1205 984 1215; x_wconf 83' lang='lat'>,</span> <span class='ocrx_word' id='word_1_380' title='bbox 1005 1192 1113 1220; x_wconf 85' lang='lat' dir='ltr'>propter</span> <span class='ocrx_word' id='word_1_381' title='bbox 1126 1184 1346 1212; x_wconf 70' lang='lat' dir='ltr'>necessitudinem</span> <span class='ocrx_word' id='word_1_382' title='bbox 1362 1205 1367 1213; x_wconf 89' lang='lat'><strong>‚</strong></span> <span class='ocrx_word' id='word_1_383' title='bbox 1389 1193 1445 1221; x_wconf 78' lang='lat' dir='ltr'>quae</span> <span class='ocrx_word' id='word_1_384' title='bbox 1458 1185 1527 1212; x_wconf 84' lang='lat' dir='ltr'>intra</span> <span class='ocrx_word' id='word_1_385' title='bbox 1540 1184 1598 1213; x_wconf 87' lang='lat' dir='ltr'>illos</span> <span class='ocrx_word' id='word_1_386' title='bbox 1615 1188 1656 1216; x_wconf 78' lang='lat' dir='ltr'>in.</span> 
     </span>
     <span class='ocr_line' id='line_1_28' title="bbox 74 1220 1655 1258; baseline 0 -7"><span class='ocrx_word' id='word_1_387' title='bbox 74 1222 242 1256; x_wconf 84' lang='lat' dir='ltr'>tercedebat‚</span> <span class='ocrx_word' id='word_1_388' title='bbox 263 1223 328 1252; x_wconf 85' lang='lat' dir='ltr'>teste</span> <span class='ocrx_word' id='word_1_389' title='bbox 340 1220 456 1249; x_wconf 81' lang='lat' dir='ltr'>Cicerone</span> <span class='ocrx_word' id='word_1_390' title='bbox 469 1223 496 1248; x_wconf 86' lang='lat' dir='ltr'>in</span> <span class='ocrx_word' id='word_1_391' title='bbox 510 1222 692 1249; x_wconf 84' lang='lat' dir='ltr'>Divinatione.</span> <span class='ocrx_word' id='word_1_392' title='bbox 734 1222 834 1248; x_wconf 77' lang='lat' dir='ltr'>Eadem</span> <span class='ocrx_word' id='word_1_393' title='bbox 849 1222 952 1249; x_wconf 79' lang='lat' dir='ltr'>ratione</span> <span class='ocrx_word' id='word_1_394' title='bbox 971 1231 1026 1249; x_wconf 80' lang='lat' dir='ltr'>non</span> <span class='ocrx_word' id='word_1_395' title='bbox 1040 1232 1137 1250; x_wconf 82' lang='lat' dir='ltr'>omnes</span> <span class='ocrx_word' id='word_1_396' title='bbox 1156 1222 1278 1258; x_wconf 82' lang='lat' dir='ltr'>postulari</span> <span class='ocrx_word' id='word_1_397' title='bbox 1296 1229 1420 1257; x_wconf 76' lang='lat' dir='ltr'>poterant</span> <span class='ocrx_word' id='word_1_398' title='bbox 1432 1242 1439 1251; x_wconf 91' lang='lat'>‚</span> <span class='ocrx_word' id='word_1_399' title='bbox 1465 1224 1584 1258; x_wconf 90' lang='lat' dir='ltr'>primum</span> <span class='ocrx_word' id='word_1_400' title='bbox 1605 1235 1655 1251; x_wconf 73' lang='lat' dir='ltr'>mn</span> 
     </span>
     <span class='ocr_line' id='line_1_29' title="bbox 74 1258 1654 1298; baseline 0 -10"><span class='ocrx_word' id='word_1_401' title='bbox 74 1261 237 1298; x_wconf 52' lang='lat' dir='ltr'>magistratus</span> <span class='ocrx_word' id='word_1_402' title='bbox 248 1282 256 1294; x_wconf 90' lang='lat'>‚</span> <span class='ocrx_word' id='word_1_403' title='bbox 278 1260 374 1288; x_wconf 86' lang='lat' dir='ltr'>deinde</span> <span class='ocrx_word' id='word_1_404' title='bbox 392 1270 447 1287; x_wconf 86' lang='lat' dir='ltr'>non</span> <span class='ocrx_word' id='word_1_405' title='bbox 460 1260 478 1286; x_wconf 90' lang='lat' dir='ltr'>ii</span> <span class='ocrx_word' id='word_1_406' title='bbox 492 1280 498 1290; x_wconf 89' lang='lat'>‚</span> <span class='ocrx_word' id='word_1_407' title='bbox 519 1260 564 1295; x_wconf 87' lang='lat' dir='ltr'>qui</span> <span class='ocrx_word' id='word_1_408' title='bbox 576 1259 726 1295; x_wconf 66' lang='lat' dir='ltr'>reipublicae</span> <span class='ocrx_word' id='word_1_409' title='bbox 739 1259 813 1286; x_wconf 85' lang='lat' dir='ltr'>causa</span> <span class='ocrx_word' id='word_1_410' title='bbox 828 1258 929 1287; x_wconf 84' lang='lat' dir='ltr'>absunt.</span> <span class='ocrx_word' id='word_1_411' title='bbox 966 1264 1006 1286; x_wconf 80' lang='lat' dir='ltr'>De</span> <span class='ocrx_word' id='word_1_412' title='bbox 1019 1259 1205 1297; x_wconf 75' lang='lat' dir='ltr'>magistratrbus</span> <span class='ocrx_word' id='word_1_413' title='bbox 1219 1268 1315 1287; x_wconf 86' lang='lat' dir='ltr'>notum</span> <span class='ocrx_word' id='word_1_414' title='bbox 1330 1260 1366 1286; x_wconf 83' lang='lat' dir='ltr'>est</span> <span class='ocrx_word' id='word_1_415' title='bbox 1379 1260 1442 1287; x_wconf 85' lang='lat' dir='ltr'>illud</span> <span class='ocrx_word' id='word_1_416' title='bbox 1461 1260 1504 1288; x_wconf 91' lang='lat' dir='ltr'>lib.</span> <span class='ocrx_word' id='word_1_417' title='bbox 1519 1271 1563 1295; x_wconf 66' lang='lat'>45·</span> <span class='ocrx_word' id='word_1_418' title='bbox 1584 1264 1654 1298; x_wconf 80' lang='lat' dir='ltr'>apud</span> 
     </span>
     <span class='ocr_line' id='line_1_30' title="bbox 75 1296 1655 1335; baseline -0.001 -9"><span class='ocrx_word' id='word_1_419' title='bbox 75 1298 196 1328; x_wconf 71' lang='lat' dir='ltr'>Livium,</span> <span class='ocrx_word' id='word_1_420' title='bbox 215 1299 261 1326; x_wconf 87' lang='lat' dir='ltr'>ubi</span> <span class='ocrx_word' id='word_1_421' title='bbox 274 1297 398 1325; x_wconf 84' lang='lat' dir='ltr'>Servilius</span> <span class='ocrx_word' id='word_1_422' title='bbox 412 1296 583 1335; x_wconf 82' lang='lat' dir='ltr'>reprehendit</span> <span class='ocrx_word' id='word_1_423' title='bbox 595 1297 725 1330; x_wconf 76' lang='lat' dir='ltr'>Galbam,</span> <span class='ocrx_word' id='word_1_424' title='bbox 747 1297 818 1333; x_wconf 89' lang='lat' dir='ltr'>quod</span> <span class='ocrx_word' id='word_1_425' title='bbox 832 1296 849 1323; x_wconf 79' lang='lat' dir='ltr'><strong>fi</strong></span> <span class='ocrx_word' id='word_1_426' title='bbox 864 1306 962 1324; x_wconf 85' lang='lat' dir='ltr'>nocere</span> <span class='ocrx_word' id='word_1_427' title='bbox 975 1298 1055 1325; x_wconf 86' lang='lat' dir='ltr'>Paulo</span> <span class='ocrx_word' id='word_1_428' title='bbox 1070 1298 1165 1330; x_wconf 81' lang='lat' dir='ltr'>voluit,</span> <span class='ocrx_word' id='word_1_429' title='bbox 1186 1308 1240 1325; x_wconf 88' lang='lat' dir='ltr'>non</span> <span class='ocrx_word' id='word_1_430' title='bbox 1250 1297 1389 1333; x_wconf 75' lang='lat' dir='ltr'>postridie,</span> <span class='ocrx_word' id='word_1_431' title='bbox 1412 1307 1491 1335; x_wconf 85' lang='lat' dir='ltr'>quam</span> <span class='ocrx_word' id='word_1_432' title='bbox 1505 1299 1655 1335; x_wconf 75' lang='lat' dir='ltr'>triumpha-</span> 
     </span>
     <span class='ocr_line' id='line_1_31' title="bbox 77 1334 1651 1373; baseline 0.001 -10"><span class='ocrx_word' id='word_1_433' title='bbox 77 1337 132 1368; x_wconf 91' lang='lat' dir='ltr'>vit,</span> <span class='ocrx_word' id='word_1_434' title='bbox 151 1345 213 1363; x_wconf 91' lang='lat' dir='ltr'>cum</span> <span class='ocrx_word' id='word_1_435' title='bbox 228 1337 347 1372; x_wconf 89' lang='lat' dir='ltr'>primum</span> <span class='ocrx_word' id='word_1_436' title='bbox 364 1345 426 1363; x_wconf 90' lang='lat' dir='ltr'>eum</span> <span class='ocrx_word' id='word_1_437' title='bbox 442 1335 576 1371; x_wconf 81' lang='lat' dir='ltr'>privatum</span> <span class='ocrx_word' id='word_1_438' title='bbox 592 1334 690 1362; x_wconf 76' lang='lat' dir='ltr'>vifiims</span> <span class='ocrx_word' id='word_1_439' title='bbox 703 1335 778 1365; x_wconf 74' lang='lat' dir='ltr'>esset,</span> <span class='ocrx_word' id='word_1_440' title='bbox 798 1334 900 1371; x_wconf 82' lang='lat' dir='ltr'>legibus</span> <span class='ocrx_word' id='word_1_441' title='bbox 913 1336 1093 1373; x_wconf 86' lang='lat' dir='ltr'>interrogarit.</span> <span class='ocrx_word' id='word_1_442' title='bbox 1132 1337 1175 1362; x_wconf 88' lang='lat' dir='ltr'>De</span> <span class='ocrx_word' id='word_1_443' title='bbox 1190 1337 1219 1363; x_wconf 87' lang='lat' dir='ltr'>iis</span> <span class='ocrx_word' id='word_1_444' title='bbox 1234 1336 1279 1372; x_wconf 81' lang='lat' dir='ltr'>qni</span> <span class='ocrx_word' id='word_1_445' title='bbox 1293 1335 1440 1371; x_wconf 65' lang='lat' dir='ltr'>reipublicae</span> <span class='ocrx_word' id='word_1_446' title='bbox 1453 1336 1527 1363; x_wconf 73' lang='lat' dir='ltr'>causa</span> <span class='ocrx_word' id='word_1_447' title='bbox 1543 1337 1651 1368; x_wconf 80' lang='lat' dir='ltr'>absunt,</span> 
     </span>
     <span class='ocr_line' id='line_1_32' title="bbox 75 1371 1654 1410; baseline 0.003 -10"><span class='ocrx_word' id='word_1_448' title='bbox 75 1373 119 1400; x_wconf 79' lang='lat' dir='ltr'>lex</span> <span class='ocrx_word' id='word_1_449' title='bbox 131 1378 255 1401; x_wconf 74' lang='lat' dir='ltr'>Memmia</span> <span class='ocrx_word' id='word_1_450' title='bbox 268 1374 365 1405; x_wconf 81' lang='lat' dir='ltr'>sanxit,</span> <span class='ocrx_word' id='word_1_451' title='bbox 386 1374 460 1409; x_wconf 82' lang='lat' dir='ltr'>cujus</span> <span class='ocrx_word' id='word_1_452' title='bbox 475 1374 579 1400; x_wconf 88' lang='lat' dir='ltr'>mentio</span> <span class='ocrx_word' id='word_1_453' title='bbox 594 1372 624 1400; x_wconf 88' lang='lat' dir='ltr'>fit</span> <span class='ocrx_word' id='word_1_454' title='bbox 637 1374 705 1410; x_wconf 88' lang='lat' dir='ltr'>apud</span> <span class='ocrx_word' id='word_1_455' title='bbox 720 1371 846 1400; x_wconf 72' lang='lat' dir='ltr'>Valerium</span> <span class='ocrx_word' id='word_1_456' title='bbox 860 1372 904 1400; x_wconf 91' lang='lat' dir='ltr'>lib.</span> <span class='ocrx_word' id='word_1_457' title='bbox 914 1383 938 1410; x_wconf 80' lang='lat'>3.</span> <span class='ocrx_word' id='word_1_458' title='bbox 961 1375 1026 1401; x_wconf 79' lang='lat' dir='ltr'>Satis</span> <span class='ocrx_word' id='word_1_459' title='bbox 1040 1375 1121 1401; x_wconf 86' lang='lat' dir='ltr'>etiam</span> <span class='ocrx_word' id='word_1_460' title='bbox 1138 1374 1253 1405; x_wconf 86' lang='lat' dir='ltr'>constat,</span> <span class='ocrx_word' id='word_1_461' title='bbox 1273 1374 1341 1409; x_wconf 86' lang='lat' dir='ltr'>apud</span> <span class='ocrx_word' id='word_1_462' title='bbox 1359 1376 1497 1401; x_wconf 77' lang='lat' dir='ltr'>Romanos</span> <span class='ocrx_word' id='word_1_463' title='bbox 1510 1375 1654 1404; x_wconf 79' lang='lat' dir='ltr'>accusatio-</span> 
     </span>
     <span class='ocr_line' id='line_1_33' title="bbox 75 1410 1655 1449; baseline 0.001 -10"><span class='ocrx_word' id='word_1_464' title='bbox 75 1412 116 1439; x_wconf 83' lang='lat' dir='ltr'>nis</span> <span class='ocrx_word' id='word_1_465' title='bbox 130 1421 228 1439; x_wconf 88' lang='lat' dir='ltr'>munus</span> <span class='ocrx_word' id='word_1_466' title='bbox 241 1412 343 1448; x_wconf 87' lang='lat' dir='ltr'>probro</span> <span class='ocrx_word' id='word_1_467' title='bbox 353 1411 440 1443; x_wconf 78' lang='lat' dir='ltr'>fuisse,</span> <span class='ocrx_word' id='word_1_468' title='bbox 460 1412 565 1439; x_wconf 86' lang='lat' dir='ltr'>laudem</span> <span class='ocrx_word' id='word_1_469' title='bbox 579 1418 670 1438; x_wconf 82' lang='lat' dir='ltr'>tamen</span> <span class='ocrx_word' id='word_1_470' title='bbox 683 1410 795 1439; x_wconf 74' lang='lat' dir='ltr'>attulisse</span> <span class='ocrx_word' id='word_1_471' title='bbox 807 1412 852 1442; x_wconf 79' lang='lat' dir='ltr'>iis,</span> <span class='ocrx_word' id='word_1_472' title='bbox 872 1412 932 1448; x_wconf 87' lang='lat' dir='ltr'>qui,</span> <span class='ocrx_word' id='word_1_473' title='bbox 953 1419 982 1439; x_wconf 89' lang='lat' dir='ltr'>ut</span> <span class='ocrx_word' id='word_1_474' title='bbox 995 1412 1082 1448; x_wconf 88' lang='lat' dir='ltr'>inquit</span> <span class='ocrx_word' id='word_1_475' title='bbox 1094 1411 1177 1438; x_wconf 77' lang='lat' dir='ltr'>Cicero</span> <span class='ocrx_word' id='word_1_476' title='bbox 1191 1412 1217 1439; x_wconf 88' lang='lat' dir='ltr'>in</span> <span class='ocrx_word' id='word_1_477' title='bbox 1234 1412 1300 1438; x_wconf 88' lang='lat' dir='ltr'>2.de</span> <span class='ocrx_word' id='word_1_478' title='bbox 1309 1411 1425 1442; x_wconf 84' lang='lat' dir='ltr'>Officiis,</span> <span class='ocrx_word' id='word_1_479' title='bbox 1446 1420 1490 1440; x_wconf 76' lang='lat' dir='ltr'>aut</span> <span class='ocrx_word' id='word_1_480' title='bbox 1503 1413 1655 1449; x_wconf 73' lang='lat' dir='ltr'>reipublicae</span> 
     </span>
     <span class='ocr_line' id='line_1_34' title="bbox 76 1449 1655 1486; baseline 0.002 -9"><span class='ocrx_word' id='word_1_481' title='bbox 76 1449 150 1477; x_wconf 87' lang='lat' dir='ltr'>causa</span> <span class='ocrx_word' id='word_1_482' title='bbox 162 1471 170 1481; x_wconf 92' lang='lat'>,</span> <span class='ocrx_word' id='word_1_483' title='bbox 192 1456 236 1477; x_wconf 89' lang='lat' dir='ltr'>aut</span> <span class='ocrx_word' id='word_1_484' title='bbox 249 1450 390 1486; x_wconf 83' lang='lat' dir='ltr'>patrocinii</span> <span class='ocrx_word' id='word_1_485' title='bbox 404 1450 488 1486; x_wconf 83' lang='lat' dir='ltr'>gratia</span> <span class='ocrx_word' id='word_1_486' title='bbox 504 1470 507 1477; x_wconf 84' lang='grc'><strong>,</strong></span> <span class='ocrx_word' id='word_1_487' title='bbox 531 1457 575 1477; x_wconf 87' lang='lat' dir='ltr'>aut</span> <span class='ocrx_word' id='word_1_488' title='bbox 588 1456 759 1485; x_wconf 80' lang='lat' dir='ltr'>paternarum</span> <span class='ocrx_word' id='word_1_489' title='bbox 771 1457 815 1476; x_wconf 86' lang='lat' dir='ltr'>aut</span> <span class='ocrx_word' id='word_1_490' title='bbox 828 1450 996 1486; x_wconf 85' lang='lat' dir='ltr'>propriarum</span> <span class='ocrx_word' id='word_1_491' title='bbox 1016 1450 1217 1478; x_wconf 81' lang='lat' dir='ltr'>inimicitiarum</span> <span class='ocrx_word' id='word_1_492' title='bbox 1232 1449 1306 1477; x_wconf 81' lang='lat' dir='ltr'>causa</span> <span class='ocrx_word' id='word_1_493' title='bbox 1321 1450 1353 1476; x_wconf 86' lang='lat' dir='ltr'>ad</span> <span class='ocrx_word' id='word_1_494' title='bbox 1367 1449 1563 1478; x_wconf 85' lang='lat' dir='ltr'>accusationem</span> <span class='ocrx_word' id='word_1_495' title='bbox 1580 1461 1655 1480; x_wconf 80' lang='lat' dir='ltr'>acce-</span> 
     </span>
     <span class='ocr_line' id='line_1_35' title="bbox 77 1486 1659 1525; baseline 0.001 -10"><span class='ocrx_word' id='word_1_496' title='bbox 77 1488 186 1519; x_wconf 81' lang='lat' dir='ltr'>derent,</span> <span class='ocrx_word' id='word_1_497' title='bbox 207 1497 320 1525; x_wconf 87' lang='lat' dir='ltr'>eamque</span> <span class='ocrx_word' id='word_1_498' title='bbox 339 1497 396 1515; x_wconf 82' lang='lat' dir='ltr'>rem</span> <span class='ocrx_word' id='word_1_499' title='bbox 417 1486 525 1514; x_wconf 85' lang='lat' dir='ltr'>summo</span> <span class='ocrx_word' id='word_1_500' title='bbox 547 1486 646 1514; x_wconf 87' lang='lat' dir='ltr'>honori</span> <span class='ocrx_word' id='word_1_501' title='bbox 662 1486 870 1514; x_wconf 82' lang='lat' dir='ltr'>adolescentibus</span> <span class='ocrx_word' id='word_1_502' title='bbox 892 1486 980 1517; x_wconf 73' lang='lat' dir='ltr'>fuisse,</span> <span class='ocrx_word' id='word_1_503' title='bbox 1002 1489 1074 1524; x_wconf 88' lang='lat' dir='ltr'>quod</span> <span class='ocrx_word' id='word_1_504' title='bbox 1094 1489 1175 1515; x_wconf 86' lang='lat' dir='ltr'>etiam</span> <span class='ocrx_word' id='word_1_505' title='bbox 1196 1490 1224 1515; x_wconf 81' lang='lat' dir='ltr'>in</span> <span class='ocrx_word' id='word_1_506' title='bbox 1243 1486 1353 1514; x_wconf 88' lang='lat' dir='ltr'>Lucullo</span> <span class='ocrx_word' id='word_1_507' title='bbox 1371 1487 1471 1522; x_wconf 88' lang='lat' dir='ltr'>scripfit</span> <span class='ocrx_word' id='word_1_508' title='bbox 1492 1488 1659 1518; x_wconf 61' lang='lat' dir='ltr'>plum-clam,</span> 
     </span>
     <span class='ocr_line' id='line_1_36' title="bbox 74 1524 1653 1564; baseline 0.001 -12"><span class='ocrx_word' id='word_1_509' title='bbox 74 1527 138 1564; x_wconf 85' lang='lat' dir='ltr'>Jam</span> <span class='ocrx_word' id='word_1_510' title='bbox 160 1534 224 1553; x_wconf 89' lang='lat' dir='ltr'>vero</span> <span class='ocrx_word' id='word_1_511' title='bbox 242 1526 270 1553; x_wconf 92' lang='lat' dir='ltr'>in</span> <span class='ocrx_word' id='word_1_512' title='bbox 289 1524 364 1553; x_wconf 85' lang='lat' dir='ltr'>causa</span> <span class='ocrx_word' id='word_1_513' title='bbox 384 1525 592 1561; x_wconf 85' lang='lat' dir='ltr'>repetundarum</span> <span class='ocrx_word' id='word_1_514' title='bbox 612 1525 675 1552; x_wconf 85' lang='lat' dir='ltr'>illud</span> <span class='ocrx_word' id='word_1_515' title='bbox 694 1526 825 1561; x_wconf 70' lang='lat' dir='ltr'>praecipue</span> <span class='ocrx_word' id='word_1_516' title='bbox 844 1524 1013 1553; x_wconf 79' lang='lat' dir='ltr'>observatum</span> <span class='ocrx_word' id='word_1_517' title='bbox 1034 1526 1089 1557; x_wconf 63' lang='lat' dir='ltr'>est,&gt;</span> <span class='ocrx_word' id='word_1_518' title='bbox 1106 1533 1135 1553; x_wconf 88' lang='lat' dir='ltr'>ut</span> <span class='ocrx_word' id='word_1_519' title='bbox 1154 1525 1246 1562; x_wconf 88' lang='lat' dir='ltr'>populi</span> <span class='ocrx_word' id='word_1_520' title='bbox 1267 1525 1312 1561; x_wconf 86' lang='lat' dir='ltr'>qui</span> <span class='ocrx_word' id='word_1_521' title='bbox 1331 1533 1481 1560; x_wconf 80' lang='lat' dir='ltr'>repeterent</span> <span class='ocrx_word' id='word_1_522' title='bbox 1501 1528 1653 1561; x_wconf 88' lang='lat' dir='ltr'>pecuniam,</span> 
     </span>
     <span class='ocr_line' id='line_1_37' title="bbox 75 1561 1655 1604; baseline 0.002 -14"><span class='ocrx_word' id='word_1_523' title='bbox 75 1572 107 1591; x_wconf 79' lang='lat' dir='ltr'>ac</span> <span class='ocrx_word' id='word_1_524' title='bbox 125 1562 248 1604; x_wconf 73' lang='lat' dir='ltr'>spoliatos</span> <span class='ocrx_word' id='word_1_525' title='bbox 268 1563 294 1590; x_wconf 90' lang='lat' dir='ltr'>se</span> <span class='ocrx_word' id='word_1_526' title='bbox 312 1573 359 1600; x_wconf 89' lang='lat' dir='ltr'>per</span> <span class='ocrx_word' id='word_1_527' title='bbox 378 1563 478 1600; x_wconf 85' lang='lat' dir='ltr'>legatos</span> <span class='ocrx_word' id='word_1_528' title='bbox 498 1570 671 1600; x_wconf 75' lang='lat' dir='ltr'>quererentur</span> <span class='ocrx_word' id='word_1_529' title='bbox 685 1583 692 1593; x_wconf 93' lang='lat'><strong><em>‚</em></strong></span> <span class='ocrx_word' id='word_1_530' title='bbox 712 1571 838 1599; x_wconf 87' lang='lat' dir='ltr'>patronos</span> <span class='ocrx_word' id='word_1_531' title='bbox 858 1571 966 1599; x_wconf 87' lang='lat' dir='ltr'>quoque</span> <span class='ocrx_word' id='word_1_532' title='bbox 986 1563 1143 1590; x_wconf 80' lang='lat' dir='ltr'>nominandi</span> <span class='ocrx_word' id='word_1_533' title='bbox 1163 1564 1321 1599; x_wconf 81' lang='lat' dir='ltr'>potestatem</span> <span class='ocrx_word' id='word_1_534' title='bbox 1341 1561 1519 1598; x_wconf 84' lang='lat' dir='ltr'>postularent,</span> <span class='ocrx_word' id='word_1_535' title='bbox 1547 1565 1655 1593; x_wconf 72' lang='lat' dir='ltr'>testibus</span> 
     </span>
     <span class='ocr_line' id='line_1_38' title="bbox 76 1599 1653 1638; baseline -0.001 -10"><span class='ocrx_word' id='word_1_536' title='bbox 76 1599 152 1628; x_wconf 74' lang='lat' dir='ltr'>Livno</span> <span class='ocrx_word' id='word_1_537' title='bbox 171 1600 216 1631; x_wconf 79' lang='lat' dir='ltr'>lih.</span> <span class='ocrx_word' id='word_1_538' title='bbox 233 1611 278 1638; x_wconf 82' lang='lat'>43.</span> <span class='ocrx_word' id='word_1_539' title='bbox 304 1603 330 1629; x_wconf 71' lang='grc' dir='ltr'>ὃ(</span> <span class='ocrx_word' id='word_1_540' title='bbox 351 1600 465 1627; x_wconf 81' lang='lat' dir='ltr'>Cicerone</span> <span class='ocrx_word' id='word_1_541' title='bbox 486 1601 513 1628; x_wconf 91' lang='lat' dir='ltr'>in</span> <span class='ocrx_word' id='word_1_542' title='bbox 538 1611 558 1627; x_wconf 88' lang='lat'>1.</span> <span class='ocrx_word' id='word_1_543' title='bbox 585 1603 619 1628; x_wconf 91' lang='lat' dir='ltr'>de</span> <span class='ocrx_word' id='word_1_544' title='bbox 638 1603 762 1628; x_wconf 81' lang='lat' dir='ltr'>Oratore.</span> <span class='ocrx_word' id='word_1_545' title='bbox 802 1601 896 1637; x_wconf 86' lang='lat' dir='ltr'>Itaque</span> <span class='ocrx_word' id='word_1_546' title='bbox 914 1601 942 1627; x_wconf 91' lang='lat' dir='ltr'>in</span> <span class='ocrx_word' id='word_1_547' title='bbox 962 1600 1062 1637; x_wconf 83' lang='lat' dir='ltr'>legibus</span> <span class='ocrx_word' id='word_1_548' title='bbox 1088 1603 1122 1629; x_wconf 85' lang='lat' dir='ltr'>de</span> <span class='ocrx_word' id='word_1_549' title='bbox 1140 1602 1258 1637; x_wconf 87' lang='lat' dir='ltr'>pecuniis</span> <span class='ocrx_word' id='word_1_550' title='bbox 1278 1600 1429 1636; x_wconf 80' lang='lat' dir='ltr'>repetundis</span> <span class='ocrx_word' id='word_1_551' title='bbox 1449 1601 1579 1637; x_wconf 77' lang='lat' dir='ltr'>praecipue</span> <span class='ocrx_word' id='word_1_552' title='bbox 1596 1603 1653 1631; x_wconf 84' lang='lat' dir='ltr'>san-</span> 
     </span>
     <span class='ocr_line' id='line_1_39' title="bbox 77 1637 1657 1676; baseline 0.003 -12"><span class='ocrx_word' id='word_1_553' title='bbox 77 1637 153 1664; x_wconf 65' lang='lat' dir='ltr'>‘stum</span> <span class='ocrx_word' id='word_1_554' title='bbox 167 1638 203 1664; x_wconf 90' lang='lat' dir='ltr'>est</span> <span class='ocrx_word' id='word_1_555' title='bbox 216 1638 249 1665; x_wconf 91' lang='lat' dir='ltr'>de</span> <span class='ocrx_word' id='word_1_556' title='bbox 263 1639 381 1674; x_wconf 82' lang='lat' dir='ltr'>patronis</span> <span class='ocrx_word' id='word_1_557' title='bbox 391 1639 482 1666; x_wconf 83' lang='lat' dir='ltr'>dandis</span> <span class='ocrx_word' id='word_1_558' title='bbox 498 1641 524 1666; x_wconf 68' lang='grc' dir='ltr'>δι</span> <span class='ocrx_word' id='word_1_559' title='bbox 540 1639 717 1674; x_wconf 80' lang='lat' dir='ltr'>repudiandis.</span> <span class='ocrx_word' id='word_1_560' title='bbox 755 1639 792 1667; x_wconf 88' lang='lat' dir='ltr'>Hi</span> <span class='ocrx_word' id='word_1_561' title='bbox 803 1648 868 1666; x_wconf 90' lang='lat' dir='ltr'>vero</span> <span class='ocrx_word' id='word_1_562' title='bbox 879 1639 925 1675; x_wconf 88' lang='lat' dir='ltr'>qui</span> <span class='ocrx_word' id='word_1_563' title='bbox 937 1638 1074 1668; x_wconf 83' lang='lat' dir='ltr'>sociorum</span> <span class='ocrx_word' id='word_1_564' title='bbox 1090 1641 1198 1676; x_wconf 79' lang='lat' dir='ltr'>patroni</span> <span class='ocrx_word' id='word_1_565' title='bbox 1219 1640 1342 1670; x_wconf 76' lang='lat' dir='ltr'>suerunt,</span> <span class='ocrx_word' id='word_1_566' title='bbox 1362 1648 1471 1666; x_wconf 83' lang='lat' dir='ltr'>reorum</span> <span class='ocrx_word' id='word_1_567' title='bbox 1491 1639 1657 1669; x_wconf 61' lang='lat' dir='ltr'>accusatores</span> 
     </span>
     <span class='ocr_line' id='line_1_40' title="bbox 76 1677 232 1704; baseline 0.013 -2"><span class='ocrx_word' id='word_1_568' title='bbox 76 1677 232 1704; x_wconf 80' lang='lat' dir='ltr'>extiterunt.</span> 
     </span>
    </p>

    <p class='ocr_par' dir='ltr' id='par_1_10' title="bbox 75 1714 1663 2209">
     <span class='ocr_line' id='line_1_41' title="bbox 117 1714 1660 1753; baseline 0.003 -12"><span class='ocrx_word' id='word_1_569' title='bbox 117 1716 191 1750; x_wconf 80' lang='lat' dir='ltr'>Saepe</span> <span class='ocrx_word' id='word_1_570' title='bbox 205 1715 286 1741; x_wconf 84' lang='lat' dir='ltr'>etiam</span> <span class='ocrx_word' id='word_1_571' title='bbox 301 1714 404 1746; x_wconf 87' lang='lat' dir='ltr'>evenit,</span> <span class='ocrx_word' id='word_1_572' title='bbox 425 1722 455 1743; x_wconf 92' lang='lat' dir='ltr'>ut</span> <span class='ocrx_word' id='word_1_573' title='bbox 465 1715 520 1742; x_wconf 90' lang='lat' dir='ltr'>duo</span> <span class='ocrx_word' id='word_1_574' title='bbox 535 1724 581 1743; x_wconf 88' lang='lat' dir='ltr'>aut</span> <span class='ocrx_word' id='word_1_575' title='bbox 594 1715 680 1752; x_wconf 78' lang='lat' dir='ltr'>plures</span> <span class='ocrx_word' id='word_1_576' title='bbox 694 1725 749 1743; x_wconf 90' lang='lat' dir='ltr'>non</span> <span class='ocrx_word' id='word_1_577' title='bbox 762 1714 849 1743; x_wconf 85' lang='lat' dir='ltr'>solum</span> <span class='ocrx_word' id='word_1_578' title='bbox 863 1715 890 1742; x_wconf 88' lang='lat' dir='ltr'>in</span> <span class='ocrx_word' id='word_1_579' title='bbox 904 1714 978 1742; x_wconf 68' lang='lat' dir='ltr'>causa</span> <span class='ocrx_word' id='word_1_580' title='bbox 990 1716 1196 1753; x_wconf 87' lang='lat' dir='ltr'>repetundarum</span> <span class='ocrx_word' id='word_1_581' title='bbox 1211 1737 1219 1748; x_wconf 91' lang='lat'>‚</span> <span class='ocrx_word' id='word_1_582' title='bbox 1238 1715 1280 1743; x_wconf 86' lang='lat' dir='ltr'>sed</span> <span class='ocrx_word' id='word_1_583' title='bbox 1296 1716 1376 1743; x_wconf 84' lang='lat' dir='ltr'>etiam</span> <span class='ocrx_word' id='word_1_584' title='bbox 1392 1714 1523 1746; x_wconf 78' lang='lat' dir='ltr'>ambitus,</span> <span class='ocrx_word' id='word_1_585' title='bbox 1547 1718 1574 1744; x_wconf 73' lang='grc' dir='ltr'>δε</span> <span class='ocrx_word' id='word_1_586' title='bbox 1588 1716 1660 1745; x_wconf 46' lang='lat' dir='ltr'>alio*v</span> 
     </span>
     <span class='ocr_line' id='line_1_42' title="bbox 75 1752 1656 1791; baseline 0.003 -11"><span class='ocrx_word' id='word_1_587' title='bbox 75 1761 138 1780; x_wconf 81' lang='lat' dir='ltr'>rum</span> <span class='ocrx_word' id='word_1_588' title='bbox 152 1753 297 1779; x_wconf 88' lang='lat' dir='ltr'>criminum</span> <span class='ocrx_word' id='word_1_589' title='bbox 307 1773 315 1783; x_wconf 89' lang='lat'>‚</span> <span class='ocrx_word' id='word_1_590' title='bbox 334 1752 530 1780; x_wconf 82' lang='lat' dir='ltr'>accusationem</span> <span class='ocrx_word' id='word_1_591' title='bbox 545 1753 591 1780; x_wconf 85' lang='lat' dir='ltr'>fibi</span> <span class='ocrx_word' id='word_1_592' title='bbox 603 1753 783 1789; x_wconf 83' lang='lat' dir='ltr'>deposcerent.</span> <span class='ocrx_word' id='word_1_593' title='bbox 804 1753 886 1791; x_wconf 83' lang='lat' dir='ltr'>Qod</span> <span class='ocrx_word' id='word_1_594' title='bbox 899 1762 961 1779; x_wconf 90' lang='lat' dir='ltr'>cum</span> <span class='ocrx_word' id='word_1_595' title='bbox 974 1755 1083 1786; x_wconf 88' lang='lat' dir='ltr'>accidit,</span> <span class='ocrx_word' id='word_1_596' title='bbox 1103 1762 1162 1782; x_wconf 89' lang='lat' dir='ltr'>tum</span> <span class='ocrx_word' id='word_1_597' title='bbox 1176 1755 1307 1790; x_wconf 87' lang='lat' dir='ltr'>judicium</span> <span class='ocrx_word' id='word_1_598' title='bbox 1316 1753 1417 1782; x_wconf 72' lang='lat' dir='ltr'>faCtum</span> <span class='ocrx_word' id='word_1_599' title='bbox 1429 1753 1479 1784; x_wconf 84' lang='lat' dir='ltr'>est,</span> <span class='ocrx_word' id='word_1_600' title='bbox 1501 1760 1560 1781; x_wconf 89' lang='lat' dir='ltr'>uter</span> <span class='ocrx_word' id='word_1_601' title='bbox 1573 1755 1656 1783; x_wconf 86' lang='lat' dir='ltr'>debe-</span> 
     </span>
     <span class='ocr_line' id='line_1_43' title="bbox 75 1790 1653 1829; baseline 0.003 -12"><span class='ocrx_word' id='word_1_602' title='bbox 75 1798 118 1818; x_wconf 85' lang='lat' dir='ltr'>ret</span> <span class='ocrx_word' id='word_1_603' title='bbox 131 1799 234 1817; x_wconf 90' lang='lat' dir='ltr'>nomen</span> <span class='ocrx_word' id='word_1_604' title='bbox 248 1790 360 1817; x_wconf 88' lang='lat' dir='ltr'>deferre.</span> <span class='ocrx_word' id='word_1_605' title='bbox 381 1791 462 1825; x_wconf 82' lang='lat' dir='ltr'>Qod</span> <span class='ocrx_word' id='word_1_606' title='bbox 477 1790 598 1824; x_wconf 72' lang='lat' dir='ltr'>Ulpianus</span> <span class='ocrx_word' id='word_1_607' title='bbox 610 1793 738 1823; x_wconf 88' lang='lat' dir='ltr'>ostendit,</span> <span class='ocrx_word' id='word_1_608' title='bbox 760 1791 787 1819; x_wconf 81' lang='lat' dir='ltr'>ff.</span> <span class='ocrx_word' id='word_1_609' title='bbox 802 1793 835 1819; x_wconf 92' lang='lat' dir='ltr'>de</span> <span class='ocrx_word' id='word_1_610' title='bbox 848 1790 1063 1819; x_wconf 82' lang='lat' dir='ltr'>accusationibus.</span> <span class='ocrx_word' id='word_1_611' title='bbox 1101 1793 1126 1820; x_wconf 86' lang='lat' dir='ltr'>Si</span> <span class='ocrx_word' id='word_1_612' title='bbox 1142 1792 1230 1829; x_wconf 90' lang='lat' dir='ltr'>plures</span> <span class='ocrx_word' id='word_1_613' title='bbox 1245 1793 1369 1823; x_wconf 85' lang='lat' dir='ltr'>existant,</span> <span class='ocrx_word' id='word_1_614' title='bbox 1391 1791 1494 1828; x_wconf 74' lang='lat' dir='ltr'>inquit,</span> <span class='ocrx_word' id='word_1_615' title='bbox 1513 1793 1559 1828; x_wconf 85' lang='lat' dir='ltr'>qui</span> <span class='ocrx_word' id='word_1_616' title='bbox 1574 1794 1601 1821; x_wconf 88' lang='lat' dir='ltr'>in</span> <span class='ocrx_word' id='word_1_617' title='bbox 1611 1793 1653 1829; x_wconf 71' lang='lat' dir='ltr'>ju-</span> 
     </span>
     <span class='ocr_line' id='line_1_44' title="bbox 77 1827 1657 1867; baseline 0.002 -11"><span class='ocrx_word' id='word_1_618' title='bbox 77 1828 152 1856; x_wconf 88' lang='lat' dir='ltr'>diciis</span> <span class='ocrx_word' id='word_1_619' title='bbox 166 1828 274 1864; x_wconf 86' lang='lat' dir='ltr'>publicis</span> <span class='ocrx_word' id='word_1_620' title='bbox 293 1827 412 1856; x_wconf 77' lang='lat' dir='ltr'>accusare</span> <span class='ocrx_word' id='word_1_621' title='bbox 427 1827 519 1855; x_wconf 86' lang='lat' dir='ltr'>volunt</span> <span class='ocrx_word' id='word_1_622' title='bbox 535 1849 544 1860; x_wconf 87' lang='lat'><em>,</em></span> <span class='ocrx_word' id='word_1_623' title='bbox 562 1829 644 1864; x_wconf 78' lang='lat' dir='ltr'>judex</span> <span class='ocrx_word' id='word_1_624' title='bbox 658 1830 755 1867; x_wconf 70' lang='lat' dir='ltr'>eligere</span> <span class='ocrx_word' id='word_1_625' title='bbox 771 1829 851 1857; x_wconf 89' lang='lat' dir='ltr'>debet</span> <span class='ocrx_word' id='word_1_626' title='bbox 863 1838 925 1856; x_wconf 86' lang='lat' dir='ltr'>eum</span> <span class='ocrx_word' id='word_1_627' title='bbox 937 1846 945 1859; x_wconf 85' lang='lat'>‚</span> <span class='ocrx_word' id='word_1_628' title='bbox 967 1831 1011 1866; x_wconf 84' lang='lat' dir='ltr'>qui</span> <span class='ocrx_word' id='word_1_629' title='bbox 1023 1829 1127 1858; x_wconf 85' lang='lat' dir='ltr'>accuset</span> <span class='ocrx_word' id='word_1_630' title='bbox 1139 1851 1146 1864; x_wconf 91' lang='lat'>‚</span> <span class='ocrx_word' id='word_1_631' title='bbox 1169 1830 1242 1858; x_wconf 72' lang='lat' dir='ltr'>causa</span> <span class='ocrx_word' id='word_1_632' title='bbox 1256 1830 1356 1858; x_wconf 87' lang='lat' dir='ltr'>scilicet</span> <span class='ocrx_word' id='word_1_633' title='bbox 1373 1830 1481 1866; x_wconf 82' lang='lat' dir='ltr'>cognita</span> <span class='ocrx_word' id='word_1_634' title='bbox 1493 1850 1499 1861; x_wconf 89' lang='lat'>,</span> <span class='ocrx_word' id='word_1_635' title='bbox 1519 1830 1657 1859; x_wconf 79' lang='lat' dir='ltr'>aestimatis</span> 
     </span>
     <span class='ocr_line' id='line_1_45' title="bbox 77 1865 1662 1905; baseline 0.002 -11"><span class='ocrx_word' id='word_1_636' title='bbox 77 1865 258 1894; x_wconf 74' lang='lat' dir='ltr'>accusatorum</span> <span class='ocrx_word' id='word_1_637' title='bbox 273 1866 403 1901; x_wconf 80' lang='lat' dir='ltr'>personis,</span> <span class='ocrx_word' id='word_1_638' title='bbox 426 1866 468 1893; x_wconf 79' lang='lat' dir='ltr'>vel</span> <span class='ocrx_word' id='word_1_639' title='bbox 481 1867 514 1893; x_wconf 90' lang='lat' dir='ltr'>de</span> <span class='ocrx_word' id='word_1_640' title='bbox 527 1867 668 1904; x_wconf 80' lang='lat' dir='ltr'>dignitate,</span> <span class='ocrx_word' id='word_1_641' title='bbox 689 1868 731 1895; x_wconf 90' lang='lat' dir='ltr'>vel</span> <span class='ocrx_word' id='word_1_642' title='bbox 746 1878 777 1896; x_wconf 85' lang='lat' dir='ltr'>ex</span> <span class='ocrx_word' id='word_1_643' title='bbox 789 1877 838 1900; x_wconf 89' lang='lat' dir='ltr'>eo,</span> <span class='ocrx_word' id='word_1_644' title='bbox 859 1867 931 1904; x_wconf 91' lang='lat' dir='ltr'>quod</span> <span class='ocrx_word' id='word_1_645' title='bbox 948 1867 1069 1900; x_wconf 85' lang='lat' dir='ltr'>interest,</span> <span class='ocrx_word' id='word_1_646' title='bbox 1091 1868 1132 1896; x_wconf 87' lang='lat' dir='ltr'>vel</span> <span class='ocrx_word' id='word_1_647' title='bbox 1148 1877 1236 1900; x_wconf 86' lang='lat' dir='ltr'>aetate,</span> <span class='ocrx_word' id='word_1_648' title='bbox 1257 1869 1300 1896; x_wconf 90' lang='lat' dir='ltr'>vel</span> <span class='ocrx_word' id='word_1_649' title='bbox 1314 1867 1447 1898; x_wconf 82' lang='lat' dir='ltr'>moribus,</span> <span class='ocrx_word' id='word_1_650' title='bbox 1469 1867 1511 1895; x_wconf 89' lang='lat' dir='ltr'>vel</span> <span class='ocrx_word' id='word_1_651' title='bbox 1523 1868 1570 1895; x_wconf 87' lang='lat' dir='ltr'>alia</span> <span class='ocrx_word' id='word_1_652' title='bbox 1582 1869 1662 1905; x_wconf 49' lang='lat' dir='ltr'>justae</span> 
     </span>
     <span class='ocr_line' id='line_1_46' title="bbox 77 1903 1651 1942; baseline 0.003 -10"><span class='ocrx_word' id='word_1_653' title='bbox 77 1904 112 1932; x_wconf 89' lang='lat' dir='ltr'>de</span> <span class='ocrx_word' id='word_1_654' title='bbox 126 1903 210 1931; x_wconf 82' lang='lat' dir='ltr'>causa.</span> <span class='ocrx_word' id='word_1_655' title='bbox 229 1906 292 1931; x_wconf 86' lang='lat' dir='ltr'>Hoc</span> <span class='ocrx_word' id='word_1_656' title='bbox 306 1912 395 1931; x_wconf 84' lang='lat' dir='ltr'>autem</span> <span class='ocrx_word' id='word_1_657' title='bbox 408 1904 528 1939; x_wconf 73' lang='lat' dir='ltr'>judicium</span> <span class='ocrx_word' id='word_1_658' title='bbox 552 1904 741 1933; x_wconf 54' lang='lat' dir='ltr'>adamationem</span> <span class='ocrx_word' id='word_1_659' title='bbox 754 1908 886 1935; x_wconf 79' lang='lat' dir='ltr'>dixerunt.</span> <span class='ocrx_word' id='word_1_660' title='bbox 907 1904 1041 1933; x_wconf 74' lang='lat' dir='ltr'>Dwinatio</span> <span class='ocrx_word' id='word_1_661' title='bbox 1053 1915 1135 1942; x_wconf 88' lang='lat' dir='ltr'>porro</span> <span class='ocrx_word' id='word_1_662' title='bbox 1149 1906 1219 1934; x_wconf 61' lang='lat' dir='ltr'>dieta</span> <span class='ocrx_word' id='word_1_663' title='bbox 1232 1906 1282 1936; x_wconf 88' lang='lat' dir='ltr'>est,</span> <span class='ocrx_word' id='word_1_664' title='bbox 1305 1906 1369 1933; x_wconf 83' lang='lat' dir='ltr'>teste</span> <span class='ocrx_word' id='word_1_665' title='bbox 1383 1906 1487 1939; x_wconf 77' lang='lat' dir='ltr'>Afionio</span> <span class='ocrx_word' id='word_1_666' title='bbox 1499 1906 1526 1933; x_wconf 91' lang='lat' dir='ltr'>in</span> <span class='ocrx_word' id='word_1_667' title='bbox 1541 1907 1651 1936; x_wconf 81' lang='lat' dir='ltr'>Divina-</span> 
     </span>
     <span class='ocr_line' id='line_1_47' title="bbox 77 1941 1658 1980; baseline 0.002 -10"><span class='ocrx_word' id='word_1_668' title='bbox 77 1943 183 1970; x_wconf 83' lang='lat' dir='ltr'>tionem</span> <span class='ocrx_word' id='word_1_669' title='bbox 196 1942 349 1971; x_wconf 84' lang='lat' dir='ltr'>Ciceronis,</span> <span class='ocrx_word' id='word_1_670' title='bbox 370 1942 431 1978; x_wconf 85' lang='lat' dir='ltr'>quia</span> <span class='ocrx_word' id='word_1_671' title='bbox 443 1952 490 1968; x_wconf 76' lang='lat' dir='ltr'>non</span> <span class='ocrx_word' id='word_1_672' title='bbox 502 1943 534 1968; x_wconf 85' lang='lat' dir='ltr'>de</span> <span class='ocrx_word' id='word_1_673' title='bbox 540 1941 613 1978; x_wconf 60' lang='lat' dir='ltr'>fado</span> <span class='ocrx_word' id='word_1_674' title='bbox 627 1945 764 1980; x_wconf 75' lang='lat' dir='ltr'>quaeritur,</span> <span class='ocrx_word' id='word_1_675' title='bbox 777 1945 827 1978; x_wconf 69' lang='lat' dir='ltr'>fid</span> <span class='ocrx_word' id='word_1_676' title='bbox 837 1945 868 1970; x_wconf 86' lang='lat' dir='ltr'>de</span> <span class='ocrx_word' id='word_1_677' title='bbox 876 1942 982 1978; x_wconf 82' lang='lat' dir='ltr'>futuro,</span> <span class='ocrx_word' id='word_1_678' title='bbox 1001 1952 1060 1971; x_wconf 86' lang='lat' dir='ltr'>uter</span> <span class='ocrx_word' id='word_1_679' title='bbox 1075 1944 1169 1972; x_wconf 86' lang='lat' dir='ltr'>debeat</span> <span class='ocrx_word' id='word_1_680' title='bbox 1184 1943 1312 1972; x_wconf 63' lang='lat' dir='ltr'>accusare.</span> <span class='ocrx_word' id='word_1_681' title='bbox 1341 1943 1393 1971; x_wconf 87' lang='lat' dir='ltr'>Alii</span> <span class='ocrx_word' id='word_1_682' title='bbox 1406 1950 1500 1979; x_wconf 85' lang='lat' dir='ltr'>putant</span> <span class='ocrx_word' id='word_1_683' title='bbox 1512 1943 1658 1973; x_wconf 77' lang='lat' dir='ltr'>d1vinatio--</span> 
     </span>
     <span class='ocr_line' id='line_1_48' title="bbox 76 1979 1652 2018; baseline 0.002 -11"><span class='ocrx_word' id='word_1_684' title='bbox 76 1990 135 2007; x_wconf 82' lang='lat' dir='ltr'>nem</span> <span class='ocrx_word' id='word_1_685' title='bbox 150 1979 220 2011; x_wconf 88' lang='lat' dir='ltr'>dici,</span> <span class='ocrx_word' id='word_1_686' title='bbox 240 1980 311 2015; x_wconf 88' lang='lat' dir='ltr'>quod</span> <span class='ocrx_word' id='word_1_687' title='bbox 326 1979 433 2014; x_wconf 81' lang='lat' dir='ltr'>injurati</span> <span class='ocrx_word' id='word_1_688' title='bbox 444 1980 545 2015; x_wconf 83' lang='lat' dir='ltr'>judices</span> <span class='ocrx_word' id='word_1_689' title='bbox 559 1981 586 2008; x_wconf 84' lang='lat' dir='ltr'>in</span> <span class='ocrx_word' id='word_1_690' title='bbox 599 1980 649 2008; x_wconf 84' lang='lat' dir='ltr'>hac</span> <span class='ocrx_word' id='word_1_691' title='bbox 662 1983 736 2009; x_wconf 75' lang='lat' dir='ltr'>causa</span> <span class='ocrx_word' id='word_1_692' title='bbox 748 1982 870 2012; x_wconf 82' lang='lat' dir='ltr'>sedeant,</span> <span class='ocrx_word' id='word_1_693' title='bbox 891 1988 921 2008; x_wconf 84' lang='lat' dir='ltr'>ut</span> <span class='ocrx_word' id='word_1_694' title='bbox 934 1981 1005 2016; x_wconf 87' lang='lat' dir='ltr'>quod</span> <span class='ocrx_word' id='word_1_695' title='bbox 1021 1981 1274 2017; x_wconf 78' lang='lat' dir='ltr'>velint,praeiemire</span> <span class='ocrx_word' id='word_1_696' title='bbox 1287 1982 1321 2009; x_wconf 86' lang='lat' dir='ltr'>de</span> <span class='ocrx_word' id='word_1_697' title='bbox 1334 1989 1449 2017; x_wconf 86' lang='lat' dir='ltr'>utroque</span> <span class='ocrx_word' id='word_1_698' title='bbox 1461 1982 1566 2018; x_wconf 77' lang='lat' dir='ltr'>possint.</span> <span class='ocrx_word' id='word_1_699' title='bbox 1589 1983 1652 2016; x_wconf 87' lang='lat' dir='ltr'>Alii,</span> 
     </span>
     <span class='ocr_line' id='line_1_49' title="bbox 76 2017 1662 2058; baseline 0.001 -13"><span class='ocrx_word' id='word_1_700' title='bbox 76 2018 150 2055; x_wconf 88' lang='lat' dir='ltr'>quod</span> <span class='ocrx_word' id='word_1_701' title='bbox 162 2027 202 2044; x_wconf 79' lang='lat' dir='ltr'>res</span> <span class='ocrx_word' id='word_1_702' title='bbox 213 2025 305 2053; x_wconf 87' lang='lat' dir='ltr'>agatur</span> <span class='ocrx_word' id='word_1_703' title='bbox 319 2017 372 2044; x_wconf 89' lang='lat' dir='ltr'>fine</span> <span class='ocrx_word' id='word_1_704' title='bbox 384 2018 502 2050; x_wconf 66' lang='lat' dir='ltr'>testibus,</span> <span class='ocrx_word' id='word_1_705' title='bbox 527 2021 552 2046; x_wconf 65' lang='lat' dir='ltr'>&amp;z</span> <span class='ocrx_word' id='word_1_706' title='bbox 566 2018 619 2045; x_wconf 88' lang='lat' dir='ltr'>fine</span> <span class='ocrx_word' id='word_1_707' title='bbox 634 2019 726 2047; x_wconf 85' lang='lat' dir='ltr'>tabulis</span> <span class='ocrx_word' id='word_1_708' title='bbox 740 2040 747 2051; x_wconf 84' lang='lat'>‚</span> <span class='ocrx_word' id='word_1_709' title='bbox 768 2023 794 2048; x_wconf 70' lang='grc' dir='ltr'>ὅ(</span> <span class='ocrx_word' id='word_1_710' title='bbox 805 2019 844 2047; x_wconf 84' lang='lat' dir='ltr'>his</span> <span class='ocrx_word' id='word_1_711' title='bbox 858 2019 970 2044; x_wconf 85' lang='lat' dir='ltr'>remotis</span> <span class='ocrx_word' id='word_1_712' title='bbox 981 2038 989 2049; x_wconf 89' lang='lat'><em>,</em></span> <span class='ocrx_word' id='word_1_713' title='bbox 1010 2027 1167 2055; x_wconf 78' lang='lat' dir='ltr'>argumenta</span> <span class='ocrx_word' id='word_1_714' title='bbox 1180 2019 1232 2046; x_wconf 87' lang='lat' dir='ltr'>sola</span> <span class='ocrx_word' id='word_1_715' title='bbox 1245 2018 1386 2056; x_wconf 87' lang='lat' dir='ltr'>sequantur</span> <span class='ocrx_word' id='word_1_716' title='bbox 1397 2019 1498 2054; x_wconf 85' lang='lat' dir='ltr'>judices</span> <span class='ocrx_word' id='word_1_717' title='bbox 1511 2040 1519 2051; x_wconf 86' lang='lat'>‚</span> <span class='ocrx_word' id='word_1_718' title='bbox 1539 2022 1565 2048; x_wconf 71' lang='grc' dir='ltr'>δε</span> <span class='ocrx_word' id='word_1_719' title='bbox 1579 2021 1662 2058; x_wconf 44' lang='lat' dir='ltr'>quast:</span> 
     </span>
     <span class='ocr_line' id='line_1_50' title="bbox 77 2055 1649 2096; baseline 0 -12"><span class='ocrx_word' id='word_1_720' title='bbox 77 2056 209 2084; x_wconf 84' lang='lat' dir='ltr'>divinent.</span> <span class='ocrx_word' id='word_1_721' title='bbox 231 2055 343 2092; x_wconf 81' lang='lat' dir='ltr'>Agellms</span> <span class='ocrx_word' id='word_1_722' title='bbox 356 2064 444 2083; x_wconf 78' lang='lat' dir='ltr'>autern</span> <span class='ocrx_word' id='word_1_723' title='bbox 460 2056 496 2083; x_wconf 88' lang='lat' dir='ltr'>ita</span> <span class='ocrx_word' id='word_1_724' title='bbox 509 2055 597 2084; x_wconf 73' lang='lat' dir='ltr'>scribit</span> <span class='ocrx_word' id='word_1_725' title='bbox 612 2056 656 2084; x_wconf 89' lang='lat' dir='ltr'>lib.</span> <span class='ocrx_word' id='word_1_726' title='bbox 669 2067 691 2084; x_wconf 92' lang='lat'>2.</span> <span class='ocrx_word' id='word_1_727' title='bbox 721 2059 792 2084; x_wconf 88' lang='lat' dir='ltr'>Cum</span> <span class='ocrx_word' id='word_1_728' title='bbox 807 2059 841 2085; x_wconf 90' lang='lat' dir='ltr'>de</span> <span class='ocrx_word' id='word_1_729' title='bbox 855 2056 1039 2084; x_wconf 82' lang='lat' dir='ltr'>constituendo</span> <span class='ocrx_word' id='word_1_730' title='bbox 1054 2056 1203 2084; x_wconf 76' lang='lat' dir='ltr'>accusatore</span> <span class='ocrx_word' id='word_1_731' title='bbox 1217 2059 1354 2093; x_wconf 78' lang='lat' dir='ltr'>quaeritur,</span> <span class='ocrx_word' id='word_1_732' title='bbox 1376 2057 1561 2094; x_wconf 80' lang='lat' dir='ltr'>judiciumque</span> <span class='ocrx_word' id='word_1_733' title='bbox 1572 2059 1649 2096; x_wconf 77' lang='lat' dir='ltr'>super</span> 
     </span>
     <span class='ocr_line' id='line_1_51' title="bbox 77 2093 1648 2131; baseline 0.003 -10"><span class='ocrx_word' id='word_1_734' title='bbox 77 2103 109 2122; x_wconf 84' lang='lat' dir='ltr'>ea</span> <span class='ocrx_word' id='word_1_735' title='bbox 122 2103 151 2121; x_wconf 88' lang='lat' dir='ltr'>re</span> <span class='ocrx_word' id='word_1_736' title='bbox 166 2093 301 2121; x_wconf 84' lang='lat' dir='ltr'>redditum</span> <span class='ocrx_word' id='word_1_737' title='bbox 311 2113 317 2124; x_wconf 88' lang='lat'><em>,</em></span> <span class='ocrx_word' id='word_1_738' title='bbox 338 2095 442 2120; x_wconf 83' lang='lat' dir='ltr'>cuinam</span> <span class='ocrx_word' id='word_1_739' title='bbox 459 2095 627 2130; x_wconf 77' lang='lat' dir='ltr'>potiffimum</span> <span class='ocrx_word' id='word_1_740' title='bbox 640 2105 672 2123; x_wconf 86' lang='lat' dir='ltr'>ex</span> <span class='ocrx_word' id='word_1_741' title='bbox 687 2096 789 2123; x_wconf 88' lang='lat' dir='ltr'>duobus</span> <span class='ocrx_word' id='word_1_742' title='bbox 803 2093 954 2131; x_wconf 83' lang='lat' dir='ltr'>pluribusve</span> <span class='ocrx_word' id='word_1_743' title='bbox 965 2093 1111 2125; x_wconf 44' lang='lat' dir='ltr'>accusatio,</span> <span class='ocrx_word' id='word_1_744' title='bbox 1132 2094 1320 2130; x_wconf 68' lang='lat' dir='ltr'>subicriptiove</span> <span class='ocrx_word' id='word_1_745' title='bbox 1334 2096 1361 2122; x_wconf 89' lang='lat' dir='ltr'>in</span> <span class='ocrx_word' id='word_1_746' title='bbox 1374 2104 1450 2121; x_wconf 89' lang='lat' dir='ltr'>reum</span> <span class='ocrx_word' id='word_1_747' title='bbox 1465 2097 1648 2130; x_wconf 83' lang='lat' dir='ltr'>permittatur,</span> 
     </span>
     <span class='ocr_line' id='line_1_52' title="bbox 75 2131 1663 2171; baseline 0.001 -12"><span class='ocrx_word' id='word_1_748' title='bbox 75 2141 106 2160; x_wconf 88' lang='lat' dir='ltr'>ea</span> <span class='ocrx_word' id='word_1_749' title='bbox 125 2141 167 2159; x_wconf 86' lang='lat' dir='ltr'>res</span> <span class='ocrx_word' id='word_1_750' title='bbox 182 2152 188 2162; x_wconf 91' lang='lat'>,</span> <span class='ocrx_word' id='word_1_751' title='bbox 216 2139 296 2167; x_wconf 87' lang='lat' dir='ltr'>atque</span> <span class='ocrx_word' id='word_1_752' title='bbox 313 2131 432 2166; x_wconf 84' lang='lat' dir='ltr'>judicum</span> <span class='ocrx_word' id='word_1_753' title='bbox 452 2133 572 2169; x_wconf 84' lang='lat' dir='ltr'>cognitio</span> <span class='ocrx_word' id='word_1_754' title='bbox 588 2132 713 2160; x_wconf 63' lang='lat' dir='ltr'>divinam</span> <span class='ocrx_word' id='word_1_755' title='bbox 731 2133 885 2171; x_wconf 80' lang='lat' dir='ltr'>appellatur.</span> <span class='ocrx_word' id='word_1_756' title='bbox 925 2131 1010 2159; x_wconf 77' lang='lat' dir='ltr'>Baffus</span> <span class='ocrx_word' id='word_1_757' title='bbox 1023 2153 1030 2164; x_wconf 90' lang='lat'><em>‚</em></span> <span class='ocrx_word' id='word_1_758' title='bbox 1053 2131 1187 2159; x_wconf 81' lang='lat' dir='ltr'>Diwnatm</span> <span class='ocrx_word' id='word_1_759' title='bbox 1200 2154 1206 2164; x_wconf 84' lang='lat'>,</span> <span class='ocrx_word' id='word_1_760' title='bbox 1225 2134 1313 2169; x_wconf 83' lang='lat' dir='ltr'>inqu.t</span> <span class='ocrx_word' id='word_1_761' title='bbox 1325 2153 1332 2164; x_wconf 91' lang='lat'><strong><em>,</em></strong></span> <span class='ocrx_word' id='word_1_762' title='bbox 1351 2132 1478 2167; x_wconf 71' lang='lat' dir='ltr'>judicium</span> <span class='ocrx_word' id='word_1_763' title='bbox 1497 2134 1663 2168; x_wconf 53' lang='lat' dir='ltr'>appellatur„</span> 
     </span>
     <span class='ocr_line' id='line_1_53' title="bbox 75 2169 1659 2209; baseline 0.003 -12"><span class='ocrx_word' id='word_1_764' title='bbox 75 2171 205 2207; x_wconf 77' lang='lat' dir='ltr'>quoniam</span> <span class='ocrx_word' id='word_1_765' title='bbox 227 2169 345 2196; x_wconf 76' lang='lat' dir='ltr'>divinare</span> <span class='ocrx_word' id='word_1_766' title='bbox 363 2170 569 2206; x_wconf 81' lang='lat' dir='ltr'>quodammodo</span> <span class='ocrx_word' id='word_1_767' title='bbox 586 2172 706 2209; x_wconf 85' lang='lat' dir='ltr'>judicem</span> <span class='ocrx_word' id='word_1_768' title='bbox 727 2180 849 2208; x_wconf 82' lang='lat' dir='ltr'>oporteat</span> <span class='ocrx_word' id='word_1_769' title='bbox 862 2191 871 2204; x_wconf 76' lang='lat'>⁷</span> <span class='ocrx_word' id='word_1_770' title='bbox 899 2178 980 2206; x_wconf 84' lang='lat' dir='ltr'>quain</span> <span class='ocrx_word' id='word_1_771' title='bbox 1001 2169 1159 2199; x_wconf 79' lang='lat' dir='ltr'>sententiam</span> <span class='ocrx_word' id='word_1_772' title='bbox 1178 2169 1231 2198; x_wconf 79' lang='lat' dir='ltr'>sese</span> <span class='ocrx_word' id='word_1_773' title='bbox 1250 2171 1321 2205; x_wconf 75' lang='lat' dir='ltr'>ferre</span> <span class='ocrx_word' id='word_1_774' title='bbox 1338 2180 1385 2208; x_wconf 87' lang='lat' dir='ltr'>par</span> <span class='ocrx_word' id='word_1_775' title='bbox 1404 2170 1444 2199; x_wconf 86' lang='lat' dir='ltr'>fit.</span> <span class='ocrx_word' id='word_1_776' title='bbox 1483 2171 1518 2198; x_wconf 89' lang='lat' dir='ltr'>Et</span> <span class='ocrx_word' id='word_1_777' title='bbox 1537 2181 1593 2208; x_wconf 71' lang='lat' dir='ltr'>quae</span> <span class='ocrx_word' id='word_1_778' title='bbox 1612 2173 1659 2209; x_wconf 25' lang='lat' dir='ltr'>ie&amp;</span> 
     </span>
    </p>

    <p class='ocr_par' dir='ltr' id='par_1_11' title="bbox 73 2217 1661 2320">
     <span class='ocr_line' id='line_1_54' title="bbox 94 2217 203 2236; baseline -0.037 0"><span class='ocrx_word' id='word_1_779' title='bbox 94 2217 203 2236; x_wconf 86' lang='lat' dir='ltr'>uuntur.</span> 
     </span>
     <span class='ocr_line' id='line_1_55' title="bbox 73 2217 1661 2287; baseline 0.003 -15"><span class='ocrx_word' id='word_1_780' title='bbox 73 2217 92 2245; x_wconf 63' lang='lat' dir='ltr'><strong>q</strong></span> <span class='ocrx_word' id='word_1_781' title='bbox 117 2245 203 2282; x_wconf 80' lang='lat' dir='ltr'>Qale</span> <span class='ocrx_word' id='word_1_782' title='bbox 213 2252 302 2273; x_wconf 77' lang='lat' dir='ltr'>autern</span> <span class='ocrx_word' id='word_1_783' title='bbox 316 2244 368 2273; x_wconf 84' lang='lat' dir='ltr'>hoc</span> <span class='ocrx_word' id='word_1_784' title='bbox 378 2246 509 2281; x_wconf 87' lang='lat' dir='ltr'>judicium</span> <span class='ocrx_word' id='word_1_785' title='bbox 523 2247 616 2280; x_wconf 84' lang='lat' dir='ltr'>fuerit,</span> <span class='ocrx_word' id='word_1_786' title='bbox 635 2247 711 2276; x_wconf 78' lang='lat' dir='ltr'>facile</span> <span class='ocrx_word' id='word_1_787' title='bbox 723 2247 776 2285; x_wconf 88' lang='lat' dir='ltr'>ipsa</span> <span class='ocrx_word' id='word_1_788' title='bbox 790 2246 912 2275; x_wconf 69' lang='lat' dir='ltr'>Ciceronis</span> <span class='ocrx_word' id='word_1_789' title='bbox 926 2249 953 2276; x_wconf 90' lang='lat' dir='ltr'>in</span> <span class='ocrx_word' id='word_1_790' title='bbox 962 2252 1076 2277; x_wconf 87' lang='lat' dir='ltr'>Verrem</span> <span class='ocrx_word' id='word_1_791' title='bbox 1086 2246 1235 2279; x_wconf 77' lang='lat' dir='ltr'>Divinatio,</span> <span class='ocrx_word' id='word_1_792' title='bbox 1255 2246 1284 2274; x_wconf 88' lang='lat' dir='ltr'>in</span> <span class='ocrx_word' id='word_1_793' title='bbox 1297 2256 1349 2284; x_wconf 87' lang='lat' dir='ltr'>qua</span> <span class='ocrx_word' id='word_1_794' title='bbox 1362 2256 1424 2275; x_wconf 89' lang='lat' dir='ltr'>cum</span> <span class='ocrx_word' id='word_1_795' title='bbox 1439 2248 1547 2276; x_wconf 83' lang='lat' dir='ltr'>Caecilio</span> <span class='ocrx_word' id='word_1_796' title='bbox 1561 2248 1661 2287; x_wconf 56' lang='lat' dir='ltr'>dispuv</span> 
     </span>
     <span class='ocr_line' id='line_1_56' title="bbox 76 2284 352 2320; baseline -0.004 -8"><span class='ocrx_word' id='word_1_797' title='bbox 76 2288 129 2315; x_wconf 81' lang='lat' dir='ltr'>tat,</span> <span class='ocrx_word' id='word_1_798' title='bbox 150 2285 235 2320; x_wconf 84' lang='lat' dir='ltr'>potest</span> <span class='ocrx_word' id='word_1_799' title='bbox 248 2284 352 2311; x_wconf 79' lang='lat' dir='ltr'>docere.</span> 
     </span>
    </p>

    <p class='ocr_par' dir='ltr' id='par_1_12' title="bbox 68 2321 1664 2436">
     <span class='ocr_line' id='line_1_57' title="bbox 117 2321 1657 2362; baseline 0.002 -14"><span class='ocrx_word' id='word_1_800' title='bbox 117 2322 156 2350; x_wconf 86' lang='lat' dir='ltr'>Ex</span> <span class='ocrx_word' id='word_1_801' title='bbox 172 2322 263 2350; x_wconf 48' lang='lat' dir='ltr'>muliis</span> <span class='ocrx_word' id='word_1_802' title='bbox 275 2331 365 2350; x_wconf 83' lang='lat' dir='ltr'>autem</span> <span class='ocrx_word' id='word_1_803' title='bbox 381 2321 583 2356; x_wconf 74' lang='lat' dir='ltr'>accusatoribus,</span> <span class='ocrx_word' id='word_1_804' title='bbox 604 2326 649 2361; x_wconf 92' lang='lat' dir='ltr'>qui</span> <span class='ocrx_word' id='word_1_805' title='bbox 663 2326 763 2362; x_wconf 82' lang='lat' dir='ltr'>primas</span> <span class='ocrx_word' id='word_1_806' title='bbox 780 2325 848 2362; x_wconf 86' lang='lat' dir='ltr'>egit,</span> <span class='ocrx_word' id='word_1_807' title='bbox 870 2326 891 2353; x_wconf 88' lang='lat' dir='ltr'>is</span> <span class='ocrx_word' id='word_1_808' title='bbox 904 2326 1027 2359; x_wconf 70' lang='lat' dir='ltr'>accussztcr</span> <span class='ocrx_word' id='word_1_809' title='bbox 1040 2324 1075 2351; x_wconf 87' lang='lat' dir='ltr'>est</span> <span class='ocrx_word' id='word_1_810' title='bbox 1088 2323 1185 2351; x_wconf 65' lang='lat' dir='ltr'>dietus:</span> <span class='ocrx_word' id='word_1_811' title='bbox 1207 2324 1251 2359; x_wconf 86' lang='lat' dir='ltr'>qui</span> <span class='ocrx_word' id='word_1_812' title='bbox 1264 2322 1390 2351; x_wconf 81' lang='lat' dir='ltr'>secundas</span> <span class='ocrx_word' id='word_1_813' title='bbox 1401 2345 1409 2355; x_wconf 89' lang='lat'><em>,</em></span> <span class='ocrx_word' id='word_1_814' title='bbox 1431 2326 1458 2352; x_wconf 86' lang='lat'>&amp;</span> <span class='ocrx_word' id='word_1_815' title='bbox 1473 2326 1576 2356; x_wconf 88' lang='lat' dir='ltr'>tertias,</span> <span class='ocrx_word' id='word_1_816' title='bbox 1588 2324 1657 2360; x_wconf 72' lang='lat' dir='ltr'>fieb--</span> 
     </span>
     <span class='ocr_line' id='line_1_58' title="bbox 68 2358 1658 2399; baseline 0.002 -13"><span class='ocrx_word' id='word_1_817' title='bbox 68 2358 182 2394; x_wconf 72' lang='lat' dir='ltr'>Jcrt&#39;ptor.</span> <span class='ocrx_word' id='word_1_818' title='bbox 209 2361 259 2388; x_wconf 88' lang='lat' dir='ltr'>Hic</span> <span class='ocrx_word' id='word_1_819' title='bbox 271 2370 349 2391; x_wconf 89' lang='lat' dir='ltr'>vero,</span> <span class='ocrx_word' id='word_1_820' title='bbox 371 2368 400 2388; x_wconf 89' lang='lat' dir='ltr'>ut</span> <span class='ocrx_word' id='word_1_821' title='bbox 413 2362 500 2397; x_wconf 84' lang='lat' dir='ltr'>inquit</span> <span class='ocrx_word' id='word_1_822' title='bbox 513 2363 640 2397; x_wconf 78' lang='lat' dir='ltr'>Afiomus,</span> <span class='ocrx_word' id='word_1_823' title='bbox 659 2362 838 2391; x_wconf 69' lang='lat' dir='ltr'>acculatoiem</span> <span class='ocrx_word' id='word_1_824' title='bbox 853 2364 977 2399; x_wconf 74' lang='lat' dir='ltr'>adjuvare</span> <span class='ocrx_word' id='word_1_825' title='bbox 989 2364 1026 2390; x_wconf 84' lang='lat' dir='ltr'>est</span> <span class='ocrx_word' id='word_1_826' title='bbox 1039 2362 1136 2390; x_wconf 82' lang='lat' dir='ltr'>solitus.</span> <span class='ocrx_word' id='word_1_827' title='bbox 1165 2360 1378 2398; x_wconf 81' lang='lat' dir='ltr'>Sub.criptorum</span> <span class='ocrx_word' id='word_1_828' title='bbox 1394 2371 1576 2390; x_wconf 80' lang='lat' dir='ltr'>meminerunt</span> <span class='ocrx_word' id='word_1_829' title='bbox 1590 2367 1658 2390; x_wconf 85' lang='lat' dir='ltr'>Cor--</span> 
     </span>
     <span class='ocr_line' id='line_1_59' title="bbox 76 2398 1664 2436; baseline 0.002 -11"><span class='ocrx_word' id='word_1_830' title='bbox 76 2398 156 2427; x_wconf 69' lang='lat' dir='ltr'>nebus</span> <span class='ocrx_word' id='word_1_831' title='bbox 174 2401 256 2434; x_wconf 71' lang='lat' dir='ltr'>Nepos</span> <span class='ocrx_word' id='word_1_832' title='bbox 274 2399 302 2427; x_wconf 84' lang='lat' dir='ltr'>in</span> <span class='ocrx_word' id='word_1_833' title='bbox 322 2399 378 2428; x_wconf 76' lang='lat' dir='ltr'>vita</span> <span class='ocrx_word' id='word_1_834' title='bbox 394 2399 493 2434; x_wconf 83' lang='lat' dir='ltr'>Attici,</span> <span class='ocrx_word' id='word_1_835' title='bbox 513 2399 633 2436; x_wconf 66' lang='lat' dir='ltr'>Asconius</span> <span class='ocrx_word' id='word_1_836' title='bbox 652 2402 681 2429; x_wconf 86' lang='lat' dir='ltr'>in</span> <span class='ocrx_word' id='word_1_837' title='bbox 701 2402 889 2430; x_wconf 70' lang='lat' dir='ltr'>Cornelianam</span> <span class='ocrx_word' id='word_1_838' title='bbox 902 2422 908 2432; x_wconf 91' lang='lat'>‚</span> <span class='ocrx_word' id='word_1_839' title='bbox 930 2402 956 2428; x_wconf 66' lang='grc' dir='ltr'>δε</span> <span class='ocrx_word' id='word_1_840' title='bbox 979 2402 1147 2430; x_wconf 82' lang='lat' dir='ltr'>Scaurianam</span> <span class='ocrx_word' id='word_1_841' title='bbox 1160 2421 1168 2433; x_wconf 93' lang='lat'>,</span> <span class='ocrx_word' id='word_1_842' title='bbox 1188 2403 1274 2427; x_wconf 76' lang='lat' dir='ltr'>Cicera</span> <span class='ocrx_word' id='word_1_843' title='bbox 1291 2400 1319 2428; x_wconf 87' lang='lat' dir='ltr'>in</span> <span class='ocrx_word' id='word_1_844' title='bbox 1337 2403 1464 2430; x_wconf 72' lang='lat' dir='ltr'>Verrem.</span> <span class='ocrx_word' id='word_1_845' title='bbox 1504 2401 1664 2428; x_wconf 67' lang='lat' dir='ltr'>Plutarchus·</span> 
     </span>
    </p>

    <p class='ocr_par' dir='ltr' id='par_1_13' title="bbox 899 2441 1665 2477">
     <span class='ocr_line' id='line_1_60' title="bbox 899 2441 1665 2477; baseline 0 -9"><span class='ocrx_word' id='word_1_846' title='bbox 899 2441 990 2468; x_wconf 77' lang='lat' dir='ltr'>Rrrr</span> <span class='ocrx_word' id='word_1_847' title='bbox 1012 2450 1024 2477; x_wconf 77' lang='lat'>3</span> <span class='ocrx_word' id='word_1_848' title='bbox 1569 2447 1665 2468; x_wconf 32' lang='lat' dir='ltr'>etlam*</span> 
     </span>
    </p>
   </div>
  </div>
 </body>
</html>
