2075 2734
407 110 461 138 ⁶26
588 108 590 111 ·
685 92 1721 134 AnwiQumATunRonanaaum1⁴1⁸.an

409 157 492 187 Atilio
507 158 620 184 Serrano
633 163 704 182 anno
722 161 850 183 mcxvii.
864 158 985 190 rogatam
1002 151 1052 179 esse
1066 149 1138 183 vult,
1159 152 1186 180 δε
1200 149 1272 178 certe
1287 148 1335 177 hos
1348 146 1475 176 Consules
1492 147 1519 175 in
1533 147 1602 176 fastis
1614 147 1710 186 Stgom'i
1724 169 1731 182 ,
1751 150 1876 186 onuphrii
1891 154 1987 182 Pana.

408 195 459 228 υἰέ,
480 197 507 224 &
519 192 618 223 Goltzis'
634 192 751 221 invenio.

1099 226 1209 260 Clodia
1235 227 1297 259 lex.

449 294 597 332 Abi-ogavit
617 293 661 320 has
676 297 707 320 P.
720 293 822 321 Clodius
834 291 950 320 tribanus
961 290 1054 326 plebis,
1075 294 1104 316 L.
1118 287 1253 324 Calpurnio
1270 286 1354 322 Pisone
1370 286 1508 322 C‘ftnim’
1530 290 1568 315 A·
1584 287 1691 316 Gabinio
1705 289 1776 316 COffi
1797 298 1868 318 ³⁰⁸0
1885 300 1988 322 ¹³cxcv-

408 335 467 372 lege
480 333 545 363 lata,
568 332 612 359 Ne
625 332 683 368 quis
697 341 745 368 per
759 342 804 359 eos
819 331 891 362 dies,
912 330 1005 367 quibus
1018 339 1080 358 cum
1095 327 1195 365 populo
1208 327 1249 364 agi
1263 325 1369 356 liceret,
1384 326 1423 365 *de
1437 325 1506 353 coelo
1520 325 1643 355 servaret.
1674 329 1712 355 Ut
1727 327 1853 355 omnibus
1868 328 1936 358 fastis
1949 331 1987 360 le-

410 382 474 410 gem
491 370 553 398 ferri
567 369 672 402 liceret,
691 370 809 405 Asconius
823 371 851 398 in
869 368 1049 400 Pisonianam,
1071 367 1120 394 Dio
1135 367 1179 393 lib.
1190 367 1233 403 38.
1252 365 1343 401 Qare
1356 367 1439 390 thero
1453 366 1533 392 toties
1548 367 1680 402 queritur,
1702 365 1830 394 Clodium
1839 375 1990 406 propugna-

411 410 466 439 cula
480 411 507 438 ὃς
523 417 612 437 muros
629 408 828 446 tranquillitatis
841 415 920 446 atque
933 408 982 435 otii
997 404 1134 437 evertisse,
1155 414 1204 442 pro
1219 403 1300 430 Sestio
1314 422 1320 434 ,
1339 403 1365 429 in
1381 401 1503 431 Pisonem
1519 405 1545 433 δε
1561 404 1631 432 alibi.

1104 472 1200 504 Curia
1224 470 1285 502 lex.

451 534 493 562 Ad
510 532 627 560 modum
642 534 820 562 comitiorum
835 533 953 570 pertinet
964 532 1006 559 lex
1019 531 1112 563 Curia,
1134 532 1167 559 de
1180 540 1287 568 patrum
1295 528 1456 559 authoritate
1468 528 1483 557 ὲ
1495 534 1535 558 M.
1548 530 1627 558 Curio
1634 535 1761 563 Dentato,
1780 532 1878 561 tribuno
1893 533 1986 571 plebis,

412 576 451 600 M.
467 570 557 599 Fulvio
571 573 634 599 Paeto
648 592 656 604 ,
676 576 708 600 T.
723 572 820 600 Manlio
836 571 906 599 Coss]
924 581 994 599 anno
1008 581 1108 598 cumv.
1124 570 1175 598 lata
1189 591 1196 601 ,
1217 570 1264 598 Uti
1277 577 1338 597 ante
1353 569 1466 596 comitia
1477 569 1683 606 magistratuum
1703 579 1789 608 pitres
1803 572 1926 600 authores
1940 574 1987 601 fle-

412 617 481 638 rent·
521 609 608 639 cicero
620 610 687 638 libro
701 612 734 639 de
746 610 820 639 claris
834 610 992 639 Oratoribus
1008 618 1066 637 cam
1083 608 1158 644 Appio
1172 608 1280 635 Claudto
1293 612 1356 634 Caeca
1370 608 1508 643 Interrcge
1523 608 1633 635 comitia
1651 608 1775 641 habente,
1795 609 1883 637 Livius
1897 619 1988 639 autem

411 648 456 676 lib.
469 658 510 676 ιο.
531 652 564 678 P.
576 647 694 683 Salpina,
714 650 794 677 latam
811 650 862 677 effe
876 650 991 677 tradunt.
1014 649 1047 675 Et
1058 648 1167 684 quidem
1184 646 1253 674 Livu
1267 645 1394 674 sententia
1410 646 1446 673 est
1459 655 1525 673 vero
1539 646 1657 673 fimilior.
1678 648 1743 674 Non
1758 647 1830 675 enim
1845 648 1933 679 abeo,
1944 650 1988 685 qui

410 688 514 725 primus
531 687 652 716 Interrex
668 688 731 716 esset
741 688 862 724 proditus
875 688 986 715 comitia
1005 685 1095 713 haberi
1108 685 1225 714 solebant
1242 706 1248 717 ‚
1274 693 1303 713 ut
1323 684 1383 712 alibi
1399 685 1561 712 ostendimus
1575 694 1583 711 ε
1611 684 1732 712 Priorem
1746 694 1836 713 autem
1850 688 1990 722 proditum

413 725 463 754 effe
478 726 612 762 Appium,
632 724 722 754 Ltvius
734 726 828 755 asserit.
849 727 914 754 Non
928 727 1008 763 igitur
1021 724 1122 752 comitia
1136 724 1233 752 habere
1244 725 1343 760 potuit.

1089 787 1223 822 Claudia
1249 787 1309 821 Iex.

451 852 495 879 De
509 848 712 888 magistratuum
727 850 845 878 comitiis
859 849 971 877 claudia
984 849 1116 887 loquitur,
1138 858 1217 889 quam
1232 841 1294 877 tulit
1314 853 1353 876 M.
1367 846 1493 875 Claudius
1508 848 1642 875 Marcellus
1659 848 1730 876 Coss.
1748 857 1810 877 cum
1822 852 1897 875 Serv.
1911 849 1994 884 salpi.

411 887 446 915 tio
460 889 524 925 Raso
538 898 608 917 anno
625 896 730 916 mccii.
751 889 796 915 Ne
809 889 836 915 in
849 889 1049 924 magistratuum
1064 887 1169 914 cominu
1183 886 1332 915 absentium
1342 888 1410 915 ratio
1422 886 1571 915 haberetur.
1589 891 1722 914 Suetonius
1735 887 1762 914 in
1775 886 1884 916 Caesare.
1904 887 1992 916 Plures

413 925 481 954 infra
490 946 497 957 ,
517 926 561 953 ubi
576 927 607 953 de
619 923 804 963 magistratibus
818 926 960 953 dicendum
972 933 1037 956 erit,
1057 925 1223 952 habebimus.

452 966 604 1000 Sequuntur
618 964 687 1001 leges
700 961 870 1001 deficffiagiis
885 983 892 994 ‚
912 973 970 1000 quae
982 963 1098 999 duplices
1114 962 1181 990 sunt.
1218 962 1283 990 Aliae
1296 964 1369 990 enim
1383 964 1414 988 de
1422 959 1553 1000 ficffragiix
1567 982 1574 992 .
1597 971 1641 997 per
1653 960 1772 989 tabellam
1785 961 1899 992 ferendis
1913 983 1920 995 ,
1941 973 1991 999 qua

412 1002 447 1030 de
460 1001 533 1030 causa
547 1001 682 1030 tabellaria
696 1002 834 1033 dicuntur,
854 1000 912 1029 latae
922 1001 992 1029 lunt:
1013 1000 1068 1028 aliae
1080 999 1136 1028 aliis
1149 999 1305 1038 quibusdam
1311 998 1482 1038 jusfiffngti
1494 1001 1590 1036 serendi
1604 1009 1739 1037 rogarunt.
1781 1001 1876 1028 Prioris
1889 1001 1994 1037 generis

412 1040 520 1069 fuerunt
534 1060 541 1070 ,
561 1040 669 1069 Gabinia
681 1061 690 1073 ,
710 1038 793 1075 Cnffia
807 1059 814 1071 ,
834 1038 940 1074 Papiria
952 1060 961 1072 ,
982 1038 1075 1072 caelia,
1096 1039 1184 1066 Maria
1196 1050 1204 1065 :
1224 1038 1330 1067 alterius
1343 1045 1434 1065 autem
1446 1038 1560 1071 Valeria,
1580 1038 1706 1068 Mamlm,
1725 1038 1886 1073 Sempronia,
1904 1037 1994 1077 Fufia,

412 1082 532 1107 Antonm.

1093 1115 1232 1150 Gabinia
1256 1116 1318 1152 lex.

453 1180 578 1207 Primum
591 1187 638 1216 per
653 1177 753 1209 multos
765 1187 849 1206 annos
862 1178 981 1205 Romani
999 1175 1151 1216 fhffiagium
1164 1187 1220 1204 voce
1233 1176 1350 1204 tulerunt
1363 1187 1368 1203 z
1390 1176 1482 1203 Postea
1496 1185 1560 1204 vero
1573 1198 1580 1207 ,
1601 1182 1631 1204 ut
1645 1176 1754 1214 quisque
1772 1175 1878 1204 liberius
1892 1175 1996 1205 senten-²

413 1217 481 1245 tiam
495 1217 568 1245 suam
584 1216 703 1253 proferre
716 1217 800 1253 posset
812 1238 820 1249 ,
843 1216 939 1254 absque
952 1223 1026 1244 metu
1040 1215 1170 1253 periculi,
1191 1216 1305 1244 inventae
1321 1213 1413 1243 tabella
1427 1213 1486 1242 sunt
1501 1235 1507 1245 ‚
1528 1213 1622 1251 quibus
1635 1214 1755 1251 suffragia
1769 1214 1870 1243 ferrent
1884 1225 1893 1242 ε
1913 1216 1993 1253 idque

412 1254 514 1292 aliquot
527 1255 628 1292 legibus
641 1255 690 1282 fiiit
704 1255 888 1283 constitutum.
1567 1289 1570 1292 ψ
1631 1288 1634 1292 Ι

452 1294 542 1321 Prima
557 1294 606 1321 fuit
620 1292 729 1322 Gabinia
741 1315 750 1326 ,
771 1303 852 1331 quam
866 1293 928 1323 tulit
941 1297 973 1321 A.
990 1292 1113 1321 Gabinius
1124 1291 1242 1319 tribunus
1255 1291 1339 1329 plebis
1352 1313 1360 1325 ,
1380 1295 1428 1319 Cn.
1450 1290 1584 1325 Calpurmo
1601 1290 1686 1324 Prfine
1700 1309 1706 1319 .
1726 1294 1767 1317 M.
1781 1290 1883 1325 Popillio
1896 1296 1995 1319 Lanate

415 1331 487 1359 Coss.
500 1341 572 1360 anno
590 1340 701 1360 mcxxv.
721 1334 759 1360 Ut
772 1331 894 1366 comitiis,
914 1332 1008 1369 quibus
1022 1332 1188 1369 magistratus
1201 1339 1366 1362 crearentur,
1386 1329 1500 1368 populus
1513 1339 1561 1356 non
1573 1337 1642 1360 voce,
1662 1327 1705 1356 sed
1715 1337 1761 1363 per
1775 1328 1893 1356 tabellam
1906 1329 1995 1357 suffra·

414 1371 492 1407 gium
507 1369 596 1398 ferret.
617 1371 651 1398 Et
664 1379 718 1407 quo
734 1371 760 1398 id
772 1370 879 1398 liberius
893 1372 971 1402 estet,
993 1378 1101 1398 cautum
1116 1371 1166 1401 est,
1190 1371 1233 1397 Ne
1247 1371 1305 1407 quis
1318 1369 1458 1405 inspiceret
1472 1368 1595 1396 tabellam
1610 1387 1617 1398 ,
1638 1376 1673 1393 ne
1686 1375 1792 1404 rogaret
1806 1388 1813 1399 ‚
1833 1377 1866 1394 ne
1881 1367 1995 1404 appella-

414 1415 469 1440 ret,
489 1410 516 1436 δε
529 1410 566 1436 ita
580 1408 612 1436 ab
626 1409 703 1436 omni
717 1415 792 1444 parte
804 1408 918 1437 liberum
929 1409 1061 1445 judicium
1076 1407 1152 1436 suum
1167 1409 1194 1435 in
1207 1408 1401 1446 magistratibus
1415 1406 1533 1434 creandis
1546 1405 1660 1443 populus
1673 1404 1789 1435 haberet.
1810 1405 1897 1434 Cicero
1914 1405 1959 1434 lib.
1967 1415 1995 1442 3.

413 1446 447 1474 de
459 1446 589 1484 Legibus,
610 1447 643 1475 de
659 1447 800 1476 Amicitia,
820 1448 888 1476 item
899 1456 952 1484 pro
966 1446 1085 1475 Plancio.

1113 1498 1213 1544 Caffia
1237 1499 1297 1531 lex.

423 1584 425 1586 ,
438 1573 444 1584 ι
455 1561 550 1587 Secuta
566 1558 634 1586 hanc
647 1559 683 1586 est
696 1558 779 1594 Caffia
791 1579 801 1590 ‚
823 1567 880 1595 quae
895 1560 976 1587 etiam
991 1559 1112 1598 suffragia
1125 1558 1206 1586 libera
1224 1558 1275 1586 elle
1290 1557 1374 1586 voluit
1385 1578 1394 1590 ,
1416 1567 1471 1585 non
1484 1557 1607 1593 judicum
1629 1564 1733 1585 tantum
1753 1559 1780 1585 in
1794 1557 1899 1593 judiciis
1912 1578 1921 1589 ,
1949 1557 1993 1586 sed

411 1597 498 1624 etiam
513 1596 604 1633 populi
623 1597 650 1624 in
663 1596 784 1624 comitiis:
804 1606 898 1624 verum
918 1597 944 1624 in
958 1597 1062 1625 tributis
1077 1605 1181 1626 tantum
1191 1617 1197 1628 ‚
1218 1597 1312 1633 quibus
1327 1598 1359 1624 de
1374 1596 1481 1622 mulffis
1494 1595 1666 1630 judicaretur.
1693 1599 1776 1621 Cacero
1791 1597 1818 1622 in
1833 1594 1929 1626 Laelio,
1949 1596 1996 1623 ubi

415 1634 482 1663 hanc
492 1635 581 1672 legem
595 1635 703 1664 biennio
715 1636 773 1671 post
783 1634 926 1663 Gabiniam
940 1634 1021 1664 latam
1034 1635 1134 1665 scribit:
1152 1635 1220 1663 item
1234 1635 1262 1661 in
1270 1635 1368 1663 Bruto,
1389 1634 1434 1662 lib.
1443 1644 1466 1671 3.
1480 1633 1513 1660 de
1521 1631 1651 1668 Legibus,
1675 1636 1701 1659 A
1697 1633 1792 1669 fionius
1804 1634 1830 1661 in
1839 1633 1994 1662 Corneliam

414 1675 442 1702 δε
456 1674 597 1702 Verrinam
613 1683 638 1700 2.

1091 1713 1219 1763 Papiria
1245 1711 1306 1745 lex.

455 1772 534 1801 Idem
546 1774 575 1802 in
590 1772 691 1811 legibus
705 1773 857 1803 faciendum
870 1774 922 1802 effe
931 1795 938 1807 ,
959 1772 1062 1809 Papiria
1075 1773 1150 1801 suasit
1162 1794 1171 1805 ‚
1192 1782 1273 1810 quam
1287 1772 1348 1801 tulit
1361 1776 1391 1799 C.
1403 1770 1519 1805 Papirius
1532 1770 1614 1797 Carbo
1626 1770 1742 1798 tribunus
1753 1770 1852 1807 plebis,
1874 1772 1904 1799 Ρ.
1919 1772 1998 1806 Popil-

415 1810 450 1839 lio
467 1815 566 1840 Lanate
579 1833 588 1845 ,
610 1813 640 1838 P.
654 1811 751 1847 Rupilio
766 1812 839 1841 Coss.
859 1822 930 1840 anno
947 1820 1054 1841 mcxxi.
1074 1811 1154 1840 Utin
1172 1810 1296 1847 jubendis
1314 1810 1432 1848 legibus,
1453 1816 1498 1837 aut
1508 1809 1628 1837 vetandis
1642 1828 1650 1840 ,
1669 1808 1783 1846 populus
1797 1808 1890 1837 tabella
1902 1809 1994 1839 suffra-

417 1850 493 1888 gium
510 1850 598 1880 ferret.
621 1852 705 1879 Cicero
716 1850 763 1878 lib.
774 1862 798 1889 3.
814 1851 847 1878 de
862 1850 989 1888 Legibus.

1120 1902 1217 1937 Caelia
1242 1901 1301 1936 lex.

457 1969 535 1995 Hanc
548 1965 688 1994 consecuta
701 1966 737 1993 est
750 1962 832 1993 Caelia
849 1984 857 1995 ‚
877 1973 958 2003 quam
974 1963 1034 1992 tulit
1048 1961 1142 1991 Caelius
1155 1961 1273 1990 tribunus
1286 1962 1393 2005 plebis.
1403 1960 1532 2001 Qcaelio
1545 1960 1646 1988 Metello
1658 1961 1789 1989 Balearica
1802 1982 1809 1994 ,
1829 1966 1860 1990 T.
1874 1964 1996 2002 Quind‘iia
2021 1965 2025 1968 ”

418 2004 543 2032 ¹Flaminio
553 2025 561 2037 ‚
584 2003 655 2032 Coss.
670 2013 741 2032 anno
758 2011 883 2032 mcxxxv.
922 2004 960 2030 Ut
975 2003 1058 2030 etiam
1073 2003 1101 2029 in
1112 2001 1299 2037 perduellionis
1312 2001 1413 2038 judicio
1427 2021 1434 2032 ‚
1456 2001 1527 2038 quod
1542 2000 1627 2028 Cassia
1639 2000 1690 2038 lege
1703 1999 1837 2028 tabellaria
1850 2010 1994 2040 exceptum

419 2049 491 2074 erat,
510 2042 621 2080 populus
636 2052 691 2072 non
706 2051 787 2075 voce,
807 2041 850 2070 sed
864 2040 958 2070 tabella
970 2040 1129 2069 sententiam
1145 2038 1237 2067 ferret.
1257 2039 1340 2067 Cicero
1353 2038 1423 2067 libro
1437 2040 1518 2068 tertio
1534 2038 1567 2066 de
1579 2039 1704 2075 Legibus.

1069 2105 1246 2152 Sempronia
1271 2104 1334 2136 lex.

446 2183 448 2185 v
460 2167 523 2193 Huc
536 2167 616 2194 etiam
629 2166 772 2202 Sempronia
785 2167 902 2207 pertinet
913 2186 922 2198 ‚
943 2174 1024 2202 quam
1039 2165 1099 2194 tulit
1116 2165 1214 2206 eodem
1228 2175 1299 2193 anno
1316 2169 1347 2193 C.
1362 2163 1520 2200 Sempronius
1536 2164 1666 2193 Gracchus.
1698 2166 1737 2194 Ut
1751 2174 1783 2195 ex
1795 2165 1908 2197 confufis
1920 2169 1995 2206 quin.

423 2212 474 2241 que
489 2202 606 2232 classibus
620 2203 688 2233 sorte
701 2214 815 2234 centurm
827 2212 1010 2234 evocarentur.
1036 2202 1166 2242 Sallusttus
1179 2205 1207 2232 in
1220 2205 1342 2232 oratione
1353 2204 1385 2232 ad
1397 2203 1536 2231 Caefiarem.

1100 2267 1219 2300 Maria
1243 2265 1305 2299 lex.

458 2325 494 2354 Et
506 2322 594 2353 Maria
607 2345 614 2356 ‚
635 2333 716 2361 quam
730 2325 791 2354 tulit
809 2331 839 2355 C.
860 2328 961 2355 Marius
981 2326 1096 2356 tribunus
1115 2327 1197 2366 plebis
1211 2348 1218 2360 ,
1245 2332 1277 2356 L.
1297 2326 1389 2355 Catilio
1407 2326 1510 2355 Metello
1530 2327 1612 2355 Calvo
1625 2348 1632 2359 ‚
1657 2331 1690 2354 L.
1709 2326 1811 2355 Aurelio
1827 2330 1903 2354 Cotta
1924 2327 1996 2357 Coss.
2027 2349 2029 2352 ι

418 2371 489 2397 §nno
508 2371 652 2392 mcxxxiv.
676 2365 714 2391 Ut
724 2371 833 2400 pontes,
854 2374 901 2402 per
914 2375 980 2403 quos
994 2365 1115 2405 suffragia
1132 2368 1160 2396 in
1182 2366 1301 2396 comitiis
1315 2366 1484 2400 ferebantur,
1504 2366 1666 2402 angustiores
1680 2365 1787 2397 fierent,
1807 2374 1842 2393 ne
1854 2365 1910 2402 quis
1925 2365 1994 2408 ³¹¹in

1946 2407 1994 2434 mli
