2075 2734
399 82 456 117 464
700 73 1698 107 Aur1QuiriruuRonininuuL1n.v1.

398 134 512 166 poterat.
553 127 617 154 Erat
638 127 710 154 enim
730 124 863 164 interregis
876 123 1009 161 imperium
1026 124 1138 165 quinque
1151 133 1257 153 tantum
1272 123 1371 152 dierum
1382 146 1390 157 ,
1418 131 1525 161 poterat
1544 132 1634 153 autem
1657 126 1784 155 secundus
1805 127 1926 157 Interrex
1939 139 1976 157 ce.

395 166 470 194 mnia
490 163 586 192 habere
595 186 602 196 ,
621 173 651 193 ut
671 164 749 201 paulo
763 172 824 192 ante
840 164 1012 192 ostendimus.
1053 165 1095 191 Sic
1108 164 1191 192 etiam
1204 162 1380 200 superioribus
1393 162 1575 200 temporibus,
1595 162 1688 200 quibus
1702 164 1829 193 Consules
1842 164 1917 194 bellis
1931 178 1977 196 ur-

398 202 524 241 gentibus
536 204 563 230 in
578 201 653 230 Urbe
667 203 717 230 esle
731 212 786 230 non
799 209 923 239 poterant
932 222 939 234 ‚
960 201 1026 239 saepe
1039 201 1190 234 accidebat,
1211 209 1240 229 ut
1253 203 1281 228 in
1296 202 1367 229 exitu
1381 210 1463 229 annus
1480 210 1564 238 prope
1578 202 1654 233 esset,
1665 203 1780 230 necdum
1788 204 1977 233 tamensubro·

394 244 449 278 gati
462 241 545 269 effent
560 242 736 277 magistratus
764 241 804 267 Eo
818 241 900 276 igitur
915 248 1039 276 tempore
1052 241 1188 268 interdum
1203 240 1350 275 reperimus
1362 248 1473 276 propter
1487 240 1668 267 neceffitaoem
1681 238 1909 278 subrogandorum
1921 254 1976 271 mn-

387 278 545 316 gistratuum
557 299 564 310 ‚
589 280 678 315 paucis
698 280 756 315 post
772 279 890 306 edietum
911 277 1002 306 diebus
1015 299 1022 311 ‚
1050 277 1137 307 habita
1154 278 1229 305 fuiffe
1244 276 1354 305 comitia.
1393 278 1473 305 Unde
1494 283 1523 305 T.
1545 276 1635 305 Livius
1649 276 1695 305 lib.
1707 288 1750 313 24.
1771 278 1860 308 scribit
1877 283 1913 318 Q.
1926 285 1977 308 Fa-

395 317 465 345 hrum
478 338 485 348 ,
513 318 539 343 in
561 326 622 344 eum
640 327 721 354 quem
742 318 861 353 primum
876 317 1043 344 comitialem
1060 317 1134 345 diem
1151 315 1289 348 habuerit,
1315 313 1415 343 comitia
1431 316 1546 344 edixiffe.
1568 314 1662 352 quibus
1674 314 1761 344 verbis
1775 316 1834 345 {atis
1847 318 1976 351 ostendit,

394 357 453 392 post
466 355 584 381 edietum
600 364 656 382 non
669 355 743 382 fuisse
756 354 928 390 interjectum
942 356 1138 384 trinundinum.
1181 356 1278 391 Neque
1291 353 1366 382 enim
1379 361 1422 382 tot
1434 355 1489 382 dies
1502 353 1637 384 continui,
1657 361 1723 390 quot
1736 353 1794 382 sunt
1808 355 1834 381 in
1849 356 1978 384 trinundi-

396 403 448 424 no,
468 393 519 419 effe
539 400 678 428 poterant,
697 393 761 430 quin
782 393 864 428 aliqui
880 402 912 420 ex
926 394 958 420 iis
972 394 1053 421 eflent
1067 392 1212 420 comitiales.
1251 393 1287 420 At
1299 390 1466 428 temporibus
1477 393 1547 420 aetati
1562 391 1686 419 Ciceronis
1701 393 1834 428 proximis
1849 393 1978 422 Consules

394 438 485 459 totum
505 430 560 461 fere
579 441 680 458 annum
699 432 738 458 sui
758 430 915 458 Consulatus
935 430 1049 469 agebant
1069 433 1096 459 in
1116 430 1204 463 Urbe,
1225 440 1274 458 nec
1294 431 1325 458 ad
1339 430 1485 462 exercitus,
1505 438 1549 458 aut
1562 429 1590 456 in
1604 430 1768 466 provincias,
1788 431 1835 458 nifi
1848 431 1880 458 ad
1894 431 1978 459 finem

392 470 456 496 anni
471 467 715 505 proficiscebantur.
755 470 834 496 Unde
857 467 937 498 fiebat
948 490 955 501 ,
980 478 1011 498 ut
1028 470 1153 506 legitimo
1172 477 1297 505 tempore
1315 466 1416 495 comitia
1429 467 1620 506 magistratuum
1634 469 1817 496 edicerentur:
1845 471 1871 497 ὃ(
1884 470 1932 497 nifi
1945 470 1979 498 ad

397 508 472 534 diem
488 507 576 534 edieto
590 508 766 544 praestitutum
780 506 939 535 haberentur
951 529 958 540 ‚
983 508 1010 535 id
1024 519 1057 536 eo
1071 506 1207 536 accidebat
1221 508 1293 545 quod
1307 507 1363 534 dies
1377 505 1561 534 diffinderetur
1573 506 1615 535 vel
1629 506 1748 543 auspiciis
1757 527 1764 539 ,
1785 506 1828 535 vel
1841 508 1977 544 magistra-

394 552 473 573 tuum
488 544 727 574 intercessionibus.

437 584 519 621 Qod
538 583 557 610 fi
576 593 641 611 vero
661 583 775 618 Confides
790 581 907 612 abess‘ent
917 604 923 614 ‚
950 590 1009 611 tum
1023 583 1141 611 edidium
1157 582 1221 611 illud
1235 582 1390 610 comitiorum
1405 592 1436 610 ex
1448 583 1544 611 itinere
1557 581 1755 618 praemittebant
1768 604 1775 615 ‚
1800 589 1831 611 ut
1845 584 1977 612 trinundi.

386 630 433 649 ‘no
446 630 508 650 ante
521 629 731 658 proponeretur,
752 622 793 649 vel
806 622 901 658 putori
915 620 1064 649 scribebant
1078 642 1085 653 ‚
1106 627 1135 648 ut
1149 622 1170 649 is
1183 631 1278 650 eorum
1293 622 1405 649 nomine
1418 620 1518 648 comitia
1532 621 1660 648 indiceret
1673 642 1682 653 ,
1705 622 1770 649 teste
1786 619 1858 648 Liwo
1874 620 1921 651 lib.
1933 632 1976 650 22.

396 661 485 697 Atque
502 659 558 688 hoec
577 661 686 697 quidem
706 660 732 687 in
751 669 850 697 genere
862 680 870 692 ,
896 660 932 687 de
952 658 1079 688 omnibus
1093 659 1198 686 comitiis
1210 658 1357 687 centuriatis
1367 660 1497 696 legitimis
1511 661 1538 687 ὃς
1551 657 1712 696 regularibus
1725 658 1895 696 intelligenda
1908 659 1977 688 sunt.

396 698 506 763 Praeters
512 708 544 726 ea
558 704 664 731 autcm3
684 698 784 726 comm'a
797 699 895 737 legum,
918 700 945 726 δε
958 698 1123 734 judiciorum
1137 697 1277 734 peculiaria
1291 699 1372 726 etiam
1388 699 1509 735 quaedam
1525 696 1669 728 habebant,
1688 705 1745 734 quae
1757 697 1840 725 etiam
1855 697 1975 726 confide-

392 737 475 764 randa
500 744 556 764 unt.
1898 742 1901 745 ·

436 776 507 803 Ante
522 773 623 802 comitia
642 774 725 811 legum
745 775 789 803 hic
809 774 906 802 modus
923 774 1063 803 servandus
1078 781 1135 802 erat
1149 795 1155 805 ,
1181 781 1210 802 ut
1225 775 1344 810 primum
1358 772 1481 812 legislator
1493 773 1654 801 concionem
1668 771 1777 800 haberet
1788 792 1795 804 ,
1821 771 1848 800 in
1862 781 1912 810 qua
1926 783 1975 811 po-

395 812 459 849 pulo
475 813 654 841 neceffitatem
670 815 697 841 &
711 814 853 842 utilitatem
868 813 933 850 legis
946 813 1125 849 proponendae
1139 813 1289 854 ostenderet
1304 834 1310 844 ‚
1335 812 1433 840 deinde
1449 813 1530 840 etiam
1544 813 1668 839 recitaret
1681 831 1688 842 ‚
1715 820 1745 838 ac
1759 809 1863 846 publice
1876 820 1975 848 propo-

394 857 484 883 neret,
502 859 535 880 ut
553 852 654 887 populo
673 852 786 886 potestas
806 852 895 884 fieret,
916 860 974 878 eam
995 850 1287 887 cognoscendi-otiole:
1309 853 1336 879 ὃς
1356 858 1385 878 ut
1402 851 1464 879 inde
1483 851 1575 878 liceret
1593 848 1704 878 librariis
1718 848 1878 880 describere,
1898 850 1917 876 fi
1930 849 1976 886 qui

394 888 495 917 vellent
513 889 602 926 legem
622 889 691 925 apud
710 888 736 916 se
754 889 858 917 habere.
900 889 1033 926 Cognosci
1054 888 1105 916 hoc
1124 898 1156 916 cx
1176 887 1287 926 Dionysii
1299 887 1344 916 lib.
1361 899 1402 916 10.
1416 890 1514 924 potest,
1536 889 1581 925 qui
1595 888 1630 915 [ις
1643 885 1745 915 scribit:
1765 885 1879 914 Tribuni
1893 887 1976 923 plebis

395 927 524 955 advocata
538 928 670 955 concione
685 926 879 962 pollicebantur
894 926 965 962 plebi
980 927 1004 954 se
1019 927 1108 964 legem
1123 927 1221 955 laturos
1236 928 1269 954 de
1284 927 1314 954 iis
1329 925 1405 954 rebus
1420 947 1426 957 ‚
1447 935 1510 962 quas
1524 924 1678 961 postulabat.
1719 925 1810 961 Qam
1824 925 1976 954 orationem

394 965 535 1002 postquam
549 964 623 1001 plebs
636 964 811 997 collaudavit,
831 963 930 992 sublata
943 966 1020 992 omni
1035 974 1112 992 mora
1123 985 1130 997 ‚
1149 965 1252 1001 legem,
1273 974 1354 1001 quam
1368 971 1488 1000 paratam
1501 962 1648 995 habebant,
1669 964 1823 991 recitarunt.
1862 964 1902 990 Ac
1913 973 1977 1000 pro-

393 1003 479 1038 posita
498 1013 527 1031 ea
546 1005 603 1041 lege
617 1024 623 1035 ‚
643 1004 736 1032 datum
756 1003 792 1029 est
809 1001 1099 1036 trinundinispatium‚
1119 1011 1173 1039 quo
1193 1003 1267 1030 tieret
1287 1003 1400 1040 potestas
1415 1001 1480 1038 legis
1498 1000 1682 1037 improbandae
1701 999 1842 1032 omnibus,
1863 1002 1908 1038 qui
1922 1002 1975 1030 vel.

395 1040 467 1072 lent,
487 1043 539 1069 &c-
564 1044 628 1069 Haec
640 1041 694 1070 illc.
726 1042 794 1077 Qae
808 1040 889 1068 etiam
910 1040 944 1067 de
962 1039 1054 1078 legibus
1069 1039 1272 1068 decemviralibus
1291 1039 1381 1068 scribit
1401 1038 1493 1066 Livius
1506 1038 1576 1066 libro
1596 1049 1619 1076 3.
1645 1039 1704 1065 Post
1717 1038 1784 1066 hanc
1798 1038 1862 1075 legis
1875 1048 1975 1076 propo-

398 1078 538 1111 sitionem,
558 1080 714 1107 trinundino
732 1077 928 1114 promulganda
949 1086 1018 1110 erat,
1037 1079 1063 1106 id
1080 1079 1132 1111 est,
1154 1077 1236 1107 tribus
1256 1079 1435 1107 nundinarum
1457 1076 1549 1104 diebus
1569 1077 1696 1104 advocata
1717 1077 1849 1103 concione
1863 1078 1976 1105 recitan-

395 1116 446 1150 da,
466 1120 493 1146 ὃ(
512 1119 545 1145 de
564 1117 671 1154 fingulis
691 1115 819 1152 capitibus
840 1115 953 1151 populus
972 1116 1121 1144 docendus:
1141 1117 1273 1154 rogandus
1285 1117 1369 1145 etiam
1381 1124 1410 1143 ut
1424 1115 1515 1152 legem
1527 1116 1647 1151 accipere
1660 1113 1756 1145 vellet,
1775 1122 1858 1151 utque
1871 1116 1978 1150 prodita

395 1154 440 1182 die
452 1175 459 1186 ,
484 1165 536 1192 qua
549 1155 650 1182 comm'a
663 1153 822 1182 haberentur
835 1154 900 1190 legis
914 1153 1027 1181 ferendae
1041 1175 1047 1186 ,
1076 1155 1108 1181 ad
1121 1154 1193 1182 illam
1208 1155 1281 1182 diem
1296 1154 1421 1191 frequens
1435 1153 1547 1181 adesset:
1570 1154 1639 1180 inter
1652 1161 1732 1189 quos,
1753 1152 1798 1188 qui
1812 1154 1915 1188 primus
1927 1162 1976 1189 po-

395 1193 462 1228 pulo
476 1193 600 1230 utlegem
609 1194 742 1229 acciperet
757 1191 880 1220 suadebat
895 1192 905 1226 (
913 1191 1032 1219 solebant
1046 1193 1119 1220 enim
1134 1191 1180 1219 fibi
1194 1192 1290 1220 latores
1303 1193 1390 1219 virum
1407 1191 1521 1227 aliquem
1530 1190 1697 1226 ⁸praecipuum
1706 1210 1713 1221 ,
1735 1189 1896 1217 authoritate
1911 1200 1976 1226 prae-

395 1230 484 1258 ditum
503 1231 659 1263 conciliare,
682 1234 708 1259 &
726 1231 885 1268 adjungere,
906 1231 951 1266 qui
970 1230 1059 1267 legem
1073 1230 1174 1267 populo
1187 1229 1325 1264 suaderet)
1340 1230 1360 1256 is
1374 1229 1463 1255 author
1474 1227 1533 1264 legis
1547 1227 1670 1263 appellari
1685 1225 1794 1254 solebat.
1834 1228 1893 1254 Post
1907 1229 1978 1256 hunc

394 1268 537 1296 authorem
552 1269 595 1297 alii
609 1269 690 1297 etiam
705 1277 896 1305 nonnunquam
912 1269 1008 1304 privati
1022 1270 1081 1296 data
1093 1268 1106 1296 a
1120 1266 1315 1305 magistratibus
1330 1267 1474 1297 concione,
1494 1275 1555 1293 eam
1569 1264 1720 1293 suadebant.
1759 1262 1879 1293 Dabatur
1893 1267 1977 1293 etiam

395 1307 511 1342 potestas
523 1308 686 1335 dissuadendi
700 1307 789 1344 legem
802 1308 954 1344 quicunque
968 1306 1052 1335 vellet.
1086 1307 1121 1335 Et
1135 1316 1166 1334 ex
1179 1305 1301 1333 therom's
1318 1306 1440 1334 oratione
1459 1304 1518 1340 post
1531 1304 1648 1331 reditum
1670 1303 1697 1330 in
1712 1302 1801 1330 senatu
1822 1303 1974 1341 colligitur,

394 1353 534 1382 rogatores
554 1345 646 1382 legum
666 1347 754 1382 prima
774 1346 953 1372 nundinarum
973 1345 1016 1372 die
1029 1366 1035 1375 ‚
1055 1345 1114 1381 post
1133 1345 1272 1372 recitatam
1293 1345 1320 1372 δε
1339 1343 1496 1379 explicatam
1517 1341 1625 1379 legem,
1647 1340 1748 1378 populo
1766 1341 1864 1378 gratias
1881 1342 1974 1379 egisse,

395 1384 469 1419 quod
489 1384 647 1415 advenisset,
670 1388 695 1412 ἃ
716 1383 793 1410 simul
812 1382 926 1419 rogasse,
944 1390 974 1411 ut
992 1383 1048 1418 pari
1067 1383 1152 1410 studio
1171 1382 1328 1410 conveniret
1347 1381 1453 1417 reliquis
1472 1378 1576 1411 diebus,
1597 1389 1659 1408 cum
1681 1379 1723 1407 lex
1737 1379 1830 1407 cadem
1844 1380 1930 1407 rursus
1943 1380 1977 1408 ad

395 1421 526 1458 populum
548 1421 687 1450 referenda
699 1421 764 1449 efflet
776 1432 780 1448 z
809 1420 916 1448 solitum
931 1421 1012 1448 etiam
1026 1420 1102 1448 fuisse
1113 1421 1243 1456 populum
1257 1418 1477 1457 significationem
1488 1418 1550 1446 dare
1563 1416 1779 1445 acclamatiombus
1791 1437 1800 1449 ,
1825 1417 1915 1455 legem
1931 1417 1978 1446 fibi

397 1467 536 1496 acceptam
551 1459 616 1491 este,
636 1468 681 1487 aut
696 1469 751 1487 non
765 1458 830 1490 esse,
851 1466 994 1495 antequam
1009 1459 1065 1486 dies
1078 1458 1194 1495 suffragii
1208 1459 1319 1486 veniret.
1393 1491 1397 1496 ⁸
1416 1492 1419 1496 .

438 1498 682 1534 Qemadmodum
700 1504 790 1524 autem
812 1497 838 1523 in
854 1496 944 1532 legum
958 1517 965 1528 ‚
990 1497 1025 1523 fic
1040 1497 1121 1524 etiam
1134 1497 1162 1523 in
1168 1495 1322 1531 judictorum
1335 1494 1440 1520 comitti,-
1455 1491 1642 1521 observabatur
1654 1514 1662 1525 ,
1689 1500 1718 1522 ut
1732 1493 1888 1520 trinundino
1899 1502 1975 1522 accu-

397 1535 464 1564 finio
482 1534 719 1572 promulgaretur.'
746 1536 834 1562 Docet
848 1533 899 1561 hoc
911 1532 992 1560 Cicero
1006 1535 1033 1562 in
1046 1535 1167 1561 oratione
1181 1543 1230 1570 pro
1241 1533 1367 1566 domofica
1380 1532 1499 1568 inquiens
1513 1542 1519 1558 t
1547 1531 1686 1559 Moderata
1699 1530 1790 1567 populi
1803 1531 1902 1566 judicia
1915 1531 1975 1561 sunt

396 1574 411 1602 ὲ
431 1571 579 1610 maJoribus
598 1573 757 1600 constituta:
778 1573 913 1608 primum,
935 1579 964 1599 ut
983 1581 1017 1599 ne
1036 1581 1115 1607 poena
1133 1572 1225 1608 capitis
1244 1580 1306 1599 cum
1325 1571 1438 1606 pecunia
1456 1569 1646 1606 conjungatur:
1666 1570 1778 1599 deinde,
1798 1577 1832 1594 ne
1851 1568 1897 1595 nisi
1909 1578 1976 1604 prae-

395 1611 468 1640 dieta
486 1611 530 1639 die
547 1612 606 1648 quis
624 1609 775 1638 accusetur:
795 1617 825 1638 ut
844 1616 884 1636 ter
903 1616 964 1636 ante
985 1610 1152 1647 magistratus
1170 1609 1292 1640 accuset,
1312 1607 1457 1637 intermissa
1476 1608 1532 1638 die,
1555 1616 1636 1643 quam
1656 1606 1770 1635 multam
1790 1606 1911 1642 irroget,
1932 1614 1978 1636 aut

397 1650 500 1688 judicet
513 1660 518 1676 :
545 1657 638 1685 quarta
651 1648 681 1675 fit
694 1647 828 1676 accusatio
841 1648 1028 1679 trinundinum
1043 1649 1148 1684 prodita
1165 1648 1208 1675 die
1221 1668 1228 1679 ‚
1248 1655 1299 1684 qua
1311 1646 1442 1682 judicium
1458 1644 1577 1673 futurum
1590 1644 1629 1672 fit.
1661 1647 1725 1673 Haec
1739 1643 1790 1671 ille.
1822 1642 1920 1672 Tribus
1931 1654 1976 1672 au-

396 1696 454 1717 tem
469 1685 753 1752 nundinarumbdiebus
765 1693 827 1714 ante
839 1684 938 1713 comitia
951 1685 1081 1715 accusatio
1093 1685 1263 1723 repetebatur
1275 1684 1308 1713 ad
1321 1683 1461 1721 populum.
1493 1684 1581 1720 Atque
1595 1682 1650 1711 haec
1664 1682 1774 1721 quidem
1787 1689 1847 1709 ante
1861 1682 1928 1711 dlem
1941 1691 1976 1718 cof

396 1724 526 1755 mitiorum
537 1724 647 1756 observa
666 1732 752 1754 antur.

1070 1779 1094 1806 C
1114 1789 1131 1807 A
1151 1790 1175 1808 r.
1213 1780 1306 1809 XIV.

696 1842 750 1876 De
763 1842 804 1876 iis
821 1852 881 1890 quae.
897 1841 929 1875 in
944 1839 1014 1889 ipfis
1027 1839 1179 1880 comitiis,
1206 1843 1253 1872 (ν’
1266 1835 1366 1885 postea
1380 1835 1531 1884 obfirvari
1541 1836 1682 1883 fidebant.

470 1921 566 1950 iximus
586 1920 746 1958 praecedenti
768 1921 854 1957 capite
868 1940 875 1952 ‚
902 1920 967 1960 quid
981 1926 1010 1948 ut
1023 1918 1090 1955 justa
1104 1917 1186 1946 effent
1199 1937 1207 1949 ‚
1232 1925 1293 1945 ante
1306 1915 1462 1945 comitiorum
1477 1917 1550 1944 diem
1564 1916 1621 1945 fieri
1635 1916 1802 1954 oportuerit:
1829 1914 1979 1944 confiderass

487 1960 577 1987 bimus
590 1969 661 1987 nunc
675 1980 682 1991 ,
709 1968 766 1996 quae
778 1958 824 1994 1*pr
836 1959 993 1985 caminorum
1005 1958 1048 1985 die
1059 1976 1068 1987 ,
1095 1957 1215 1993 adeoque
1224 1955 1286 1991 ipfis
1300 1956 1417 1984 comitiis
1429 1955 1561 1983 observari
1573 1955 1696 1984 solerent.
1737 1955 1858 1982 Primum
1873 1974 1881 1986 ‚
1906 1954 1978 1994 nulla

397 1999 499 2025 comitia
524 1997 668 2025 centuriam
694 1997 753 2033 jure
780 1997 837 2024 fieri
855 2003 980 2033 poterant
995 2016 1002 2027 ‚
1026 1995 1074 2023 nifi
1091 1994 1196 2029 captatis
1215 2002 1276 2022 ante
1294 1992 1414 2029 auspiciiae.
1455 1993 1623 2022 Pertinebant
1642 2001 1733 2022 autem
1750 1993 1783 2020 ad
1803 1991 1857 2019 haec
1876 1995 1979 2019 comnia

397 2035 452 2062 duo
471 2036 648 2072 auspiciorum
669 2044 781 2073 genera,
799 2034 933 2070 observatio
952 2035 984 2061 de
1002 2033 1058 2061 coelo
1072 2054 1081 2066 ,
1102 2035 1129 2061 δε
1147 2031 1237 2059 avium
1254 2030 1377 2067 inspedlio.
1417 2032 1449 2059 Ei
1468 2031 1549 2068 igitur
1566 2033 1612 2069 qui
1630 2030 1730 2059 comnia
1749 2030 1883 2059 habiturus
1904 2037 1977 2062 erat,

398 2074 545 2108 parendum
565 2082 621 2102 erat
641 2073 847 2101 obnuntiationi.
885 2073 911 2100 Si
931 2072 1005 2100 enim
1025 2072 1084 2109 quis
1101 2070 1286 2101 obnuntiaret,
1304 2069 1330 2098 se
1350 2071 1384 2098 de
1403 2069 1474 2099 coelo
1490 2069 1612 2102 servasse,
1632 2077 1692 2099 tum
1704 2067 1803 2097 camina
1815 2069 1907 2105 peragi
1921 2077 1976 2096 non

398 2117 530 2146 poterant.
572 2114 638 2139 Non
658 2120 747 2140 autem
769 2120 865 2138 omnes
884 2111 1064 2148 magistratus,
1085 2109 1203 2144 majores
1220 2107 1336 2141 scilicet,
1356 2110 1383 2137 &
1403 2109 1535 2140 minores,
1555 2108 1702 2144 majoribus
1722 2107 1880 2135 obnuntiare
1898 2112 1974 2147 pote-

399 2154 473 2178 rant,
494 2148 536 2176 sed
552 2150 667 2185 majores
680 2156 802 2181 tantum,
822 2150 894 2186 iique
908 2149 953 2185 qui
967 2155 1041 2176 erant
1055 2146 1203 2175 Consulum
1217 2147 1338 2184 collegae,
1358 2146 1486 2180 Cmffiaeles,
1507 2148 1534 2174 ὃς
1549 2150 1674 2174 Praetores.
1713 2146 1831 2182 Ideoque
1845 2145 1873 2171 in
1886 2150 1974 2172 omni-

400 2184 448 2212 bus
461 2186 655 2214 centuriatorum
667 2186 822 2215 comitiorum
837 2187 930 2214 edistis
943 2207 951 2219 ,
978 2188 1047 2214 inter
1058 2185 1106 2213 alia
1118 2185 1172 2213 hoc
1186 2193 1264 2223 caput
1278 2191 1334 2212 erat
1347 2194 1352 2211 ε
1380 2185 1426 2211 Ne
1438 2185 1496 2221 quis
1510 2185 1602 2213 minor
1614 2184 1781 2222 magistratus
1793 2183 1828 2210 de
1841 2181 1910 2209 coelo
1921 2179 1974 2207 ser-

400 2223 469 2251 vasse
485 2223 580 2254 vellet,
600 2226 671 2260 quod
686 2225 764 2261 paulo
777 2232 838 2253 ante
851 2234 883 2253 ex
899 2224 994 2262 Agellii
1005 2224 1050 2252 lib.
1063 2234 1103 2262 13.
1115 2232 1172 2259 cap.
1184 2233 1225 2258 14.
1239 2223 1428 2252 recitavimus⁴⁴

438 2262 543 2289 Deinde
557 2262 637 2288 etiam
651 2263 686 2293 is,
707 2264 753 2299 qui
765 2263 866 2291 comitia
878 2262 1015 2291 habiturus
1028 2270 1098 2293 erat,
1118 2261 1271 2298 priusquam
1285 2262 1313 2288 in
1325 2269 1452 2296 campum
1462 2262 1580 2293 veniret,
1600 2261 1628 2288 in
1637 2270 1712 2291 arce,
1731 2257 1831 2287 autalio
1839 2254 1955 2298 quoqa-ffi-
1964 2276 1972 2287 ²

400 2299 444 2327 sed
459 2300 529 2327 intra
541 2300 707 2335 pomoerium
716 2320 723 2331 ,
744 2301 805 2328 loco
819 2301 1011 2337 auspicabatur,
1032 2299 1150 2328 adhibito
1161 2309 1275 2337 augure,
1295 2299 1340 2336 qui
1353 2298 1400 2326 fibi
1413 2300 1440 2326 in
1453 2299 1568 2336 auspicio
1576 2299 1651 2327 effet:
1672 2299 1717 2336 qui
1725 2297 1743 2324 fi
1751 2292 1853 2324 adversa
1861 2294 1973 2329 aulpicia

399 2337 540 2367 nuntiasset
553 2357 562 2370 ‚
587 2335 689 2366 comitm
703 2346 736 2365 eo
750 2338 793 2366 die
806 2340 895 2377 peragi
908 2349 962 2370 non
977 2345 1110 2377 poterant.
1151 2336 1339 2377 Posterioribus
1361 2344 1452 2368 tamen
1465 2337 1632 2379 temporibus
1646 2357 1654 2370 ‚
1682 2343 1711 2364 ut
1725 2343 1759 2362 ex
1769 2329 1877 2373 Dianffit'
1888 2330 1934 2360 lib.
1949 2341 1977 2399 ἐξ
