2075 2734
341 95 396 129 874
766 92 1102 120 ΡΛυιιΜ

1143 100 1435 122 ΑΝυΤῘΙ

339 144 494 176 Βιίίςςνιητκν
506 141 563 165 inid
573 141 672 173 confilum
684 141 907 174 abuniversopopula.
924 143 961 165 De
969 147 1069 165 numero
1077 147 1115 164 au·
1128 146 1133 173 y
1145 141 1168 165 le
1185 140 1318 173 sequimur:
1337 139 1376 165 sed
1397 149 1427 166 ex
1445 140 1514 165 altera
1529 147 1591 172 parte
1608 141 1731 167 difficilem
1743 142 1768 167 in
1781 142 1873 170 nodum
1885 147 1921 171 in-

342 180 392 196 tem
407 177 553 201 tenatorum,
588 181 631 197 uos
643 173 759 197 Romulus
771 174 843 204 legit,
861 179 898 197 aut
910 180 971 204 quos
989 174 1028 196 alii
1042 175 1118 203 Reges

344 203 523 237 adscripserunt,
541 181 644 229 difficilis
657 204 752 236 quastio
765 205 808 229 est:
827 205 856 228 de
863 212 907 237 qua
915 206 1018 229 nostram
1027 204 1117 227 senten-

343 237 401 260 tiam
414 244 573 268 exponemus:
595 244 620 259 ut
635 237 731 260 moneri
743 243 835 264 tamen,
853 238 876 260 ὅ(
890 237 992 268 corrigi,
1010 235 1026 259 fi
1039 236 1119 259 minus

345 268 408 292 reste
427 267 535 292 senserim
544 286 550 295 ,
568 269 634 292 facile
648 269 724 299 patiar,
739 276 808 300 atque
821 268 879 292 adeo
892 269 1042 292 vehementer
1055 268 1118 298 cupi-

345 307 393 323 am.
410 303 542 327 Romulus,
551 307 575 323 ut
587 299 700 331 Dionylio
709 300 762 324 teste
776 300 820 328 iam
829 301 951 332 probatum
964 300 1009 327 est,
1025 307 1120 323 centum

344 333 442 358 crearit,
460 340 488 355 ex
503 333 531 355 iis
543 339 648 357 tantum,
668 339 728 363 quos
742 331 790 363 ipse
802 332 878 356 secum
892 332 1015 356 adduxerat
1045 331 1121 362 postea

344 363 438 387 civitate
445 364 534 387 Sabinis
542 364 714 388 communicata
723 380 728 390 ‚
740 364 842 388 totidem
853 363 975 396 adscripsit.
983 365 1049 395 quod
1058 364 1122 387 idem

346 394 486 425 Dionysius,
505 396 529 418 δι
549 403 653 427 praeterea
673 395 802 419 Plutarchus
820 396 929 421 ostendit.
949 395 962 419 Ξι
975 396 1082 419 Romulo
1096 394 1122 417 ad

346 426 477 450 Hostilium
486 444 492 454 ,
510 429 551 458 qui
565 428 646 451 tertius
657 430 740 451 Romae
748 429 865 459 regnavit,
877 427 1122 451 duoentitantumfue—

348 465 381 481 re.
396 466 449 481 nam
464 461 542 482 Numa
556 457 659 483 senatum
674 467 723 482 non
737 461 884 486 auxit‚totus
898 459 925 483 ad
932 467 965 482 res
973 459 1121 485 diyinascon

348 488 433 513 versus.
467 490 593 518 Hostilius,
617 490 673 514 Alba
686 491 775 518 eversa,
793 499 842 515 non
855 492 931 523 plures
942 490 1070 517 senatores,
1087 489 1124 513 sed

350 522 427 556 plures
440 524 544 552 patricias
555 523 655 546 faminas
668 521 736 550 fecit,
754 531 804 555 qux
818 525 909 547 ordinis
922 523 1029 547 senatorii
1038 521 1126 554 pofl'ent

352 554 397 576 efle
416 554 544 585 participes.
566 556 597 578 ita
611 554 672 586 quasi
685 553 839 579 seminarium
851 556 920 579 auxit.
933 556 963 578 ita
974 555 1126 578 creandorum

351 585 484 608 senatorum
493 603 499 613 ‚
518 585 605 618 septem
620 587 720 618 patriciis
733 586 845 614 familiis,
863 595 918 619 quas
930 586 1054 618 Dionylius
1063 603 1069 613 ‚
1088 587 1124 609 Li-

351 615 449 649 viusque
469 619 609 645 nominant,
627 618 736 646 adiectiS,
755 627 880 643 numerum
899 626 990 645 tamen,
1008 620 1050 650 qui
1063 625 1126 641 autea

351 649 438 676 fuerat,
455 650 557 673 eundem
576 651 680 681 reliquit.
715 653 810 674 Secutus
829 651 860 674 est
877 655 954 675 Ancus
969 651 1074 675 Marcius.
1089 649 1127 672 hic

351 688 430 711 neque
443 682 468 704 ad
483 680 601 709 senatum,
619 689 710 714 neque,
727 683 792 714 quod
808 684 918 707 traditum
933 683 972 709 sit,
990 682 1016 706 ad
1026 682 1127 713 patricias

352 711 452 736 familias
463 713 560 738 addidit.
588 715 691 745 Qtiutus
703 717 752 737 Rex
761 716 903 746 Tarquinius
917 714 1003 738 Priscus
1014 714 1128 737 senatores

353 751 449 768 centum
463 746 555 776 allegit:
573 753 597 769 ut
610 747 714 769 omnino
727 749 822 770 trecenti
836 746 930 770 fuerint.
944 746 972 769 de
985 754 1034 777 quo
1047 746 1127 769 Livius

352 778 370 799 l.
381 784 418 803 35.
437 780 485 799 Ner
499 780 571 800 minus
580 795 587 804 ,
604 778 684 809 inquit
693 795 698 804 ,
717 781 818 808 regmfm
830 780 936 808 firman-‘11
945 795 951 805 ,
969 787 1035 809 quam
1049 786 1128 808 augen-

355 809 386 830 ἐι
399 808 515 838 νείμιῦίιέι
529 818 610 831 memor
624 826 630 837 ,
647 817 731 832 centum
744 812 766 831 in
775 817 849 842 patres
864 812 929 840 legit:
947 819 986 841 qut
998 811 1070 831 demde
1087 818 1125 830 ml*

354 848 429 862 vrorum
442 841 545 870 gentium
552 843 604 870 sun:
622 843 739 872 appellati.
772 845 802 864 At
822 842 949 864 Cornelius
963 842 1054 864 Tacitus
1068 841 1127 863 libro

356 873 386 894 XI
403 879 473 897 25.2.
490 873 594 901 familias
614 874 723 904 mqjorum
735 879 835 903 gemtum
849 874 861 896 it
874 874 964 895 Romulo
974 890 979 898 ,
995 881 1102 894 minorum
1115 872 1128 894 ir

355 904 383 925 L.
404 905 472 925 Bruto
490 904 557 925 distas
576 902 619 926 ess'e
637 911 718 927 narrat.
736 911 782 934 ego
801 905 846 927 hoc
860 912 947 927 nomen
961 911 1090 927 commune
1103 911 1127 925 o-

357 935 453 957 mnium
474 934 540 958 fuille
551 935 708 962 crediderim,
726 937 768 966 qui
781 943 828 958 tam
842 935 855 958 a
868 937 999 965 Tarquinio
1008 952 1013 961 ,
1032 943 1103 964 quam
1117 933 1129 957 ὲ

355 967 382 989 L.
393 968 479 993 Erum,
498 973 523 989 ut
542 967 573 989 ait
587 968 682 993 Livius,
700 973 750 992 aut,
769 974 793 989 ut
807 967 871 990 Festo
885 968 998 997 Pompeio
1012 967 1098 996 placet,
1116 965 1129 988 a

356 999 380 1020 P.
396 998 484 1020 Valerio
497 998 561 1021 Bruti
574 999 677 1028 collega,
695 996 782 1021 suffeeti
795 996 855 1021 sunt.
865 998 960 1023 sicuti&
970 1015 976 1024 ,
994 1004 1127 1028 patrescou-

355 1027 453 1059 scriptos
471 1028 586 1052 senatores
605 1037 646 1053 eos
658 1025 735 1053 dictos
748 1028 805 1056 esse,
821 1029 977 1056 crediderim,
995 1031 1131 1067 quicunque

356 1060 384 1082 ad
396 1067 483 1084 veteres
497 1068 583 1091 patres,
599 1069 660 1092 quos
680 1062 799 1084 Romulus
811 1061 940 1092 scripserat,
957 1061 994 1084 vel
1007 1070 1019 1084 a
1032 1061 1129 1091 Tarqui-

356 1092 399 1115 nio
407 1109 414 1119 ,
433 1093 469 1115 vel
479 1091 640 1116 aeonsulibus
648 1091 698 1124 post
704 1093 790 1119 ciestos
804 1095 878 1124 Reges
885 1091 991 1124 adscripti
999 1091 1130 1123 sunt.qnod

357 1129 436 1147 tamen
456 1124 516 1147 haud
532 1123 584 1147 sane
603 1125 742 1148 diuturnum
762 1132 851 1148 nomen
863 1125 916 1148 fuit-
934 1132 986 1148 nam
999 1124 1130 1155 reipublicae

357 1156 506 1186 temporibus
518 1156 558 1178 hac
572 1157 727 1187 appellatione
740 1154 855 1180 senatores
868 1156 1132 1187 nondissinguebantur,

358 1185 398 1210 sed
411 1195 495 1211 ornnes
513 1195 578 1219 aeque
591 1188 666 1211 modo
679 1195 766 1218 patres,
782 1189 859 1211 modo
872 1195 945 1220 patres
957 1188 1082 1218 tonstripti
1096 1187 1131 1210 di-

357 1218 475 1243 cebantur.
509 1220 551 1243 Sed
571 1220 600 1243 de
619 1220 727 1244 trecentis
737 1218 750 1242 Ξι
763 1220 838 1243 Prisco
848 1220 912 1244 saetis
926 1228 1007 1251 magna
1020 1221 1081 1244 inter
1095 1220 1131 1243 Li-

357 1251 438 1278 vium,
455 1253 480 1276 sc
501 1251 656 1282 Dionylium,
674 1259 696 1275 ac
716 1252 864 1276 Plutarchum
879 1252 970 1275 videtur
982 1252 1025 1276 ess'e
1037 1258 1132 1275 cuntro—

359 1283 429 1306 veriia
454 1291 508 1306 nam
522 1284 603 1307 Livius
614 1284 675 1307 libro
690 1287 706 1307 1.
725 1291 753 1309 17
774 1291 870 1307 centum
883 1284 958 1308 modo
970 1283 1083 1307 senatores
1097 1283 1128 1306 sur

358 1312 412 1341 isse,
430 1322 485 1338 cum
502 1316 620 1338 Romulus
634 1315 709 1342 obiit,
726 1322 775 1339 non
787 1316 858 1340 dubie
868 1315 979 1347 fignificat
992 1316 1028 1339 his
1041 1315 1130 1338 verbis:

359 1347 434 1368 Timor
450 1347 524 1369 deinde
540 1354 613 1378 patres
630 1347 719 1377 nncqffit,
737 1356 762 1370 ne
773 1349 889 1371 civitatem
897 1349 942 1379 fine
954 1349 1052 1377 imperio,
1071 1356 1130 1370 exer-

359 1379 429 1400 eitum
441 1379 488 1408 fine
504 1379 570 1405 duce,
593 1381 716 1401 multarum
733 1381 791 1402 circa
802 1381 922 1403 civitatum
934 1381 1025 1402 irritatu
1038 1388 1131 1404 ammtr,

359 1410 394 1431 vis
409 1411 486 1441 aliqua
496 1417 587 1432 externa
599 1413 726 1434 adoriretur.
743 1409 768 1433 ὺ-
777 1411 814 1439 effi
825 1414 894 1442 igitur
906 1412 995 1440 aliquod
1008 1418 1071 1443 caput
1082 1412 1131 1441 plei-

359 1439 436 1464 cobar:
454 1439 481 1463 <7¹
492 1450 551 1463 nemo
568 1444 633 1464 alter!
649 1445 756 1464 concedere
774 1451 794 1464 m
807 1445 907 1465 animum
920 1442 1040 1466 inducebat.
1058 1444 1135 1473 itaque

361 1480 406 1494 rem
426 1473 482 1495 inter
490 1474 515 1502 fit
527 1480 612 1495 centum
621 1481 695 1504 patres
704 1490 709 1499 ,
727 1474 798 1496 decem
809 1475 900 1496 denariis
909 1475 974 1501 fasti}
982 1490 987 1500 ,
1001 1475 1133 1504 singulisque

362 1505 384 1525 in
393 1504 490 1533 singulas
502 1505 598 1526 decurias
612 1506 687 1527 crearis
696 1521 702 1530 ‚
720 1512 759 1534 qm
771 1504 859 1531 summa
874 1513 945 1526 rerum
957 1505 1073 1533 praeeffint,
1087 1513 1132 1526 con—

356 1535 452 1563 fictam.
468 1536 538 1557 decem
557 1535 717 1565 imperirabam.
734 1543 790 1557 unm
802 1544 850 1557 rum
863 1536 978 1566 insignibar
990 1537 1088 1564 imperii,
1105 1534 1131 1558 ό*

362 1565 476 1588 Ιίεῖονιόηε
488 1572 542 1589 erat.
560 1574 656 1597 qumque
668 1567 752 1588 dierum
760 1567 831 1596 spatio
838 1566 1092 1598 finiebaturimpermm,
1109 1575 1133 1589 ac

360 1601 399 1628 per
421 1605 492 1620 omnes
511 1599 532 1619 in
544 1597 616 1620 orbem
629 1598 686 1620 ibat.-
704 1606 843 1628 annuumque
855 1600 994 1621 intervauum
1009 1599 1068 1628 regni
1076 1598 1133 1626 suit.

363 1629 388 1651 id
400 1627 428 1650 ab
443 1637 478 1655 re,
496 1630 553 1659 quod
563 1638 618 1651 nunc
629 1637 713 1659 quo-:tue
728 1636 787 1651 tenet
800 1637 873 1651 nomen
882 1646 888 1655 ,
910 1632 1054 1660 interregnum
1062 1632 1123 1660 appel

363 1660 441 1682 latum.
454 1661 548 1688 fremere
557 1661 631 1682 deinde
639 1660 696 1689 plebs
710 1661 930 1689 multisltcatamsert
937 1663 1016 1683 itatem
1024 1671 1031 1682 :
1048 1668 1134 1682 centum

361 1698 400 1723 pro
416 1700 456 1713 ww
474 1693 570 1714 dominvs
582 1692 660 1721 salius.
678 1698 775 1714 centum
792 1692 906 1714 nominat,
924 1692 953 1715 de
965 1698 1059 1714 centum
1073 1690 1086 1715 ὲ
1100 1694 1134 1714 Sa-

365 1723 418 1746 bina
432 1729 502 1754 gente
514 1721 527 1745 a
540 1723 648 1746 Romulo
661 1723 739 1746 creatis
752 1722 866 1754 nusquam
881 1724 1001 1747 meminit.
1035 1726 1065 1746 At
1078 1724 1135 1746 Dio—

363 1755 439 1786 nyfius
455 1754 518 1778 libro
530 1757 644 1778 Romanae
658 1755 756 1778 historia:
776 1757 804 1778 11.
819 1763 841 1786 p.
860 1762 884 1779 tt
895 1764 914 1779 r.
928 1756 951 1778 ἔκ·
966 1755 1096 1778 Plutarchus
1111 1755 1135 1778 in

366 1787 469 1811 Romuli
482 1787 526 1810 vita
540 1794 562 1817 p.
572 1794 608 1812 30.
620 1789 647 1809 A.
678 1787 790 1809 ducentos
802 1785 868 1809 fuisse
882 1786 931 1818 post
944 1788 1027 1810 initam
1039 1794 1093 1809 cum
1101 1789 1135 1809 Sa-

365 1819 428 1843 binis
441 1818 573 1842 societatem
582 1835 588 1844 ,
606 1819 673 1849 plane
686 1824 783 1841 narrant.
797 1824 874 1840 utrum
890 1819 959 1848 igitur
967 1818 1038 1840 Livio
1047 1818 1134 1843 nostro,

364 1859 392 1874 an
410 1851 504 1874 duobus
522 1850 620 1876 Graecis,
636 1849 739 1873 habenda
752 1848 808 1872 fides
821 1849 865 1872 est?
883 1857 934 1872 rem
948 1850 1088 1879 perpendere
1102 1848 1136 1872 so-

364 1884 418 1908 leo,
437 1889 487 1906 non
506 1881 623 1905 homines.
642 1880 657 1904 si
668 1880 780 1911 consequi
794 1881 913 1904 veritatem
926 1889 976 1904 non
988 1881 1042 1903 licet
1052 1897 1058 1907 ‚
1075 1881 1100 1904 in
1114 1888 1137 1904 re

364 1915 448 1941 dubia,
465 1914 531 1946 quod
549 1913 697 1936 vetifimilius
715 1913 746 1936 est
761 1929 767 1939 ,
784 1910 873 1943 sequor.
896 1913 943 1936 veri
963 1919 1039 1935 autem
1059 1913 1136 1936 multo

364 1946 466 1970 fimilius
483 1945 528 1972 est,
547 1945 612 1976 quod
631 1946 769 1975 Dionysius,
787 1945 811 1967 ἃ
830 1945 959 1967 Plutarchus
972 1944 1080 1971 tradunt,
1095 1944 1137 1968 du-

364 1985 447 2002 centos
459 1977 525 2001 fuisse
538 1979 622 2000 Roma:
635 1976 764 2003 senatores,
777 1983 831 1999 tum
845 1977 962 1999 Romulus
976 1977 1074 1999 interiit.
1083 1984 1136 2000 nam

366 2009 396 2037 fi,
417 2017 442 2033 ut
454 2008 502 2041 ipse
515 2009 596 2032 Livius
609 2009 654 2036 ait,
670 2017 709 2031 non
722 2009 781 2030 modo
794 2017 918 2033 tammum,
929 2010 965 2037 fed
978 2017 1056 2030 concon
1068 2010 1135 2031 etiam

366 2043 464 2071 ‘Romulo
475 2058 482 2068 ,
500 2040 525 2064 ὼ·
540 2042 599 2063 Tatio
614 2049 703 2072 regnum
711 2041 775 2069 suit,
793 2040 848 2071 quis
860 2039 949 2065 credat,
969 2040 1016 2067 eius
1030 2039 1134 2067 ordinis,

367 2073 410 2103 qui
429 2072 482 2096 effet
501 2073 526 2096 in
541 2073 635 2095 civitate
647 2071 813 2103 amplissimus‚
832 2078 937 2101 expertes
948 2071 1044 2095 Sabinos
1055 2070 1136 2095 fuiss'e?

365 2111 417 2134 quae
439 2104 477 2127 ista
495 2104 556 2127 inter
575 2104 634 2127 duos
651 2104 751 2135 populos
767 2104 924 2130 communio,
942 2111 992 2134 quae
1009 2103 1136 2127 concordia

365 2135 456 2160 fuisset?
473 2142 494 2158 at
511 2136 607 2159 homini
626 2137 650 2159 in
664 2137 726 2159 ltalia
739 2141 792 2159 nato
807 2137 924 2158 Romanas
937 2143 971 2158 res
984 2136 1089 2158 notiores
1100 2135 1134 2159 fu-

364 2167 420 2194 isse,
437 2174 508 2198 quam
526 2168 622 2194 Graecis,
644 2167 768 2191 verilimile
787 2166 829 2189 est.
845 2168 924 2190 immo
942 2167 1028 2190 (ζητεῖς
1040 2167 1135 2198 potius,

363 2199 407 2231 qui
427 2200 510 2222 Romae
528 2198 645 2226 viverent,
661 2207 732 2230 quam
749 2199 821 2224 haio,
839 2199 880 2230 qui
900 2198 992 2223 Patavii.
1011 2199 1056 2222 hoc
1075 2199 1135 2223 mihi

363 2231 395 2255 ita
408 2229 507 2254 videtur.
525 2231 596 2261 cupio
609 2237 686 2254 tamen
697 2231 725 2255 ab
736 2232 778 2257 iis,
795 2231 838 2262 qui
852 2230 912 2254 mibi
926 2230 1013 2258 judicio
1021 2230 1136 2254 doetrina-

364 2269 411 2295 que
424 2261 538 2293 pmstant,
557 2261 684 2288 diiudicari.
702 2262 750 2294 ipse
761 2263 826 2286 enim
839 2270 890 2289 me,
909 2269 934 2285 ut
946 2263 1047 2294 ingenue
1059 2262 1136 2290 fatear,

364 2301 415 2318 non
434 2295 486 2319 satis
503 2293 605 2324 explico.
624 2301 678 2317 nam
697 2294 712 2317 fi
732 2294 761 2317 de
778 2294 885 2318 ducentis
904 2292 1044 2318 senatoribus
1057 2302 1136 2318 contra

363 2327 461 2350 Livium
479 2332 534 2348 cum
554 2325 680 2355 Dionysio,
699 2326 722 2348 δε
743 2326 864 2349 Plutarcho
883 2325 1009 2355 sentimus,
1027 2333 1071 2350 nos
1084 2327 1135 2358 qui-

363 2357 434 2385 dem,
452 2363 477 2383 ut
489 2357 606 2385 diximus,
622 2356 690 2389 quod
702 2356 730 2381 ad
742 2356 798 2382 hanc
810 2365 899 2390 partem
905 2358 987 2383 attinet
996 2376 1003 2388 ‚
1024 2358 1136 2384 vetifimi-

1146 172 1261 197 cidimus:
1281 174 1344 205 quia,
1352 181 1510 197 trecentorum
1523 174 1655 198 senatorum
1663 182 1776 199 numerus
1789 174 1801 199 a
1813 184 1863 208 quo
1876 180 1922 202 Re-

1149 211 1178 235 ge
1196 205 1222 228 sit
1241 206 1381 238 erpiicnus,
1397 213 1446 230 non
1459 205 1526 229 facile
1539 205 1670 230 statuemus.
1687 206 1714 229 ab
1727 207 1874 232 Hostilio-ne
1887 208 1924 232 di-

1149 239 1243 260 cemus?
1258 244 1278 260 at
1297 239 1346 269 post
1365 245 1420 261 eum
1433 237 1574 269 Tarquinius
1586 238 1671 262 Priscus
1685 246 1780 262 centum
1794 240 1893 264 addidit.
1910 239 1923 264 *a

1151 267 1241 292 Prisco?
1259 276 1279 292 at
1293 269 1404 293 Hostilius
1418 276 1470 293 ante
1483 277 1539 293 eum
1552 277 1580 293 ex
1595 269 1692 294 Albanis
1705 270 1802 294 familiis
1812 289 1817 298 ‚
1837 279 1925 296 utcum

1153 301 1221 323 Livio
1240 300 1366 332 Dionylius
1379 300 1489 328 affirmat,
1508 301 1619 325 ordinem
1633 301 1776 326 senatorium
1789 304 1859 327 auxit.
1875 304 1926 334 plu-

1153 339 1187 354 res
1200 333 1285 363 igitur,
1303 340 1374 364 qnam
1387 334 1499 361 trecenti,
1517 333 1666 357 videbuntur.
1685 334 1736 357 diti
1746 334 1873 365 equidem,
1883 342 1927 358 nec

1154 364 1215 387 nihil
1229 364 1332 387 omnino
1345 364 1449 388 dicerem
1458 381 1464 391 ‚
1482 367 1597 396 componi
1612 373 1660 388 rem
1674 366 1704 389 ita
1717 366 1780 397 posse
1789 382 1795 393 ,
1812 374 1837 390 ut
1849 366 1930 390 Hosti-

1154 395 1199 419 lius
1212 403 1261 419 non
1273 395 1376 419 senatum
1388 413 1395 422 ‚
1413 395 1452 419 sed
1464 403 1544 420 earum
1556 397 1699 421 familiarum
1708 415 1714 425 ,
1733 398 1795 421 unde
1811 397 1929 422 senatores

1156 427 1201 458 legi
1220 428 1336 454 solerent,
1353 435 1480 451 numerum
1491 429 1614 452 adauxerit.
1632 430 1796 460 verum,quod
1807 430 1872 457 dixi,
1890 438 1930 454 ve-

1156 466 1209 482 reor
1227 466 1252 482 ut
1270 458 1322 482 satis
1332 459 1430 483 firmum
1443 459 1480 483 fit:
1498 467 1552 483 cum
1564 462 1589 485 δι
1603 461 1682 485 Livius
1693 461 1756 484 libro
1770 465 1788 486 1.
1799 469 1836 488 30-
1854 461 1883 485 de
1895 461 1929 486 se·

1158 498 1211 514 natu
1231 491 1258 514 ab
1273 491 1375 515 Hostilio
1389 494 1455 523 Rege
1473 491 1540 515 auat>
1556 492 1675 517 manifeste
1693 500 1768 516 narret
1780 509 1786 520 ,
1805 494 1836 517 ait
1853 494 1929 518 enim.

1159 524 1272 554 Templum
1290 525 1358 545 ordini
1376 523 1401 545 ab
1410 525 1434 552 s}
1447 524 1509 546 aucto
1522 525 1603 546 curiam
1613 526 1677 553 fecit,
1694 534 1742 556 qua
1757 525 1848 551 Hostilia
1862 526 1929 556 usique

1159 556 1186 576 ad
1204 562 1292 584 futrum
1310 555 1424 584 nostrorum
1444 561 1528 577 aetatem
1544 556 1654 587 appellata
1666 557 1706 585 est:
1725 558 1748 580 &
1762 556 1888 588 Dionysius
1900 557 1930 580 li-

1160 586 1203 608 bro
1218 588 1257 610 111.
1275 586 1375 609 familias
1389 586 1489 610 Albanas
1502 585 1528 609 ab
1544 586 1646 610 Hostilio
1659 585 1746 610 senatus
1757 589 1879 619 participes
1886 587 1930 612 effe

1160 618 1227 641 laetas
1236 635 1242 645 ,
1259 625 1309 641 non
1321 617 1417 642 obscure
1430 618 1498 641 dicat.
1509 625 1594 650 quare,
1613 625 1637 641 ut
1651 619 1675 641 in
1691 619 1759 642 dubia
1772 620 1848 647 causa,
1866 627 1931 644 vetus

1161 649 1233 673 illud.
1252 651 1405 682 Nonliquet,
1429 649 1642 681 pronuntiabimus.
1660 651 1741 674 Oritur
1749 652 1820 675 etiam
1833 653 1875 675 alia
1888 652 1932 675 du-

1161 681 1257 709 bitatio,
1276 689 1315 705 cur
1326 682 1458 705 Plutarchus
1471 682 1496 705 in
1507 684 1598 709 Numa,
1615 689 1670 705 cum
1684 682 1713 706 de
1728 685 1793 714 Rege
1805 684 1829 706 in
1838 685 1932 707 Romu-

1162 713 1179 736 li
1191 714 1273 737 locum
1288 713 1422 737 sufficiendo
1436 720 1540 744 ageretur
1549 730 1554 740 ‚
1572 720 1667 737 centum
1680 714 1705 737 δε
1717 715 1887 746 quinquaginta
1897 715 1932 739 se-

1163 753 1253 769 natores
1272 745 1338 769 fuisse
1355 745 1424 770 dicat.
1440 748 1463 769 iu
1478 752 1527 776 quo
1541 752 1619 777 neque
1631 753 1686 768 cum
1703 746 1785 772 Livia,
1803 746 1827 769 &
1841 747 1932 778 Diony-

1162 776 1194 799 sio
1208 775 1338 805 consentit,
1356 784 1460 808 quorum
1472 778 1541 804 alter,
1559 784 1584 800 ut
1596 776 1698 803 ostendi,
1719 777 1933 808 centumfignificat

1161 807 1241 836 fuisse,
1257 810 1326 836 alter,
1345 810 1458 832 ducentos
1470 816 1498 832 ex
1507 810 1622 832 Romanis
1632 826 1638 834 ,
1656 809 1680 832 ὅ(
1690 809 1778 833 Sabinis
1791 809 1863 833 factos
1876 809 1931 837 esse,

1162 842 1242 864 tradit:
1261 849 1352 871 neque,
1370 842 1435 871 quod
1450 842 1565 864 miremur
1584 841 1672 871 magis,
1690 839 1738 872 ipse
1757 841 1800 865 fibi
1813 843 1862 864 iaus
1875 849 1933 869 con·

1161 871 1215 894 star:
1236 874 1277 906 qui
1296 873 1320 895 in
1340 873 1438 895 Romuli
1453 874 1512 898 vita,
1536 879 1630 895 centum
1644 874 1759 895 Romanis
1775 873 1931 899 senatoribus.

1162 903 1262 927 totidem
1276 905 1299 927 ἃ
1313 903 1398 927 Sabino
1412 904 1501 935 populo
1515 903 1617 931 adjectos
1629 904 1673 926 efle
1685 920 1692 929 ,
1710 904 1778 927 dixit.
1796 912 1850 927 narn
1865 905 1880 927 fi
1896 922 1903 931 ‚
1920 902 1934 927 a.

1162 942 1211 966 quo
1223 943 1330 965 tempore
1343 935 1436 958 ducenti
1447 935 1501 958 fasti
1511 934 1563 958 sunt
1571 951 1577 961 ‚
1585 935 1612 957 ad
1624 936 1747 958 interitum
1755 936 1934 967 Romuliquin-

1162 967 1271 997 quaginta
1285 965 1375 997 petiisse
1387 967 1521 992 credamus,
1539 974 1564 990 ut
1577 974 1607 989 ne
1620 967 1709 998 plures,
1726 975 1797 998 quam
1805 968 1933 991 centum&

1162 999 1344 1030 quinquaginta,
1363 997 1535 1028 superfuerint:
1553 997 1611 1021 hanc
1630 1000 1771 1029 opinionem
1790 998 1858 1022 facile
1871 999 1933 1023 tatio

1162 1029 1258 1052 refellet.
1276 1030 1329 1060 quis
1342 1031 1408 1052 enim
1417 1046 1423 1055 ,
1440 1036 1494 1051 cum
1509 1028 1598 1051 senator
1612 1030 1697 1060 aliquis
1707 1028 1720 1053 e
1732 1031 1777 1053 vita
1789 1030 1933 1059 discederet,

1163 1062 1285 1084 neminem
1299 1060 1311 1083 a
1324 1061 1430 1083 Romulo
1443 1059 1563 1083 suffectum
1576 1061 1725 1084 existimarit!
1743 1070 1771 1085 an
1785 1062 1893 1086 deminui
1901 1062 1934 1086 se-

1162 1100 1243 1115 natum
1262 1093 1374 1123 quetidie
1393 1092 1481 1122 magis,
1497 1092 1522 1114 ὅ(
1541 1092 1568 1114 ad
1588 1092 1690 1115 nihilum
1710 1092 1784 1124 redigi
1807 1096 1934 1123 pateretur-²

1164 1132 1211 1147 non
1226 1124 1257 1148 est
1271 1131 1294 1146 ut
1308 1124 1370 1147 credi
1385 1124 1460 1154 ponit.
1479 1130 1590 1157 quare-ne
1604 1124 1641 1146 hic
1655 1123 1753 1155 quidem
1768 1125 1829 1148 mihi
1842 1125 1892 1149 satis
1905 1126 1936 1150 li-

1162 1163 1227 1187 quet.
1261 1157 1334 1186 Quod
1352 1156 1471 1187 reliquum
1484 1155 1528 1182 est,
1546 1155 1596 1178 latis
1610 1162 1684 1187 pater,
1702 1163 1779 1187 neque
1792 1163 1858 1188 negat
1871 1156 1935 1188 quis-

1162 1195 1233 1218 quam
1245 1204 1250 1213 ,
1267 1195 1321 1210 cum
1344 1188 1483 1218 Tarquinius
1502 1186 1616 1218 Superbus
1634 1195 1728 1219 regnare
1739 1190 1826 1219 coepit,
1845 1196 1934 1212 trecen-

1163 1226 1199 1242 tos
1213 1220 1315 1243 omnino
1333 1219 1413 1246 fiaiffe,
1429 1226 1484 1242 cum
1499 1219 1584 1246 ejectus
1596 1218 1639 1245 est,
1658 1220 1735 1242 multo
1748 1221 1877 1249 pauciores.
1890 1220 1935 1252 qui

1161 1252 1228 1275 enim
1240 1259 1340 1282 regnum
1361 1259 1422 1277 non,
1441 1257 1467 1274 ut
1479 1257 1531 1274 ante
1543 1249 1620 1281 ipsum
1635 1251 1674 1274 alii
1688 1267 1695 1278 ‚
1713 1252 1795 1282 populi
1807 1250 1878 1279 iussu,
1895 1260 1934 1283 pa-

1162 1283 1234 1306 tribus
1254 1282 1386 1307 meroribus
1399 1281 1529 1313 accepisset,
1546 1282 1599 1308 sed,
1618 1281 1697 1306 socero
1707 1283 1762 1310 suo,
1779 1284 1861 1307 Tullio
1869 1285 1935 1315 Rege

1162 1316 1218 1338 caclo
1227 1332 1233 1341 ,
1251 1322 1290 1346 per
1304 1315 1377 1338 scelus
1389 1313 1517 1345 occupall'et
1531 1331 1537 1340 ,
1555 1314 1658 1344 negleeta
1671 1315 1817 1346 superiorum
1836 1318 1932 1346 Regum

1162 1347 1344 1373 consuetudine,
1363 1345 1467 1370 senatum
1480 1346 1510 1369 de
1524 1345 1614 1376 publica
1628 1353 1651 1369 re
1664 1354 1787 1378 nunquam
1800 1346 1935 1375 consuluit,

1164 1378 1227 1402 suam
1247 1380 1390 1402 voluntatem
1405 1385 1446 1408 pro
1459 1377 1536 1401 senatu
1549 1378 1625 1401 voluit
1638 1377 1697 1405 ess‘e,
1715 1386 1890 1409 numerumque
1902 1377 1937 1402 se-

1163 1418 1271 1434 natorum
1286 1418 1334 1434 non
1347 1410 1422 1433 modo
1436 1417 1484 1433 non
1500 1410 1563 1432 auxit
1573 1426 1579 1436 ‚
1597 1416 1679 1434 verum
1691 1411 1775 1436 etiam.
1794 1417 1843 1441 quo
1856 1409 1936 1440 despe-

1163 1443 1235 1469 etim,
1253 1450 1322 1474 atque
1340 1442 1458 1465 infirmior
1475 1440 1530 1464 esset
1547 1442 1567 1464 is
1585 1441 1660 1468 ordo,
1678 1449 1750 1472 quem
1763 1440 1834 1465 soceri
1848 1441 1936 1464 studio-

1164 1476 1213 1497 lum
1232 1481 1391 1504 cognoverat,
1410 1472 1554 1504 quotidianis
1572 1473 1671 1495 cardibus
1683 1473 1814 1496 imminuit.
1832 1480 1881 1503 quo
1894 1472 1935 1496 de-

1163 1506 1218 1528 iude
1227 1505 1290 1528 Bruti
1298 1506 1382 1527 virtute
1395 1505 1462 1534 pullo
1474 1521 1478 1529 .
1499 1507 1522 1526 Ρ.
1531 1504 1632 1526 Valerius
1645 1503 1751 1530 Consul,
1766 1510 1792 1527 ut
1805 1504 1835 1527 ait
1843 1504 1932 1532 Festus.

1163 1537 1187 1558 ob
1199 1538 1293 1566 mopiam
1305 1543 1444 1560 patriciorum
1457 1543 1484 1558 ex
1493 1534 1553 1564 plebe
1566 1537 1637 1565 allegit
1649 1543 1671 1557 ιη
1684 1544 1799 1557 numerum
1806 1536 1931 1565 senatorum

1163 1569 1266 1593 CLXIV.
1290 1574 1315 1589 ut
1339 1569 1448 1598 explerem
1465 1575 1580 1588 numerum
1593 1568 1718 1596 senatorum
1739 1569 1791 1590 CCC.
1809 1574 1854 1597 qua
1872 1568 1898 1590 in
1911 1574 1936 1591 Xe

1165 1600 1247 1630 partim
1259 1598 1391 1621 consentire
1403 1605 1458 1621 eum
1470 1605 1524 1620 cum
1537 1597 1604 1620 Livio
1612 1614 1619 1624 ‚
1636 1599 1720 1627 partim
1730 1597 1849 1621 dissentire
1857 1599 1936 1622 video.

1164 1629 1279 1654 consentit
1292 1630 1320 1653 de
1334 1629 1430 1660 plebeiis
1439 1636 1494 1652 tunc
1508 1629 1612 1659 primum
1626 1630 1650 1652 in
1663 1628 1766 1652 senatum
1779 1629 1938 1655 aneetismam

1166 1663 1189 1686 id
1203 1662 1249 1685 line
1262 1661 1337 1684 dubio
1353 1661 1465 1692 fignificat
1478 1660 1570 1686 Livius,
1588 1667 1642 1683 cum
1653 1662 1684 1684 ait
1693 1660 1791 1685 libroll.
1803 1670 1823 1685 r.
1839 1663 1935 1689 Mirum,

1164 1701 1272 1726 quantum
1291 1695 1314 1715 td
1332 1695 1414 1722 prefuit
1431 1694 1460 1715 ad
1476 1693 1606 1714 cansordiam
1619 1694 1889 1725 ciuitatisjungendquue
1898 1701 1938 1726 pn-

1166 1725 1233 1747 tribus
1250 1724 1316 1757 plebis
1329 1733 1419 1747 ammos.
1437 1722 1540 1747 dissentit
1553 1724 1577 1746 in
1590 1731 1619 1746 eo
1629 1739 1635 1749 ‚
1652 1725 1717 1756 quod
1731 1726 1811 1748 Livius
1823 1732 1873 1748 non
1885 1725 1899 1748 a
1912 1727 1936 1749 P.

1165 1758 1256 1780 Valerio
1266 1774 1273 1784 ,
1290 1756 1328 1779 sed
1342 1755 1368 1779 ab
1381 1755 1432 1787 ipso
1444 1758 1516 1779 Bruto
1529 1755 1647 1786 expletum
1661 1755 1706 1780 esse
1722 1763 1880 1780 trecentorum
1893 1763 1939 1785 nu7

1166 1796 1259 1812 merum
1277 1788 1388 1813 affirmat,
1405 1787 1442 1810 his
1461 1786 1536 1809 verbis
1555 1790 1583 1810 11.
1594 1795 1616 1810 r.
1631 1789 1715 1810 Brutus
1726 1790 1798 1819 prior,
1814 1789 1937 1810 concedente

1165 1822 1251 1849 coHega,
1264 1820 1334 1848 ftrfies
1353 1818 1436 1841 habuit.
1459 1819 1478 1840 it
1492 1834 1498 1843 ,
1516 1819 1613 1840 omnium
1629 1824 1727 1847 primum
1744 1835 1749 1844 ,
1766 1820 1858 1841 avidum
1877 1827 1936 1842 nova

1165 1851 1271 1873 libertatis
1291 1851 1409 1882 populum,
1426 1857 1451 1871 ne
1466 1849 1600 1879 postmodum
1614 1849 1675 1879 flelli
1693 1849 1789 1881 precibus
1801 1866 1806 1876 ‚
1823 1856 1864 1872 aut
1875 1851 1936 1873 donis

1166 1883 1227 1913 regiis
1244 1884 1321 1912 passm,
1332 1881 1476 1912 jurejurando
1495 1881 1583 1910 adegtf,
1600 1883 1706 1903 neminem
1720 1883 1787 1903 Roma
1797 1881 1891 1912 paffiaros
1904 1889 1937 1903 re-

1161 1921 1241 1944 gnare:
1258 1914 1344 1939 deinde,
1361 1920 1403 1943 quo
1414 1914 1463 1941 plus
1476 1913 1559 1933 titium
1571 1912 1673 1939 instruatu
1681 1913 1811 1943 frequentia
1821 1914 1889 1934 mam
1903 1921 1938 1934 on-

1164 1946 1311 1974 dinusaseret
1324 1961 1331 1970 ,
1348 1943 1437 1967 udibm
1455 1944 1525 1975 ⁴ngis
1542 1944 1680 1966 deminutum
1700 1951 1786 1966 cia-rum
1804 1951 1936 1972 numerum,

1163 1976 1293 2007 primoribus
1311 1976 1409 2006 equestris
1422 1977 1504 2005 gradus
1522 1975 1606 2001 clean,
1624 1976 1652 1997 ad
1668 1982 1809 1998 trecentarum
1823 1976 1938 2004 summan

1165 2010 1272 2037 explevit.
1289 2007 1415 2037 Dionysius
1428 2013 1505 2029 autem
1517 2023 1522 2032 ,
1539 2006 1565 2030 ab
1580 2013 1681 2038 utroque
1693 2007 1842 2033 disseutiens,
1859 2015 1938 2039 neque

1165 2038 1178 2062 Ξι
1192 2042 1276 2067 Bruto,
1294 2039 1331 2064 sed
1345 2040 1373 2063 ab
1386 2045 1486 2068 utroque
1500 2037 1567 2061 fimul
1579 2039 1699 2069 expletum
1712 2037 1756 2062 effe
1769 2046 1895 2062 numerum
1903 2038 1938 2062 se-

1165 2078 1290 2098 natorum,
1308 2078 1385 2103 neque
1407 2071 1498 2093 chiv
1526 2077 1551 2093 ur
1568 2070 1658 2097 Festus,
1675 2070 1713 2093 sed
1727 2073 1755 2094 C.
1770 2071 1879 2094 duntaxit
1892 2070 1937 2095 effe

1165 2103 1279 2130 adieetos,
1298 2103 1322 2126 in
1342 2102 1435 2126 historia
1448 2100 1485 2124 sua
1498 2099 1608 2132 scriptum
1621 2102 1726 2133 reliquit.
1759 2104 1785 2125 ln
1799 2102 1844 2125 hoc
1857 2109 1938 2128 tamen

1166 2142 1250 2158 omnes
1262 2134 1425 2159 consentiunt,
1442 2140 1471 2155 ex
1485 2132 1551 2162 plebe
1565 2141 1639 2156 novos
1651 2132 1766 2157 senatores
1777 2133 1821 2158 effe
1834 2135 1938 2159 allectos.

1166 2174 1234 2193 nam,
1251 2165 1291 2189 etsi
1309 2174 1358 2189 non
1377 2165 1405 2188 de
1425 2163 1505 2195 plebe,
1523 2164 1561 2188 sed
1578 2165 1606 2188 de
1620 2165 1764 2196 prirnoribus
1774 2166 1886 2198 equestris
1898 2174 1940 2190 or-

1166 2199 1228 2222 dinis
1247 2198 1326 2222 Livius
1341 2200 1370 2221 11.
1387 2205 1406 2220 1.
1423 2197 1548 2220 meminit:
1565 2197 1626 2220 nihil
1639 2205 1716 2222 tamen
1730 2198 1818 2225 obstat,
1833 2199 1891 2229 quin
1905 2198 1937 2222 de

1167 2230 1233 2261 plebe
1247 2231 1402 2261 intelligatur:
1419 2235 1473 2251 cum
1487 2228 1591 2260 equester
1604 2230 1664 2253 ordo
1676 2230 1842 2260 patriciorum,
1855 2232 1878 2253 ὅ(
1887 2231 1936 2260 ple-

1166 2263 1274 2292 beiorum
1294 2269 1358 2293 :tque
1375 2262 1511 2284 communis
1522 2260 1590 2287 effer,
1606 2262 1631 2284 in
1644 2269 1692 2292 quo
1705 2261 1766 2291 quali
1780 2262 1876 2285 suorum
1885 2268 1934 2285 vet-

1165 2295 1251 2318 borum
1264 2295 1375 2325 interpres
1388 2291 1436 2324 ipse
1449 2293 1529 2316 Livius
1542 2292 1633 2316 videtur
1645 2292 1690 2317 effe
1701 2301 1706 2315 :
1724 2292 1841 2324 subjungit
1854 2293 1918 2316 enim
1928 2309 1936 2320 .

1166 2329 1194 2349 ad
1210 2327 1338 2349 concordiam
1358 2326 1472 2351 diluatis,
1486 2326 1648 2355 jungendofilue
1663 2325 1762 2356 patribus
1772 2325 1839 2356 plebis
1851 2332 1933 2347 ammos

1165 2359 1189 2382 id
1199 2359 1297 2382 maxime
1305 2357 1413 2391 profuffi.
1429 2356 1454 2380 δι
1465 2355 1542 2380 Festus
1554 2355 1934 2412 duobusiulocismodoplebetgi,

1857 2393 1900 2411 mo
1918 2395 1935 2412 ο
