2075 2734
343 84 393 116 Dr„
414 88 506 127 June
525 87 749 116 hnmano,
771 93 849 113 srvi:
870 93 1025 113 tremus
1047 84 1189 113 chits.
1231 85 1313 113 Car.
1335 96 1360 123 5.
1592 101 1647 129 559

103 138 313 179 Decimaseptt'mae
332 141 518 170 testimonium
540 144 612 168 extat
631 137 803 167 clarissimum
825 136 894 173 apud
913 135 1058 177 Dionffium
1078 136 1297 176 H,1licarnasse11m
1317 138 1362 167 lib.
1380 150 1405 168 2.
1429 140 1473 170 ubi
1494 142 1528 170 fic
1547 142 1648 174 scribit.

66 185 256 214 Romanomm
269 178 406 218 legistator,
425 187 553 210 omnem,
574 184 603 204 ut
617 177 652 204 ita
667 176 755 204 dicam
765 197 772 206 ,
786 173 933 212 potestatem
943 183 1012 209 pam
1026 176 1096 202 dedit
1109 175 1231 215 infilium
1240 196 1246 205 ,
1267 178 1347 214 idque
1360 185 1421 207 toto
1435 181 1496 208 vitae
1511 190 1650 219 tempore,

67 223 120 251 five
132 222 159 249 in
174 228 306 248 carcerem
322 228 385 246 eum
401 218 524 248 mittere,
545 215 599 242 five
614 214 704 252 flagris
716 215 830 245 caedcre,
851 212 904 253 five
922 213 1043 240 vinetum
1060 214 1180 252 ablegare
1194 216 1226 243 ad
1240 216 1331 243 rustica
1344 225 1438 253 opera,
1458 218 1510 246 five
1520 222 1651 250 necareli-

67 260 141 291 beat,
161 257 263 286 etiamfi
284 257 350 285 filius
371 256 466 285 traetet
479 252 672 290 rempublicam
687 273 694 284 ,
714 250 815 288 etiamst
827 249 1071 289 magfiaewtusgerat
1087 254 1235 285 maximos,
1257 255 1358 282 etiamsi
1372 255 1532 285 liberalitatis
1545 257 1651 288 laudem

65 296 170 334 Publice
184 296 215 323 fit
229 295 400 332 promeritus,
419 294 499 321 Certe
510 292 586 328 juxta
601 290 669 319 hanc
683 291 773 328 legem
788 291 838 318 viri
851 290 960 317 illustres
972 298 1022 325 pro
1037 291 1139 319 rostris.
1162 291 1268 319 favente
1282 292 1358 328 plebe
1371 296 1559 324 concionantes
1574 298 1601 324 in
1608 299 1651 333 se·-

66 344 142 363 mtm
155 335 298 364 invidiam,
319 330 487 367 fluentesque
499 330 567 357 auris
580 329 764 367 popularibus,
786 328 897 356 detracti
913 327 927 355 ἐ
943 327 1063 365 suggestu
1077 337 1124 364 per
1135 331 1449 366 parentesabduetifimt,
1470 343 1562 371 poenas
1570 336 1656 364 daturi

67 383 100 402 ex
115 372 234 410 ipsorum
248 371 375 399 sententia
385 379 394 396 ι
413 377 496 406 quos,
515 367 581 395 dum
597 377 645 405 per
660 368 751 396 forum
765 368 938 397 ducerentur,
960 375 1043 393 nemo
1057 367 1216 395 adstantium
1233 369 1334 405 eripere
1346 377 1464 406 poterat,
1486 382 1541 400 non
1551 374 1657 408 Consul,

69 420 125 438 non
138 409 252 438 mbunus
263 428 272 439 ,
298 417 352 436 non
364 405 418 443 ipfi
430 406 506 435 turba
518 427 527 438 ,
555 407 598 434 cui
612 415 671 435 tum
687 405 857 435 adulabantur
867 425 874 436 ‚
901 402 964 432 licet
978 414 1091 446 omnem
1107 407 1265 441 potestatem
1283 407 1324 435 fua
1342 409 1479 437 minorem
1494 411 1654 441 existimans,

68 451 161 477 Taceo
176 457 246 476 nunc
259 446 330 483 quod
345 445 396 473 viri
410 444 492 473 fortes
506 446 594 474 necati
608 444 658 474 fint
672 446 685 473 a
701 444 833 482 patribus,
853 442 941 471 nimio
956 443 1060 484 virtutis
1075 443 1172 471 ardore
1186 446 1306 479 provecti
1322 446 1353 473 ad
1370 449 1529 483 patrandum
1541 449 1655 487 aliquid,

67 494 163 524 praeter
183 485 300 522 ipsorum
320 484 495 512 mandatum:
523 484 588 512 ficut
601 484 634 512 de
648 482 744 511 Manlio
758 486 885 522 Torquato
900 501 909 513 ‚
935 480 1042 517 ahilque
1057 480 1150 508 multis
1162 482 1273 509 traditur
1284 503 1291 514 ›
1318 484 1352 511 de
1366 485 1459 521 quibus
1471 487 1518 514 luo
1534 488 1655 517 dicemus

69 532 204 562 tempore.
246 524 305 549 Nec
322 529 465 550 contentus
483 521 552 550 hanc
570 522 729 559 potestatem
742 520 895 559 parentibus
909 519 1008 561 dedisse
1021 517 1143 556 legistator
1157 521 1285 546 Romanus
1298 540 1305 551 ,
1325 521 1438 560 permist't
1454 526 1534 553 etiam
1549 527 1657 555 rendere

59 562 150 601 filium
162 583 171 594 ,
199 560 235 588 nil
256 560 396 588 deterritus
411 560 572 589 crudelitatis
588 560 674 597 specie
687 581 693 592 ‚
720 560 792 597 quod
809 568 848 587 res
862 558 970 596 gravior
984 557 1068 584 vrderi
1081 556 1166 594 poffet
1180 577 1187 588 ‚
1214 566 1295 594 quam
1311 567 1361 595 pro
1374 561 1469 592 affeetu
1484 564 1633 593 domestico
1643 586 1654 598 ,

69 601 193 638 quodque
212 599 332 626 maxime
352 599 410 636 quis
431 599 544 627 miretur
558 600 585 627 in
598 599 646 627 hac
663 598 783 627 dissoluta
797 597 934 633 disciplina
949 597 1108 623 Graecorum
1123 595 1247 623 educatus
1261 618 1270 628 ‚
1298 597 1367 633 quali
1383 599 1479 628 durum
1496 604 1522 629 &
1537 604 1656 639 tyranni-

67 647 140 666 cum.
179 639 242 665 Hoc
256 646 363 674 quoque
377 638 446 674 patri
460 638 586 666 concessit
597 660 604 670 ‚
623 637 703 666 licere
716 637 752 666 illi
767 644 841 665 terna
856 635 903 663 filii
918 634 1072 663 venditione
1084 634 1226 670 pecuniam
1240 643 1355 675 quaerere
1370 657 1376 667 ‚
1399 639 1532 673 majorem
1547 641 1657 680 largitus

65 676 226 713 potestatem
247 676 315 711 patri
333 676 362 702 in
382 675 483 708 filiurn,
503 685 584 714 quam
603 675 670 705 hero
688 673 716 705 iii
736 675 910 712 mancipium.
950 676 1042 700 Servus
1058 673 1132 700 enim
1148 672 1232 700 semel
1244 673 1376 702 rendum,
1396 675 1491 704 deinde
1503 678 1656 708 libertatem

66 714 193 751 adeptus,
213 714 241 741 in
254 713 389 749 posterum
404 713 440 742 sui
453 714 520 750 juris
535 715 584 742 est:
604 714 672 743 filius
685 723 750 743 vero
763 713 777 741 ὲ
791 721 866 749 patre
879 712 1001 741 venditus
1015 710 1033 738 fi
1044 710 1110 739 liber
1124 711 1199 739 fieret
1208 732 1214 743 ‚
1235 710 1340 738 rursum
1354 710 1400 738 sub
1406 716 1488 749 patris
1495 717 1654 752 potestatem

65 752 238 790 redigebatur
251 762 256 778 2
277 752 375 780 iterum
390 761 497 789 quoque
512 753 678 782 venundatus
691 755 718 782 ὅ(
731 752 870 783 liberatus,
889 750 978 778 servus
992 756 1022 778 ut
1034 757 1096 778 ante
1108 750 1190 786 patris
1204 749 1371 778 reddebatur.
1415 752 1474 780 Post
1488 755 1593 783 tertiam
1607 757 1653 784 de-

68 800 148 819 mum
173 789 357 818 venditionem
371 790 539 819 eximebatur
552 789 566 818 ἐ
578 792 659 827 patris
671 791 808 827 potestate.
849 791 926 817 Hanc
939 788 1028 825 legem
1041 789 1122 826 primi
1138 787 1175 816 illi
1191 789 1280 826 Reges
1293 787 1470 819 observabant
1483 811 1491 823 ‚
1515 793 1652 824 incertum

66 827 244 866 scriptamne‚
265 836 298 855 an
311 828 365 855 sme
377 828 478 865 scripto
492 829 627 865 proditam
636 849 643 860 ‚
663 829 790 857 habentes
802 837 851 865 pro
865 827 990 855 omnium
1005 826 1163 855 firmissima.

106 871 147 896 De
167 866 220 904 lege
237 863 422 893 decimaoffava
442 865 544 904 Diosgffi
561 865 765 904 Halicarnasseus
784 868 819 894 ita
838 865 946 894 scribit:
973 864 1095 892 Romulus
1113 866 1234 902 primum
1253 865 1435 894 neceffitatem
1450 867 1552 897 colonis
1565 870 1654 907 impo.

68 905 120 934 suit
138 904 285 935 educandi,
309 904 437 942 quicquid
458 904 522 934 effer
536 904 683 934 masculum
696 927 704 938 ‚
731 907 757 934 ὃς
774 904 789 932 ἐ
804 904 903 933 filiabus
917 904 1128 940 primogenitas:
1156 903 1254 931 nullam
1270 913 1360 932 autem
1373 905 1479 941 prolem
1493 909 1582 936 necari
1597 918 1657 946 per-

68 943 141 971 mifit
154 943 291 970 minorem
305 943 438 975 triennio,
464 943 512 971 nisi
523 943 588 980 quid
603 943 730 972 mutilum
743 964 751 976 ‚
778 950 822 971 aut
835 942 936 979 alioqui
947 940 1131 979 prodigiosum
1146 942 1173 969 in
1188 941 1244 978 ipso
1258 950 1334 978 partu
1348 943 1412 971 effet
1426 945 1529 973 editum
1543 957 1548 973 :
1575 948 1654 976 Tales

68 981 143 1010 enim
163 980 244 1009 foetus
264 981 361 1017 exponi
380 981 394 1008 ἐι
406 980 557 1017 parentibus
572 991 628 1010 non
642 983 727 1011 vetuit
739 1002 746 1012 ,
776 981 821 1008 sti
840 981 970 1008 indicatos
988 980 1060 1016 prius
1078 980 1196 1016 quinque
1209 980 1272 1008 viris
1286 982 1379 1009 vicinis
1392 984 1525 1018 proximis
1536 1002 1544 1015 ,
1571 985 1589 1012 fi
1602 985 1654 1013 illis

68 1029 176 1057 quoque
192 1019 365 1055 exponendos
379 1019 431 1047 effe
444 1019 530 1047 visum
544 1019 633 1049 fuerit.
672 1021 774 1048 Contra
787 1019 856 1048 hanc
870 1018 960 1055 legem
976 1018 1210 1047 committentium
1221 1038 1230 1051 ‚
1250 1027 1344 1055 praeter
1360 1019 1420 1048 alias
1437 1022 1549 1055 multas,
1571 1024 1653 1052 etiam

67 1058 214 1087 dimidium
228 1058 364 1085 bonorum
377 1058 480 1086 addixit
492 1059 594 1086 aerario.

74 1126 78 1127 ⁷
107 1097 278 1124 Decimanona
285 1094 415 1132 descripta
422 1096 457 1123 est
465 1106 496 1124 ex
506 1095 636 1124 Plutarchi
643 1096 760 1129 Romulo,
779 1094 1021 1132 ubihaeclegimus:
1043 1095 1128 1132 Leges
1135 1095 1218 1122 etiam
1228 1094 1353 1132 quasdam
1362 1096 1422 1125 tulit
1431 1098 1565 1129 Romulus,
1586 1100 1657 1129 inter

70 1142 134 1171 quas
147 1133 291 1163 vehemens
302 1134 337 1161 est
351 1134 393 1162 illa
401 1155 408 1166 ‚
429 1143 480 1171 qua
494 1134 600 1162 mulieri
608 1135 734 1163 maritum
743 1134 910 1171 relinquendi
917 1133 1032 1169 potestas
1040 1133 1179 1160 adimitur:
1201 1134 1260 1161 viro
1268 1141 1357 1162 autem
1366 1135 1462 1170 ejicere
1470 1146 1583 1165 uxorem
1591 1148 1656 1167 con-

70 1173 174 1201 ceditur
187 1193 194 1204 ,
219 1171 238 1199 fi
252 1172 381 1200 veneficio
393 1173 462 1201 circa
476 1174 581 1209 prolem
595 1173 639 1201 usa
652 1172 741 1201 fuisset
756 1193 763 1204 ,
785 1180 829 1199 aut
843 1171 955 1199 alienam
969 1180 1019 1207 pro
1033 1170 1076 1199 sua
1094 1170 1245 1199 subdidisset
1261 1171 1311 1206 (fic
1324 1174 1397 1200 enim
1412 1175 1493 1203 vertit
1505 1174 1657 1204 Guilielmus

70 1210 206 1250 Xylamder)
220 1218 264 1237 aut
277 1209 437 1238 adulterium
453 1211 638 1239 commisisset:
659 1210 675 1236 si
690 1212 747 1247 quis
759 1209 807 1236 alia
819 1209 853 1236 de
864 1208 938 1236 causa
950 1208 1106 1250 repudiasset
1116 1209 1277 1247 conjugem,
1289 1206 1380 1238 mariti
1390 1211 1460 1240 bona
1470 1214 1571 1248 partim
1581 1216 1658 1244 uxori

70 1248 210 1278 cederent,
231 1248 330 1283 partim
345 1249 437 1275 Cereri
449 1247 518 1276 sacra
532 1248 633 1277 forent:
656 1251 683 1277 ἃ
697 1249 743 1285 qui
755 1256 869 1276 uxorem
883 1246 1033 1279 diminffet‚
1053 1255 1074 1274 is
1087 1246 1136 1274 diis
1151 1247 1275 1276 manibus
1289 1257 1348 1276 rem
1363 1247 1463 1278 sacram
1477 1251 1585 1280 faceret.

110 1284 233 1323 Vtgefima
247 1285 340 1313 eadem
354 1287 391 1314 est
404 1295 466 1313 cum
479 1285 625 1318 undecima,
646 1286 680 1314 de
694 1295 745 1323 qua
758 1286 883 1314 diximus.

111 1327 152 1350 De
170 1321 368 1361 vigesimaprtma
388 1323 466 1352 Dian.
487 1323 687 1361 Halicarnaffeus
701 1336 708 1350 .·
736 1323 949 1352 Commendavit
974 1322 1108 1350 Romulus
1127 1324 1243 1360 patriciis
1261 1323 1380 1360 plebejos
1399 1327 1511 1363 optione
1530 1330 1624 1367 cuique
1644 1329 1660 1358 ὲ

72 1360 155 1398 vulgo
169 1362 243 1392 data,
264 1369 307 1393 ut,
327 1371 410 1398 quem
424 1361 503 1390 vellet
517 1370 662 1398 patronum
677 1361 722 1389 fibi
736 1362 845 1399 legeret.
865 1362 900 1389 Et
914 1359 1080 1387 Plutarchus:
1101 1361 1235 1390 Romulus
1245 1362 1360 1398 reliquos
1373 1367 1539 1400 potentiores
1554 1366 1657 1406 avulgo

72 1399 186 1435 sejunxit
199 1419 207 1431 ,
227 1407 345 1432 patronos
366 1410 412 1427 eos
427 1400 574 1436 appellans,
598 1400 690 1438 vulgus
703 1408 791 1428 autem
806 1400 907 1426 clsentes
921 1410 929 1424 :
950 1407 1032 1435 eaque
1044 1409 1073 1427 re
1087 1399 1231 1428 mirificam
1245 1399 1459 1431 benevolentiam
1475 1412 1572 1433 mutuo
1585 1407 1657 1434 exci-

73 1438 154 1468 tavit,
175 1439 200 1465 &
215 1446 274 1464 eam
286 1437 345 1472 jura
358 1438 474 1465 invicem
489 1439 580 1475 magni
592 1439 718 1474 ponderis
734 1437 873 1466 consecuta
887 1436 960 1467 sunt,
981 1438 1031 1464 &c.
1054 1438 1183 1466 Meminit
1196 1439 1252 1473 ejus
1265 1439 1346 1466 etiam
1362 1439 1462 1468 Livius.

111 1480 152 1503 De
168 1472 404 1513 vige-fimafi‘cunda
419 1478 445 1504 ὃς
460 1474 579 1513 vigesima
590 1476 669 1503 tertia
681 1476 798 1504 diximus
812 1496 820 1507 ‚
844 1476 877 1503 ad
893 1475 1003 1502 tertium
1019 1483 1097 1511 caput
1111 1496 1118 1506 ,
1144 1475 1189 1502 ubi
1202 1477 1272 1503 inter
1285 1475 1333 1502 alia
1348 1476 1459 1516 Dionffn'
1473 1477 1657 1518 Hzlicarnaffls'

72 1513 166 1546 verba,
187 1516 213 1541 δε
226 1513 281 1540 haec
294 1514 447 1541 citavimus:
469 1515 565 1542 Statuit
579 1514 715 1546 Romulus,
736 1522 765 1542 ut
778 1514 812 1541 de
825 1513 1105 1554 injuriis'gravilbsimas
1121 1513 1206 1540 causas
1219 1514 1275 1549 ipie
1287 1512 1458 1547 decerneret,
1478 1516 1588 1545 leviores
1596 1526 1657 1554 per-

75 1551 196 1578 mitteret
201 1550 319 1584 finatm'.
339 1552 508 1587 providendo
522 1553 647 1584 interim,
669 1562 703 1580 ne
715 1552 778 1589 quid
792 1559 918 1588 peccetur
930 1558 957 1577 in
970 1550 1085 1585 judiciis.

113 1591 154 1615 De
166 1586 284 1624 tngefima
297 1597 390 1626 quarm
401 1609 409 1620 ‚
433 1589 505 1626 quod
524 1590 658 1618 Romulus
670 1599 771 1618 annum
785 1590 878 1618 fecerit
891 1587 1024 1616 menfium
1037 1589 1131 1617 decem
1145 1609 1153 1621 ‚
1179 1598 1242 1617 cum
1258 1589 1337 1618 multi
1350 1589 1392 1618 alii
1406 1611 1413 1622 ‚
1440 1597 1499 1620 tum
1515 1592 1657 1622 Mzcrobius

75 1624 122 1654 lib.
136 1636 157 1653 r.
177 1625 399 1659 saturnaliorum,
420 1636 475 1664 cap.
491 1636 530 1654 12.
544 1626 669 1656 scribunt.
688 1630 777 1664 Atque
788 1627 913 1655 haetenus
927 1626 961 1653 de
973 1625 1023 1653 illis
1037 1626 1164 1663 capitibus
1177 1636 1234 1664 quae
1248 1627 1261 1656 ὲ
1275 1627 1399 1663 Franctfio
1412 1629 1552 1659 Balduino.
1575 1632 1656 1659 Paulo

74 1661 209 1693 Munatio,
230 1663 375 1698 Pandulpho
389 1668 487 1692 Prateo
499 1665 652 1693 recitantur.
672 1665 832 1694 Videbimus
842 1666 900 1702 jam
915 1663 982 1696 illas,
1003 1673 1116 1702 quarum
1131 1666 1243 1693 certiora
1256 1667 1326 1703 apud
1338 1665 1480 1703 scriptores
1494 1675 1595 1697 veteres
1607 1678 1653 1699 ex-

74 1708 134 1730 tant
147 1701 313 1734 testimonia,
333 1704 360 1731 ὅ(
373 1712 430 1741 quae
443 1703 536 1732 iisdem
550 1702 622 1736 fere,
642 1703 736 1742 quibus
749 1711 883 1742 conceptae
897 1703 1017 1735 fuerunt,
1038 1703 1124 1732 verbis
1137 1704 1261 1733 citantur.

697 1759 822 1793 Romuli
838 1759 930 1805 Regis
945 1758 1036 1805 leges.

115 1817 200 1846 Unius
212 1822 317 1845 tanturn
330 1816 396 1853 legis
410 1816 510 1844 Romuli
525 1817 554 1845 fit
570 1817 674 1844 mentio
686 1817 713 1845 in
726 1816 795 1854 festo
805 1837 813 1847 ‚
832 1827 890 1855 quae
907 1826 999 1848 tamen
1017 1830 1050 1849 an
1065 1821 1186 1850 Romulo
1200 1821 1368 1850 adscribenda
1382 1820 1413 1849 fit
1426 1841 1433 1852 ,
1453 1821 1568 1851 dubitari
1581 1824 1655 1860 posse

73 1855 181 1884 videtur
194 1876 202 1887 ‚
227 1864 311 1892 quum
329 1854 414 1890 ftstus
426 1855 497 1884 dicat
510 1855 756 1892 (quemadmodum
769 1856 878 1894 quidem
893 1866 956 1885 eum
969 1857 1060 1887 locum
1074 1859 1198 1896 Josephus
1211 1859 1320 1897 Scaliger
1333 1859 1501 1895 emendavit)
1513 1861 1542 1889 in
1554 1862 1656 1900 legibus

77 1893 161 1930 Regis
176 1892 287 1920 Romuli
301 1895 327 1921 ὃ(
341 1894 427 1924 Tatii,
449 1895 476 1922 &
490 1895 563 1921 Servi
579 1893 659 1921 Tullii
673 1903 732 1922 earn
747 1902 849 1923 extare:
870 1895 914 1922 Est
927 1904 1019 1924 autern
1029 1897 1099 1924 haec:

116 1932 170 1958 SEI
191 1931 402 1960 PARENTEM
421 1932 520 1959 PUER
540 1932 751 1965 VERBERIT,
773 1935 842 1961 AST
859 1934 964 1961 OLOE
984 1935 1230 1963 PLORASSINT.
1251 1935 1350 1964 PUER
1368 1936 1494 1965 DIVEIS
1512 1937 1652 1967 PAREN‹

75 1969 165 2005 TUM
183 1968 300 1996 SACER
318 1969 422 1997 ESTO.
442 1971 496 1998 SEI
518 1970 662 2001 NURUS,
683 1971 804 1998 SACRA
823 1971 947 1999 DIVEIS
967 1972 1183 1999 PARENTUM
1203 1973 1309 2007 ES'IJO.

116 2006 199 2034 Addit
213 2004 313 2043 Festus,
326 2006 454 2043 ploraffint
467 2010 493 2036 in
507 2008 554 2036 hac
568 2007 627 2045 lege
641 2007 786 2045 fignificare
800 2008 952 2041 damarim,
973 2009 1026 2038 five
1038 2009 1218 2038 inclamarint.

116 2043 254 2079 verberim]
275 2045 327 2072 Pro
339 2045 473 2075 verberet:
491 2047 611 2076 vindan,
631 2055 682 2083 pro
697 2047 821 2075 vindicet.

113 2082 197 2119 Oloe]
216 2083 268 2110 Pro
279 2082 326 2110 illi.

114 2125 189 2150 Sacer
199 2120 270 2159 esta]
292 2122 365 2159 Qd
377 2121 408 2151 fit
411 2124 527 2159 sacrum,
547 2124 590 2155 vel
604 2122 704 2153 sacram
718 2122 795 2153 alicui
812 2124 876 2152 divo
890 2122 953 2152 esse:
973 2124 1001 2152 in
1014 2134 1046 2154 χι
1055 2136 1077 2154 ι.
1089 2125 1183 2156 tabulis
1196 2124 1396 2163 explicabimus.

674 2177 784 2212 Numae
800 2177 948 2225 Pompilii
962 2177 1051 2224 leges.

114 2233 156 2261 Ex
171 2231 274 2271 legibus
286 2235 374 2260 Numa
387 2232 502 2268 Pompilii
515 2233 570 2263 haec
583 2234 735 2273 fragmenta
748 2237 926 2274 reperiuntur:

116 2272 172 2299 SEI
190 2272 380 2300 HOMINEM
399 2273 546 2300 FULMIN
568 2275 667 2311 JOBIS
688 2275 772 2310 (five,
795 2283 826 2304 ut
839 2273 919 2313 Justo
932 2272 1010 2313 Lipsto
1021 2273 1125 2312 placet,
1146 2284 1285 2304 FULMiNIS
1300 2275 1478 2310 nominandi,
1499 2275 1570 2311 casu)
1589 2276 1654 2304 OC2

77 2310 187 2338 CISIT.
213 2309 270 2338 EM
299 2310 419 2337 SUPRA
445 2311 578 2339 GENUA
605 2313 671 2341 NEI
691 2314 874 2343 TOLLITO.
904 2314 1023 2342 HOMO
1043 2313 1098 2342 sEl
1118 2313 1292 2343 FULMINE
1312 2315 1469 2344 OCCISUS
1488 2316 1590 2347 ESIT,
1618 2315 1655 2343 EI

75 2349 193 2387 JUSTA
211 2348 344 2377 NULLA
361 2348 463 2377 FIERI
482 2349 700 2380 OPORTETO.

1615 2390 1659 2419 Sic
