2075 2734
376 130 431 166 468
681 117 1677 155 AN'rrqurrA'ruMRoMANARumLus-VI.

377 183 444 203 unus
465 177 571 200 tantum
592 169 700 206 Confiol,
720 170 767 206 qui
789 168 953 197 renuntiatus
975 174 1030 195 erat
1044 166 1165 203 sequenti
1181 166 1224 193 die
1237 165 1271 192 de
1285 165 1456 202 subrogandis
1469 164 1531 196 fibi,
1551 165 1592 193 vel
1606 166 1777 201 praetoribus,
1799 168 1840 196 vel
1854 169 1968 208 collegis

376 208 478 238 comitia
499 209 620 237 habebat.
663 208 746 243 Qod
765 209 848 234 etiam
865 205 943 233 fiebat
955 226 961 238 ‚
988 205 1007 232 si
1022 214 1077 232 uno
1092 203 1225 234 Consule,
1254 205 1320 232 item
1337 214 1390 232 uno
1404 223 1411 234 ,
1438 203 1479 230 vel
1493 202 1611 239 pluribus
1625 205 1780 239 praetoribus
1795 209 1967 243 renuntiatis,

378 256 521 284 antequam
535 257 567 275 ex
582 246 685 282 reliquo
699 245 903 273 candidatorum
918 252 1046 274 numero,
1067 243 1132 270 alter
1146 251 1253 278 quoque
1268 241 1383 272 Consul,
1405 240 1445 268 vel
1460 241 1502 268 alii
1517 249 1643 277 praetores
1656 244 1797 271 renuntiati
1805 245 1886 274 essent
1896 266 1902 276 ,
1921 248 1967 275 ali-

379 287 445 324 quid
461 287 494 313 de
509 285 579 313 coelo
594 283 741 314 accidisset‚
762 283 836 319 cujus
851 283 1003 309 interventu
1018 281 1128 308 comitia
1142 279 1344 307 dirimebantur.
1376 281 1449 306 Tum
1467 280 1549 307 etiam
1564 279 1608 306 ille
1622 279 1721 308 Consul
1737 281 1777 307 vel
1791 291 1917 317 praetores
1930 285 1967 314 iffi

378 326 436 361 jam
452 323 607 354 renuntiati,
627 332 684 350 non
696 321 807 359 quidem
821 319 1000 347 reddebantur
1016 318 1117 347 vitiosi·-
1137 317 1181 346 sed
1194 326 1286 346 tamen
1301 316 1409 354 collegae
1422 317 1548 349 illorum,
1567 327 1600 345 eo
1612 317 1656 345 die
1669 319 1752 346 creari
1766 328 1820 346 non
1830 329 1967 356 poterant,

380 372 476 391 verum
492 361 599 398 postero
612 360 664 388 die.

419 399 562 427 Diversum
577 405 633 426 erat
646 399 674 426 in
687 395 792 424 comitiis
805 395 929 430 censorum
939 415 947 425 ‚
966 397 993 423 in
1009 394 1117 432 quibus,
1138 394 1155 421 si
1170 401 1261 421 creato
1274 403 1329 421 uno
1342 392 1450 422 censore
1464 393 1608 431 tempestas
1617 395 1727 423 comitia
1734 395 1887 430 dirimeret,
1908 404 1970 428 tum

381 439 465 467 etiam
480 438 517 469 is,
537 437 582 473 qui
596 444 698 465 creatus
711 436 768 472 jam
781 433 873 462 censor
887 442 958 465 erat,
979 432 1087 462 vitiosus
1101 432 1261 460 censebatur.

420 476 484 504 Erat
498 477 524 504 δε
538 474 593 502 haec
608 484 660 502 una
672 472 887 501 dirimendorum
901 470 1055 499 comitiorum
1068 471 1150 502 ratio,
1173 470 1192 497 fi
1206 471 1264 506 quis
1280 470 1447 506 magistratus
1460 471 1548 507 major
1561 469 1690 498 vexillum
1704 470 1768 499 illud
1777 492 1785 504 ‚
1805 471 1848 500 seu
1863 472 1968 510 iignum

381 513 499 542 militare
511 534 518 545 ‚
547 513 620 550 quod
640 512 771 549 principio
790 508 946 537 caminorum
965 510 992 537 in
1007 507 1131 548 Janiculo
1144 508 1293 545 erigebatur
1306 528 1314 539 ‚
1340 507 1402 535 inde
1416 508 1565 536 detraheret
1579 528 1587 540 ‚
1615 511 1641 537 ὃς
1656 510 1805 537 exercitum
1819 510 1969 540 abduceret.

382 553 457 579 Tum
472 552 544 579 enim
561 550 627 578 nihil
640 549 753 587 amplius
766 548 873 576 decerni
887 554 1007 584 poterat,
1027 546 1071 574 sed
1083 547 1179 574 concio
1193 545 1356 576 solvebatur,
1377 555 1406 575 ut
1419 545 1499 575 habet
1506 546 1589 575 Diod.
1603 557 1644 584 37.
1664 548 1773 576 Restant
1782 557 1826 580 ea,
1848 550 1970 586 quaepost

383 590 454 618 dieta
470 589 591 626 firffragia
605 589 663 616 fieri
676 587 803 616 solebant.
1260 621 1265 625 .

425 628 456 655 In
477 628 568 665 legum
589 625 694 654 comittis
712 625 877 662 magistratus
897 624 955 660 post
976 623 1144 650 dinumerata
1161 620 1283 659 suffragia
1296 620 1387 659 legem
1402 629 1448 650 aut
1461 629 1599 658 acceptam
1612 629 1657 651 aut
1669 623 1834 660 antiquatam
1851 634 1971 661 pronun-

382 665 465 694 tiabat
477 686 486 699 ,
507 665 692 702 populumque
706 662 867 691 dimittebat.
900 663 931 689 In
947 661 1149 698 magistratuum
1162 669 1226 687 vero
1245 660 1363 687 comitiis
1377 659 1477 687 solebat
1490 661 1526 692 is,
1548 661 1594 697 qui
1611 662 1721 688 comitia
1734 661 1846 692 habebat
1858 684 1866 695 ,
1885 664 1969 701 prius.

384 712 468 740 quam
482 703 615 740 populum
630 703 795 732 dimitteret,
816 709 861 727 eos
876 700 1038 730 renuntiare,
1059 708 1126 736 quos
1138 698 1195 734 jam
1207 697 1465 735 saepeiipraeconibus
1472 698 1658 734 pronuntiatos
1665 698 1777 734 populus
1785 701 1906 733 creasset,
1926 704 1973 730 ad,

382 741 455 778 jeehr
469 742 570 769 solenni
583 741 750 777 precatione,
771 739 796 765 id
812 737 885 775 quod
901 747 932 766 ex
948 736 998 764 Cic.
1020 737 1150 764 Oratione
1158 745 1203 770 pro
1216 741 1331 763 Murena
1345 737 1460 767 constat,
1480 736 1526 773 qui
1535 737 1617 764 etiam
1625 735 1742 764 solennia
1749 738 1819 773 quasi
1827 739 1906 766 verba
1912 749 1980 776 pre->

384 780 610 807 cationisrecitat:
633 775 907 815 Qaeprecatussum,
928 775 1028 812 inquit,
1049 774 1127 802 ‘aDiis
1137 774 1349 805 immortalibus,
1369 775 1471 810 judices
1480 783 1559 801 more
1576 774 1746 812 institutoque
1755 776 1905 812 majorum,
1926 778 1972 807 illo

385 818 429 845 die
442 838 450 849 ,
478 827 532 854 quo
550 815 683 852 auspicato
702 816 716 842 ἐι
728 813 832 842 comam
844 821 989 841 centurmtss
1004 815 1035 840 L.
1051 814 1199 840 Muraenam
1215 811 1361 840 Consulem
1377 812 1526 840 renuntiavi
1540 833 1546 843 ‚
1573 820 1602 840 ut
1616 821 1647 840 ea
1661 822 1702 840 res
1717 812 1783 840 mihi
1798 816 1974 852 magistratui-

385 864 438 892 que
451 864 531 883 meo:
552 854 653 891 populo
666 853 805 890 plebeique
820 853 950 878 Romam„-
966 851 1048 882 bene,
1069 859 1098 877 ac
1114 849 1227 877 feliciter
1237 849 1371 881 e'veniret,
1394 852 1446 879 ὃῑς.
1465 849 1531 878 Illud
1542 859 1650 886 quoque
1660 861 1692 879 ex
1704 851 1803 878 eodem
1816 854 1973 882 cmconfir-

386 902 462 920 mare
476 892 626 929 poss‘umus,
647 901 706 923 eos,
727 891 772 927 qui
787 888 915 917 Consules
927 889 1053 925 designati
1062 886 1157 920 effent,
1177 887 1294 915 domum
1303 888 1336 915 de
1344 887 1656 924 campodeducisolitos,
1676 888 1793 926 &magna
1801 891 1974 921 multitudine

385 931 494 968 populi,
514 940 545 957 ac
559 929 705 965 praesertim
716 928 930 964 propinquorum
942 925 1191 954 &necessariorum
1212 924 1433 953 Verbaciceroms
1441 927 1585 953 Orat.2.in
1593 929 1724 959 Verrem,
1745 927 1876 956 fimthaec:
1898 930 1974 959 Nam

385 975 418 996 ut
434 966 581 1006 Hortensius
603 966 703 995 Consul
719 966 867 1001 defignatus
884 964 1059 992 reducebatur
1071 962 1087 990 ἐ
1101 971 1280 998 camporum
1296 963 1413 991 maxima
1426 962 1576 1000 frequentia
1592 966 1618 992 δε
1634 965 1815 994 multitudine.
1847 967 1881 995 Et
1893 967 1974 1004 paulo

386 1007 461 1042 post:
482 1006 654 1042 Propinquis,
675 1001 873 1038 necessariisque
889 1002 960 1043 ejus,
980 1002 1026 1039 qui
1039 1009 1099 1039 tum
1112 1001 1236 1040 aderant,
1255 1001 1368 1030 verbum
1381 1000 1486 1030 nullum
1499 1001 1572 1031 facit.
1591 1003 1680 1039 Atque
1693 1003 1726 1031 de
1739 1002 1974 1042 comitiiscemuriog

386 1043 421 1073 tis
434 1043 561 1073 haetenus
573 1055 578 1072 :
601 1044 721 1073 dicemus
733 1050 805 1070 nunc
819 1040 852 1068 de
867 1039 981 1068 tributis,

1074 1113 1099 1140 C
1119 1122 1134 1140 Α
1156 1123 1179 1140 r.
1217 1112 1288 1142 XV.

729 1167 820 1216 Qid
828 1168 890 1216 fint
907 1166 1022 1203 tributa
1037 1172 1183 1212 comitia,
1211 1177 1259 1205 (φ’
1272 1169 1349 1218 quid
1358 1195 1368 1211 ‚
1392 1178 1519 1217 quotque
1536 1169 1641 1205 tribus.

390 1249 541 1312 Trihuta
555 1246 657 1278 comitia
674 1246 783 1277 fuerunt
795 1267 803 1280 ,
828 1256 858 1277 ut
879 1248 959 1276 docet
972 1249 1041 1285 apud
1057 1248 1189 1287 Agellium
1204 1248 1319 1278 Messalla
1333 1247 1351 1276 l.
1369 1259 1410 1284 15.
1427 1257 1485 1285 cap.
1499 1258 1541 1285 27.
1561 1258 1624 1277 cum
1640 1258 1672 1277 ex
1686 1249 1837 1287 regionibus
1853 1252 1879 1279 St
1893 1250 1978 1285 Iocis,⁸

470 1288 523 1317 hoc
543 1289 580 1316 est
596 1297 644 1324 per
664 1287 746 1316 tribus
766 1285 922 1324 suffragium
943 1286 1084 1315 ferebatur.
1125 1288 1207 1324 Qod
1227 1295 1258 1316 ut
1273 1287 1450 1324 intelligatur,
1478 1288 1512 1314 de
1526 1286 1646 1315 tribubus
1661 1288 1732 1316 unde
1746 1287 1801 1316 haec
1814 1286 1915 1316 comitia
1927 1298 1976 1316 no-

392 1336 457 1355 men
476 1333 650 1363 acceperunt,
670 1325 792 1362 quaedam
813 1325 925 1352 dicenda
943 1324 1010 1352 sunt.
1051 1324 1163 1361 Triplici
1186 1326 1271 1353 modo
1286 1325 1446 1354 vocabulum
1462 1324 1542 1353 tribus
1555 1324 1708 1362 usurpatur,
1727 1333 1771 1353 aut
1785 1335 1835 1362 pro
1848 1325 1910 1356 loco,
1930 1333 1976 1355 aut

392 1374 441 1401 pro
455 1365 606 1397 homzmbm,
626 1371 670 1391 aut
678 1373 721 1398 pro
727 1365 798 1398 jure.
817 1363 935 1398 Qando
945 1371 987 1397 pro
1001 1362 1048 1390 loco
1059 1364 1185 1399 ponitur,
1205 1372 1264 1392 tum
1279 1371 1385 1401 partem
1396 1364 1530 1401 quandam
1539 1363 1619 1391 Urbis
1627 1365 1722 1391 Romre
1730 1364 1873 1400 fignificat:
1894 1373 1977 1402 quan-

391 1404 428 1431 do
448 1413 513 1431 vero
525 1413 571 1438 pro
585 1401 734 1433 bominibus,
755 1408 814 1428 tum
827 1407 932 1436 partem
948 1403 1081 1437 quandam
1095 1402 1209 1428 civitatis
1223 1403 1354 1429 Romanae
1368 1423 1374 1433 ,
1395 1401 1437 1429 vel
1458 1402 1558 1429 civium
1578 1407 1655 1429 notat
1674 1413 1680 1429 ε
1695 1411 1740 1437 pro
1746 1404 1807 1436 jure
1819 1411 1959 1439 acceptum
1966 1423 1976 1436 ‚

391 1442 433 1477 jus
447 1441 555 1478 alicujus
566 1441 648 1478 partis
660 1439 740 1467 Urbis
752 1458 760 1469 ‚
787 1438 830 1465 vel
844 1439 957 1466 civitatis
972 1439 1096 1477 defignat.
1134 1440 1216 1466 Erant
1230 1440 1312 1475 igitur
1325 1439 1408 1466 tribus
1421 1440 1511 1475 populi
1527 1441 1610 1467 Rom.
1627 1448 1715 1475 partes
1729 1440 1855 1467 distinetae
1870 1441 1936 1469 locis
1948 1441 1977 1468 in

392 1479 467 1507 Urbe
480 1475 601 1510 divertis,
624 1481 650 1506 ἃ
663 1476 815 1514 regionibus
829 1476 946 1513 undique
961 1476 1063 1504 circum
1077 1476 1181 1504 Urbem
1195 1486 1242 1513 per
1255 1477 1360 1504 Italiam
1373 1476 1505 1513 disperiis,
1526 1477 1560 1503 fic
1574 1477 1722 1514 appellatae,
1743 1478 1977 1513 quemadmodum

390 1515 507 1550 Afionius
521 1517 650 1543 Paedmnus
664 1516 691 1542 in
705 1514 850 1542 Aetionem
863 1524 888 1550 3.
903 1515 930 1541 in
945 1518 1060 1542 Verrem
1069 1536 1076 1547 ‚
1098 1517 1123 1542 ὃς
1138 1515 1181 1542 alii
1194 1515 1309 1547 docent,
1330 1523 1375 1542 aut
1388 1514 1401 1541 ἐι
1414 1513 1509 1541 tributo
1518 1515 1614 1546 dando,
1635 1522 1679 1542 aut
1693 1515 1754 1551 quia
1761 1516 1980 1552 primotrestan-

394 1562 455 1582 tum
469 1553 591 1585 fuerunt,
611 1553 681 1580 unde
696 1552 777 1579 etiam
791 1551 888 1578 tribum
903 1552 975 1579 dieti.
996 1553 1094 1580 Earum
1110 1554 1213 1588 primus
1224 1552 1319 1580 author
1333 1552 1383 1580 fuit
1397 1552 1532 1580 Romulus:
1552 1561 1603 1588 qua
1615 1553 1648 1580 de
1663 1562 1691 1580 re
1705 1551 1812 1589 Dionffis
1827 1553 1843 1579 1.
1858 1563 1882 1580 2.
1896 1553 1977 1581 verba

393 1592 495 1620 omiffis
510 1591 673 1628 reliquorum
688 1590 847 1626 scriptorum
863 1589 1035 1622 testimoniis,
1056 1590 1222 1618 adscribam:
1237 1591 1269 1617 In
1284 1599 1351 1622 tres,
1366 1591 1467 1627 inquit,
1483 1597 1583 1626 partes,
1601 1590 1682 1617 divisa
1696 1590 1815 1617 universa
1828 1591 1980 1620 multitudi-

394 1640 442 1662 ne,
464 1629 569 1667 fingulis
581 1629 736 1665 praeclarum
751 1627 867 1664 aliquem
884 1628 971 1654 virum
981 1648 987 1659 ‚
1008 1629 1106 1656 ducem
1118 1628 1270 1664 praeposuit:
1294 1628 1391 1656 deinde
1402 1637 1619 1665 unamquamque
1633 1627 1736 1655 rursum
1750 1628 1885 1656 indecem
1897 1630 1981 1665 parti-

394 1677 451 1700 tus,
474 1668 590 1696 totidem
604 1666 760 1694 fortiffimos
774 1667 846 1693 vires
860 1665 896 1692 cis
909 1665 1034 1702 praefecit.
1054 1669 1108 1694 Has
1122 1668 1219 1697 curias,
1242 1665 1297 1693 illas
1309 1665 1391 1693 trdms
1404 1676 1500 1694 vocare
1515 1665 1614 1697 voluit,
1635 1666 1700 1694 ficut
1714 1675 1843 1694 vocantur
1855 1667 1982 1696 &hodie

396 1709 462 1735 Haec
476 1706 526 1734 ille.
547 1706 640 1742 Qem
653 1704 762 1740 quidem
777 1702 920 1740 sequuntur
934 1703 1053 1740 plerique
1066 1705 1109 1732 alii
1126 1706 1311 1732 Romanarum
1324 1714 1415 1732 rerum
1426 1704 1581 1741 scriptoreS,
1600 1711 1716 1740 excepto
1734 1708 1854 1736 Varrone,
1875 1705 1982 1733 Plutar-

397 1745 440 1772 cho
450 1766 459 1777 ,
480 1747 506 1773 ὃς
521 1743 596 1771 Lim
609 1742 628 1772 l.
645 1753 666 1770 1.
680 1751 796 1779 quorum
812 1741 855 1768 hic
869 1750 910 1768 eas
926 1749 978 1769 tres
992 1743 1084 1778 populi
1096 1750 1182 1779 partes
1197 1752 1252 1770 non
1264 1742 1358 1774 tubus,
1378 1742 1421 1770 sed
1435 1742 1550 1780 equitum
1565 1743 1689 1769 cemuu'as
1705 1750 1783 1770 vocat
1797 1741 1869 1776 (alibi
1885 1750 1979 1772 tamen

400 1784 483 1810 etiam
504 1781 585 1809 tribus
604 1790 646 1808 eas
659 1779 784 1816 appellat)
798 1782 823 1807 ὃ(
839 1780 959 1815 primum
975 1780 1095 1808 tribuum
1111 1780 1252 1808 authorem
1265 1780 1386 1808 Servium
1404 1780 1519 1808 Tullium
1533 1779 1597 1808 facit
1611 1791 1616 1806 :
1644 1779 1682 1807 illi
1695 1790 1760 1807 vero
1772 1780 1908 1807 Romulum
1922 1782 1981 1818 qui.

398 1821 462 1848 dem
477 1820 595 1849 tribuum
605 1840 611 1851 ‚
631 1818 698 1847 ficut
712 1821 739 1847 &
754 1818 887 1846 curiarum
903 1818 1043 1846 authorem
1058 1818 1172 1850 faciunt,
1194 1819 1237 1846 sed
1251 1819 1309 1856 post
1322 1819 1449 1846 Sabinum
1466 1818 1621 1845 confectum
1635 1817 1752 1845 bellum:
1772 1827 1835 1845 cum
1849 1817 1981 1857 Dioqyfius

397 1867 492 1887 contra
505 1856 657 1885 Romulum
669 1864 731 1884 ante
744 1865 828 1883 omne
841 1856 939 1883 bellum
951 1855 965 1883 ἐι
982 1855 1006 1883 se
1019 1856 1123 1892 gestum
1138 1856 1267 1892 populum
1282 1857 1309 1884 in
1325 1857 1410 1884 tribus
1424 1859 1450 1885 ὃς
1467 1856 1549 1884 curias
1563 1855 1717 1883 distribuisse
1729 1855 1841 1883 scribat:
1860 1865 1980 1893 quorum

396 1905 488 1925 tamen
502 1895 615 1924 diversas
629 1895 769 1922 iententias
783 1894 819 1922 ita
833 1894 974 1922 conciliare
988 1893 1064 1921 facile
1078 1895 1228 1930 poflumus,
1250 1895 1267 1921 fi
1280 1895 1412 1926 dicamus,
1434 1893 1569 1921 Romulum
1580 1894 1689 1930 quidem
1704 1894 1782 1921 initio
1795 1894 1898 1925 statim,
1918 1903 1981 1923 ante

398 1935 558 1963 Sabinorum
572 1933 671 1961 bellum
687 1932 817 1969 populum
831 1933 858 1959 in
873 1940 926 1960 tres
940 1939 1027 1969 partes
1040 1953 1047 1963 ,
1067 1932 1110 1960 seu
1123 1933 1204 1960 trxbus
1217 1932 1375 1968 descripliffe
1389 1954 1395 1964 ,
1417 1932 1561 1960 secundum
1576 1930 1734 1970 Diourfium,
1756 1941 1819 1969 quas
1832 1939 1920 1967 partes
1935 1931 1981 1960 Li-

399 1973 456 2000 vius
476 1982 530 2001 non
550 1971 645 2002 tribus,
665 1971 709 1998 sed
728 1969 852 1997 cemus-,sas
871 1979 989 2009 equnum
1003 1971 1085 1998 dicat:
1106 1980 1160 1998 non
1175 1972 1247 2008 quod
1261 1971 1340 1998 trtbus
1352 1971 1406 1998 illas
1420 1970 1495 1998 fuiffe
1506 1978 1601 2007 neget,
1622 1969 1666 1997 sed
1680 1970 1752 2007 quod
1767 1979 1797 1997 ex
1813 1970 1917 2007 singulis
1930 1970 1981 1998 illis

398 2011 517 2038 tribubus
536 2019 636 2037 centum
651 2011 748 2048 equites
760 2029 768 2038 ,
794 2015 847 2036 uve
859 2007 964 2046 singula
981 2009 1097 2047 equitum
1111 2012 1227 2036 centurie,
1242 2009 1275 2036 ab
1293 2010 1390 2037 eodem
1405 2009 1454 2037 fint
1470 2008 1605 2044 descriptae
1619 2019 1624 2035 :
1652 2007 1739 2045 eisque
1752 2008 1835 2036 tribus
1847 2009 1980 2044 partibus.

399 2048 543 2077 secundum
560 2046 702 2079 Plutarchi,
721 2050 848 2075 Varronts.
871 2052 896 2075 ἃ
913 2047 1026 2074 aliorum
1042 2047 1214 2079 stmenriam,
1236 2048 1294 2083 post
1308 2048 1463 2076 confedtum
1476 2047 1584 2074 tandem
1602 2046 1729 2074 Sabinum
1742 2045 1859 2078 bellum,
1881 2048 1908 2074 ὃ(
1923 2048 1980 2075 Tit.

401 2087 511 2114 Tatium
526 2089 552 2114 in
567 2086 671 2113 Urbem
685 2088 711 2114 δί
725 2086 800 2122 regni
815 2086 969 2114 iocietatem
986 2093 1138 2121 receptum,
1159 2087 1268 2113 nomina
1278 2096 1307 2113 ea
1314 2086 1433 2124 quaejam
1441 2084 1581 2115 habemu5‚
1602 2084 1653 2112 esse
1660 2084 1792 2121 impolita.
1811 2085 1928 2113 Fuerunt
1936 2094 1981 2113 au-

400 2130 457 2150 tem
470 2134 560 2153 earum
575 2124 689 2151 tribuum
702 2125 813 2151 nomina
828 2122 899 2150 haec:
919 2123 1078 2162 Ramnenst's,
1100 2123 1229 2162 Tttifflgst‘s,
1252 2127 1277 2152 ἃ
1293 2127 1404 2152 Luceres.
1422 2122 1567 2161 Ramnenfis
1579 2123 1649 2150 dista
1662 2122 1711 2151 fuit
1725 2122 1738 2149 ὲ
1750 2123 1868 2151 Romulo,
1889 2124 1981 2159 primo

404 2161 484 2188 Urbis
505 2163 644 2190 conditore
657 2173 661 2188 :
685 2161 807 2195 Titienfis
822 2164 835 2188 a
850 2167 865 2189 ‘a
876 2164 912 2188 ito
926 2161 1003 2189 'tario
1018 2162 1176 2188 Sabinorum
1194 2164 1280 2199 Rege,
1303 2163 1349 2199 qui
1360 2162 1374 2189 ὲ
1389 2160 1510 2189 Romulo
1525 2161 1616 2197 praelio
1629 2161 1715 2189 viCtus
1727 2160 1759 2187 ab
1773 2161 1872 2188 eodem
1886 2162 1912 2188 in
1928 2162 1980 2187 Ur-

402 2199 465 2226 bem
488 2201 607 2226 Romam
623 2203 649 2228 &
665 2200 771 2237 imperii
790 2199 945 2228 societatem
966 2208 1086 2236 receptus
1106 2200 1157 2226 fuit
1173 2210 1177 2226 z
1202 2202 1304 2228 Luceres
1319 2200 1361 2228 vel
1374 2199 1388 2227 ἐι
1402 2201 1554 2228 Lucumone,
1575 2198 1618 2227 vel
1630 2197 1644 2226 ὲ
1658 2197 1805 2230 Lucretino,
1826 2206 1856 2227 ut
1869 2198 1979 2235 quidam

403 2237 496 2265 volunt
508 2257 515 2268 ‚
535 2237 578 2276 vel
591 2238 604 2264 ὲ
620 2238 679 2265 luco
694 2237 787 2274 Asylaei
801 2240 828 2266 in
845 2248 924 2275 quem
940 2239 1018 2265 mulii
1029 2238 1092 2275 fuga
1103 2237 1199 2269 delati,
1220 2239 1378 2275 civitateque
1391 2239 1482 2265 donati
1498 2237 1618 2269 fuerunt,
1639 2246 1696 2273 quae
1709 2238 1839 2274 posterior
1851 2236 1980 2263 sententia

404 2273 535 2302 Plutarchi
551 2285 578 2300 m
599 2276 702 2302 Romulo
715 2297 721 2307 ‚
750 2279 776 2304 ἅ
799 2278 912 2305 Paediani
929 2278 956 2304 in
970 2278 1113 2304 Aetionem
1130 2286 1154 2305 2.
1170 2277 1197 2303 in
1213 2280 1326 2304 Verrem
1340 2297 1347 2308 ‚
1375 2276 1542 2303 verilimilior
1555 2276 1606 2303 effe
1619 2276 1732 2303 videtur.
1770 2273 1916 2307 Ramnensss
1930 2274 1980 2311 igi-

402 2321 446 2341 tur
461 2312 582 2342 fuerunt,
603 2313 648 2348 qui
661 2322 715 2339 cum
730 2316 833 2340 Romulo
845 2316 937 2351 primo
953 2315 1053 2342 Urbem
1070 2315 1262 2346 condiderunt,
1280 2315 1394 2350 pastores
1408 2314 1507 2342 scilicet
1522 2312 1630 2341 Albani,
1653 2313 1787 2349 &aliquot
1795 2311 1982 2349 Graecanmge.

403 2353 486 2383 neris,
506 2351 550 2388 qui
563 2357 624 2376 ante
638 2350 741 2377 Urbem
755 2354 891 2384 conditam
905 2363 935 2381 ea
946 2353 1004 2381 loca
1017 2360 1171 2381 tenuerunt:
1192 2354 1264 2390 atqui
1278 2353 1305 2380 hi
1320 2362 1416 2380 omnes
1429 2352 1580 2380 habitarunt
1597 2351 1725 2378 Palatium
1739 2352 1766 2378 &
1780 2349 1891 2376 Caelium
1900 2359 1981 2377 mon-

404 2397 450 2418 tes.
490 2387 618 2423 Totiens&
636 2387 742 2416 fuerunt
759 2389 849 2417 Sabini
858 2411 866 2422 ‚
887 2394 913 2420 ὃς
930 2399 1064 2429 quotquot
1078 2390 1110 2419 ab
1124 2400 1153 2419 ea
1167 2392 1277 2428 regione
1295 2390 1336 2420 vel
1349 2400 1414 2419 cum
1428 2395 1460 2418 T.
1473 2389 1566 2419 Tatio,
1589 2388 1629 2417 vel
1641 2389 1729 2426 postea
1746 2394 1888 2420 venerunt,
1908 2389 1935 2454 δῖ
1951 2388 1982 2415 hi

1893 2434 1926 2454 co
1937 2435 1982 2454 ue-
