2075 2734
832 89 1071 117 Fauni

396 147 432 161 ma
440 137 501 168 causis
508 135 560 161 belli
568 134 643 161 Italici
653 151 659 163 ,

397 169 510 200 idemque
520 169 605 194 cicero
612 167 642 191 de
649 174 663 190 o

396 200 469 229 nonsit
476 202 541 229 itt-tris,
547 200 630 223 rafiam
638 199 665 228 ast
672 207 710 220 non
718 199 855 227 licervsquizm
863 199 961 220 tulerunt
968 200 1034 227 legem
1043 197 1168 228 sapientissi-

398 234 430 256 ηπ·
439 230 534 257 Consules
545 248 552 258 ,
560 231 639 258 crassus
647 247 653 256 ‚
668 228 693 251 (γ’
701 230 798 252 Scevala.
814 231 889 252 Unam
897 235 976 253 tamen
988 230 1034 253 laxe
1045 230 1083 253 lex
1090 228 1170 252 habuit

413 257 564 295 xcepr'ionem
573 280 580 289 ,
598 268 676 284 utnon
685 267 769 284 omnes
776 260 842 290 plane
855 259 977 292 insitarum
990 262 1110 285 civitatum
1125 260 1171 288 iura

410 295 558 326 edigerentut
565 310 570 321 ,
577 293 615 316 sed
622 301 706 316 ornnes
715 298 794 323 practer
800 299 842 315 eos
849 309 854 319 ‚
862 293 903 323 qui
911 293 1028 316 civitatem
1036 295 1169 316 Romanam

399 327 451 358 lege
464 327 556 350 Servilia
568 325 639 348 ess‘ent
652 324 779 348 coniecuti.
796 323 820 346 id
834 324 894 347 mihi
906 324 1092 348 demonstrarunt
1104 324 1170 347 facile

397 359 436 382 illa
446 376 451 384 ,
468 366 518 389 qua:
530 358 576 385 jam
583 356 675 380 recitavi
685 373 690 382 ,
709 356 832 379 Ciceronis
840 355 905 379 verba
914 363 955 387 pro
963 356 1041 380 Balbo.
1060 356 1118 387 Julia
1126 356 1169 379 lata

400 389 432 413 est
443 390 455 413 a
466 387 697 414 L.caesa1econfiile‚
715 389 738 411 P.
747 387 833 410 Rutilii
846 388 944 419 collega.
959 395 983 411 ea
990 387 1076 414 sanxit,
1094 388 1168 413 utiis,

399 422 456 452 qui,
477 420 541 444 bello
552 421 632 443 italico
646 426 729 443 exorto
743 435 749 446 ,
768 420 792 442 in
806 418 851 442 ride
865 418 1006 447 manserant,
1025 420 1170 449 (manserant

402 459 479 476 autem
486 459 570 475 ornnes
578 452 669 481 Latini)
687 451 761 477 ariis,
779 451 821 481 qui
835 451 994 474 inamicitiam
1009 451 1083 483 postea
1091 450 1170 475 rediis-

399 484 448 507 sent
456 501 461 510 ,
479 485 559 507 civitas
566 484 664 507 daretur.
682 483 711 506 ira
720 483 824 513 primum
832 482 908 506 Latini
915 499 921 510 ,
930 482 1015 506 deinde
1021 484 1090 507 etiam
1098 483 1171 506 ltalici

401 523 486 539 omnes
494 533 500 542 ,
517 523 571 539 cum
579 516 605 539 ad
613 515 740 538 amicitiam
747 514 829 544 populi
845 516 918 538 Rom.
932 514 1062 542 rediissent,
1080 516 1172 538 civitate

402 546 491 570 donati.
509 548 568 579 julia
579 554 657 571 :tutem
666 546 725 569 dicia
734 563 740 572 ,
758 546 813 576 quia
821 545 882 569 solus
895 554 945 570 earn
953 546 1025 570 Cztsar
1034 564 1039 572 ,
1057 555 1111 569 cum
1125 547 1173 571 eius

404 579 494 602 collem
502 580 605 603 Rutilius
613 580 637 602 in
646 578 785 610 prxlroess'et
793 577 892 605 occisus,
911 585 939 601 ex
952 581 973 601 S.
983 581 1011 601 C.
1021 580 1082 602 tulit.
1100 579 1173 605 Huius

402 597 586 642 legisbeneficio
594 611 743 634 coloniarum
750 610 862 633 omniurn
871 626 877 636 ‚
885 612 908 634 &
918 610 1113 640 municipiorum,
1122 618 1172 641 quae

403 643 428 665 in
436 642 612 669 Italiafueruut,
631 639 843 674 :itquatajurasunt²
860 649 908 664 non
916 648 940 664 ut
954 642 1044 672 legibus
1058 643 1171 665 Romanis

404 681 470 705 :tque
484 681 602 698 merentur
616 691 621 701 ,
645 675 716 704 (nam
728 673 875 696 coloniarum
889 673 996 696 duntaxat
1011 676 1171 697 Romanarum

402 706 513 738 bocfuit:
531 704 823 737 municipiasuislegibuS,
841 711 909 735 atque
923 705 1033 728 institutis
1048 704 1170 735 vivebant)

403 737 441 760 led
456 745 480 760 ut
493 745 558 768 :eque
570 738 604 766 jus
617 737 676 760 illud
690 737 779 760 civium
788 739 951 759 Romanorum
960 753 966 763 ,
983 736 1072 760 ferendi
1087 736 1173 760 scilicet

403 766 513 799 suffragii,
523 771 546 793 ὅ(
554 768 758 800 adipiscendorum
766 767 938 798 magistratuum
947 784 952 794 ,
960 768 1101 791 obtinerent.
1109 768 1174 799 quod

404 807 467 823 antea
476 801 613 832 municipiis
622 817 628 827 ‚
644 802 667 825 &
677 799 792 824 Romanis
799 799 1000 823 coloniislicueiar
1009 816 1015 825 ‚
1025 800 1110 823 Latinis
1118 799 1172 823 vcro

404 833 507 856 coloniis
517 849 522 858 ‚
538 834 562 857 δι
572 832 655 855 Latino
662 831 752 863 populo
760 838 808 854 nori
817 831 873 854 item
882 848 888 857 ,
907 831 982 862 postea
995 830 1106 854 sublatam
1117 832 1173 855 hanc

402 864 480 894 legem
487 864 542 887 licet
549 864 653 894 opinari,
670 871 724 886 cum
732 862 791 886 dicat
798 863 920 885 Suetonius
928 863 1011 886 Claud·
1029 872 1037 886 r
1044 872 1067 889 9.
1083 865 1173 885 Homim

404 897 483 918 Larino
490 904 530 924 sus
543 896 664 925 Qain'ium
677 894 690 917 :1
703 894 805 918 Claudio
814 897 954 924 lmperatore
961 894 1114 926 propositum.
1131 894 1172 918 nifi

404 925 610 955 sthocintelligas:
628 925 740 949 omnibus
748 926 771 949 id
780 925 939 957 propoiitum,
957 927 998 957 qui
1012 933 1101 949 tantum
1114 927 1173 949 Latii

406 958 441 986 ius
448 957 568 982 haberent:
582 957 713 985 cujusmodi
720 964 783 981 etant
791 964 875 980 omnes
881 964 942 980 extra
950 958 1036 980 ltaliam
1045 958 1129 980 Latina:
1136 965 1172 980 co-

405 989 477 1013 loniae
487 1006 494 1016 ‚
511 989 640 1020 omniaque
648 990 776 1019 municipia
784 1005 790 1014 ‚
808 995 858 1018 qua:
867 989 900 1014 ius
907 989 965 1012 Latii
975 988 1059 1011 habent
1067 1005 1072 1015 ‚
1091 989 1124 1014 ius
1137 996 1174 1011 au—

405 1027 455 1044 tern
463 1021 584 1051 Qiritum
592 1020 699 1044 nondum
706 1019 777 1043 client
785 1019 884 1043 assecuta.
894 1020 952 1051 legis
958 1020 1024 1043 enim
1032 1020 1095 1050 Julizt
1104 1019 1172 1043 bene*

403 1052 485 1075 ficium
502 1053 559 1075 intra
574 1052 689 1075 terminos
701 1051 770 1074 ltaliae
783 1051 952 1074 continebatur.
970 1052 1054 1074 Plautia
1068 1053 1174 1082 papyria,

406 1084 473 1115 quod
490 1091 535 1115 ego
549 1082 619 1106 sciam
633 1100 640 1110 ‚
657 1081 669 1105 ὲ
683 1083 780 1106 nemine
794 1083 929 1106 nominatur
942 1091 948 1105 :
971 1083 1031 1106 mihi
1044 1089 1120 1106 tamen
1135 1090 1159 1106 ea
1169 1101 1174 1111 ‚

407 1122 480 1146 quam
488 1116 573 1139 Cicero
580 1115 688 1138 nominat
696 1115 722 1138 in
729 1115 835 1137 oratione
844 1121 886 1144 pro
894 1114 976 1138 Archia
983 1122 1030 1145 cap.
1039 1121 1124 1140 4.cum
1131 1116 1174 1138 ait:

405 1149 469 1170 Dara
482 1148 560 1169 civitas
574 1148 665 1179 Sylvani
678 1148 721 1175 lege
735 1163 741 1172 ,
762 1145 788 1169 t&
803 1146 902 1169 carbonis
915 1163 933 1177 ,ξ
949 1146 1034 1169 Plautia
1046 1146 1069 1168 ἃ
1084 1147 1176 1177 Papyria

406 1178 497 1202 videtur
504 1177 570 1202 fuisse
578 1195 584 1204 ,
601 1179 643 1201 lata
656 1176 669 1200 a
676 1176 768 1200 duobus
775 1176 877 1206 ejusdem
890 1178 945 1201 anni
952 1177 1051 1201 tribunis
1059 1177 1132 1208 plebis
1140 1181 1173 1202 M.

404 1210 494 1233 Plautio
507 1211 618 1240 sylvano,
638 1211 668 1233 C.
682 1209 778 1241 Papyrio
792 1208 915 1236 Carbone,
933 1211 961 1232 C.
975 1209 1090 1232 Carbonis
1103 1226 1108 1235 ,
1125 1210 1173 1232 elo—

404 1241 550 1273 quentiffimi
557 1242 601 1264 viri
608 1258 615 1268 ,
632 1240 683 1264 filio
690 1257 697 1268 ‚
715 1240 826 1264 sexennio
833 1240 955 1272 postquam
963 1240 1051 1264 Crassirs
1059 1241 1081 1263 ἃ
1091 1243 1174 1264 Scaevo-

404 1273 425 1296 la
433 1274 510 1305 legem
517 1280 568 1296 eam
575 1273 682 1298 tulerant,
690 1273 719 1296 de
726 1279 769 1304 qua
778 1271 841 1302 supra
849 1274 998 1296 mentionem
1005 1273 1112 1296 fecimus.
1121 1281 1175 1296 nam

403 1304 528 1335 sylvanum
535 1306 580 1328 Cn.
588 1304 701 1335 Pompeio
708 1304 819 1327 Strabone
825 1321 831 1330 ‚
842 1306 867 1327 L.
876 1305 958 1327 Porcio
966 1308 1055 1328 Catone
1065 1302 1128 1327 Coss'.
1137 1305 1176 1328 tri-

406 1336 519 1360 bunatum
527 1334 612 1367 gessiss'e
621 1352 627 1362 ,
640 1335 752 1359 Pedianus
759 1336 835 1359 docet.
859 1335 994 1359 Carbonem
1005 1342 1082 1359 autem
1090 1335 1176 1359 eodem

405 1375 467 1392 anno
474 1367 594 1392 tribunum
604 1367 677 1398 plebis
683 1367 749 1391 fuisse
756 1384 762 1394 ‚
780 1375 807 1390 ex
814 1374 842 1390 eo
850 1365 1016 1398 suspicarilicet
1023 1384 1029 1394 ,
1047 1367 1113 1399 quod
1120 1375 1176 1391 eum

405 1400 457 1431 post
466 1403 498 1423 M.
509 1400 570 1423 Livii
578 1406 681 1423 mortem
690 1415 696 1426 ,
704 1400 746 1431 qui
754 1398 860 1430 Philippo
868 1399 892 1422 &
900 1397 984 1423 Caesare
991 1398 1053 1423 Coff.
1067 1398 1098 1422 est
1105 1399 1175 1423 inter-

407 1430 483 1455 festus
490 1448 497 1458 ,
516 1431 661 1454 tribunatum
668 1430 832 1454 administrasse
840 1447 846 1456 ‚
854 1431 939 1454 Cicero
947 1432 971 1454 in
980 1433 1077 1454 Oratore
1083 1436 1147 1462 cap.6
1154 1439 1162 1457 3
1170 1450 1175 1454 .

407 1462 520 1494 fignificat
532 1462 568 1486 his
575 1461 664 1485 verbis:
682 1465 729 1485 qMe
737 1463 809 1491 stante
823 1458 845 1485 C.
858 1462 921 1484 Carbo
935 1464 957 1485 C.
965 1464 991 1485 F.
1003 1462 1102 1485 tribunus
1113 1462 1176 1492 plebis

408 1496 431 1517 in
445 1495 538 1516 concione
551 1495 610 1516 dixit
623 1502 628 1514 :
655 1496 672 1515 0
692 1495 729 1516 Μ.
743 1494 814 1522 Druse
828 1509 835 1519 ,
856 1500 940 1522 patrem
952 1495 1031 1525 appeuo
1043 1503 1050 1516 :
1075 1500 1100 1515 ru
1111 1495 1177 1515 dicere

403 1524 486 1555 filebaa
496 1526 581 1553 siceram
601 1524 639 1552 effe
656 1523 810 1554 rempublicam
823 1540 830 1550 ,
853 1525 977 1555 quicunque
989 1533 1038 1546 eam
1050 1524 1175 1552 violassent,

408 1555 435 1579 ab
449 1555 544 1578 omnibus
555 1555 592 1584 effi
605 1557 625 1578 ei
638 1561 708 1586 poenas
718 1556 844 1587 perfhlulas.
858 1556 928 1587 patris
946 1554 1028 1577 dicium
1041 1556 1127 1586 sapiens
1144 1562 1174 1577 te-

411 1594 500 1610 meritas
506 1587 553 1617 filii
564 1586 717 1616 comprobavit.
739 1588 858 1612 Praeterea,
876 1593 930 1609 cum
944 1584 956 1608 a
969 1585 1061 1609 duobus
1072 1586 1175 1613 eiusdem

409 1619 464 1642 anni
471 1617 615 1642 Consulibus
621 1625 670 1641 non
677 1616 721 1641 esse
727 1617 794 1640 latam
803 1617 859 1640 hanc
867 1617 953 1648 legem,
961 1615 1011 1641 satis
1018 1618 1114 1647 liqueat,
1122 1619 1175 1649 quia

408 1650 519 1681 sylvanus
531 1650 555 1673 &
569 1648 647 1672 Carbo
659 1649 754 1679 collegae
768 1649 792 1672 in
804 1648 921 1672 consulatu
934 1656 1054 1679 nunquam
1068 1649 1173 1672 fuerunt:

408 1680 497 1706 neceffe
506 1680 538 1704 est
551 1679 564 1703 a
576 1680 669 1704 duobus
681 1679 781 1703 tribunis
788 1680 861 1711 plebis
874 1680 941 1703 latam
949 1680 1092 1703 existimare:
1110 1681 1175 1712 quod

372 1738 375 1741 ,
409 1712 427 1738 fi
439 1711 452 1736 Ξι
464 1712 564 1736 tribunis
577 1711 651 1744 plebis
664 1711 780 1743 sequitur,
798 1718 822 1734 ut
830 1710 856 1734 ab
865 1711 992 1735 iisduobus
1005 1713 1097 1743 potius,
1115 1719 1176 1744 quos

410 1745 549 1771 nominavi,
556 1751 627 1774 quam
635 1742 662 1766 ab
669 1744 732 1767 aliis:
750 1749 775 1766 ut
782 1749 860 1766 tamen
867 1743 896 1767 de
908 1743 1008 1768 secundo
1015 1744 1130 1767 Carbonis
1138 1745 1175 1767 tri·

410 1776 497 1800 bunatu
508 1776 673 1806 intelligamus.
682 1782 735 1798 nam
744 1775 847 1805 primum
854 1782 907 1798 cum
916 1776 1022 1805 QVario
1030 1792 1037 1802 ‚
1054 1778 1081 1799 C.
1091 1776 1176 1798 Curio-

408 1815 439 1833 ne
447 1825 453 1835 ‚
472 1808 608 1839 QMetello
618 1823 624 1833 ‚
642 1809 685 1830 Cn.
694 1806 807 1836 Pompeio
820 1805 884 1837 gessit
893 1823 898 1832 ,
906 1806 1023 1830 Casarc&
1032 1809 1098 1837 Lupo
1111 1806 1174 1829 Coss.

409 1846 435 1863 ut
442 1847 470 1863 ex
478 1839 602 1863 Ciceronis
609 1840 681 1861 Bruto
689 1844 755 1869 patet.
774 1838 892 1868 Ejuslegis
903 1838 949 1860 hacc
957 1837 1068 1861 sententia
1074 1837 1120 1860 fuit
1127 1854 1133 1863 ,
1151 1844 1176 1860 ut

408 1870 525 1902 adscriptis
535 1871 559 1894 in
566 1869 878 1894 foederatascivitatescivitas
884 1868 1022 1896 daretur‚ita‚
1030 1868 1113 1895 situm,
1120 1876 1175 1892 cum

410 1904 447 1927 lex
454 1902 568 1926 ferebatur
575 1919 582 1929 ‚
600 1902 625 1925 in
632 1902 694 1925 ltalia
702 1901 854 1924 domicilium
862 1900 971 1924 haberent
979 1917 985 1927 ‚
1002 1901 1026 1924 ὅ(
1034 1900 1050 1923 si
1062 1899 1176 1931 sexaginta

410 1935 492 1959 diebus
499 1934 559 1965 apud
565 1940 687 1965 praetorem
695 1931 767 1956 ess'ent
775 1931 875 1963 profesti.
894 1931 943 1955 Post
950 1933 1007 1956 hanc
1014 1933 1092 1963 legem
1100 1935 1178 1955 Petro—

410 1967 462 1994 nia,
479 1966 611 1997 mopinot,
628 1964 748 1989 secutaest.
766 1965 834 1988 latam
841 1964 907 1988 enim
916 1971 968 1988 ante
980 1965 1071 1995 Papiam
1086 1970 1177 1995 patrum

410 2005 489 2025 atate,
506 2005 530 2021 ut
544 1997 661 2028 peregrini
675 1996 736 2020 Urbe
747 1995 928 2028 prohiberentur
937 2013 944 2022 ,
961 1996 1045 2020 cicero
1058 1995 1086 2019 de
1093 1994 1178 2019 officiis

409 2032 452 2052 lll.
463 2037 499 2053 tr.
514 2028 621 2053 ostendit.
639 2030 765 2054 Ριινοηίιιι,
784 2028 875 2060 inquit,
889 2029 947 2057 apud
956 2034 1028 2059 patres
1040 2028 1175 2055 nostrasfflae

410 2067 458 2091 pius
471 2067 544 2089 nuper.
560 2060 603 2084 Sed
610 2061 700 2091 Papiam
709 2059 759 2091 post
766 2066 817 2083 eam
824 2058 867 2083 effe
874 2060 942 2083 latam
949 2076 956 2086 ‚
973 2066 1044 2090 quam
1056 2057 1069 2082 a
1078 2059 1177 2089 Sylvano

413 2091 553 2115 &Carbone
566 2098 669 2123 rogatam
683 2092 747 2118 dixi,
766 2091 830 2115 idem
843 2092 929 2115 Cicero
941 2092 964 2114 ὃ(
977 2092 1002 2114 in
1015 2091 1122 2114 oratione
1136 2097 1179 2121 pro

411 2123 495 2146 Archia
507 2130 555 2153 cap.
569 2131 589 2149 ς.
604 2123 714 2154 fignificat
727 2123 762 2146 liis
775 2123 851 2147 verbis
863 2130 869 2144 ι
892 2124 958 2154 Qid
970 2127 980 2145 ?
997 2131 1045 2145 cum
1057 2123 1129 2145 careri
1141 2130 1179 2144 non

413 2155 473 2177 modo
484 2154 526 2185 post
538 2155 651 2178 civitatem
663 2156 737 2178 datam
747 2171 754 2182 ‚
771 2156 810 2184 sed
818 2155 886 2178 etiam
897 2155 940 2184 post
952 2155 1019 2184 legem
1033 2155 1123 2186 Papiam
1136 2155 1178 2176 ali-

412 2193 456 2216 quo
468 2186 528 2208 modo
540 2186 561 2207 in
573 2194 644 2208 eorum
656 2187 822 2219 municipiorum
835 2185 920 2208 rabulas
929 2186 1049 2218 irrepserint
1057 2195 1064 2208 :
1081 2187 1128 2211 bic,
1136 2186 1177 2216 qui

412 2226 449 2240 nec
461 2219 532 2240 utitur
545 2216 632 2247 quidem
645 2219 690 2240 illis
699 2234 705 2245 ,
721 2217 830 2249 inquibus
842 2218 871 2247 est
877 2218 972 2249 firiptus
980 2234 985 2243 ,
1004 2217 1178 2248 quodfimperse

409 2249 567 2278 Heracliensem
581 2249 619 2278 esse
629 2250 701 2271 volun
709 2265 715 2276 ‚
729 2251 857 2280 rejicimur?
874 2251 908 2272 Ex
916 2256 964 2281 quo
972 2249 1076 2280 primum
1084 2248 1113 2272 de
1119 2246 1178 2272 tem-

409 2287 478 2312 pore,
498 2278 584 2303 deinde
592 2278 620 2302 de
628 2278 739 2303 sententia
746 2281 805 2312 legis
815 2281 885 2312 Papia:
893 2280 1007 2304 docemur
1014 2297 1020 2305 ,
1028 2280 1056 2304 de
1064 2287 1179 2311 tempore,

409 2314 479 2336 latam
486 2309 530 2335 effe
537 2309 586 2342 post
593 2317 643 2334 eam
652 2327 658 2336 ‚
675 2319 719 2342 qua
726 2312 805 2336 civitas
811 2313 860 2336 data
867 2312 899 2336 est
906 2329 912 2340 ,
929 2320 1000 2344 quam
1015 2310 1028 2336 ὲ
1040 2313 1140 2343 sylvano
1153 2312 1178 2334 δι

408 2344 519 2369 Carbone
531 2348 635 2374 rogatam
647 2342 794 2368 ostendimus
805 2352 811 2368 z
829 2344 858 2370 de
870 2345 982 2370 tententia
996 2361 1004 2374 ‚
1027 2351 1124 2377 poenam
1135 2342 1180 2368 ess‘e

1132 88 1162 115 M
1204 96 1220 115 Α
1261 97 1279 114 N
1320 97 1337 114 υ
1378 96 1395 115 τ

666 134 776 190 ἑαοέρψ
788 134 903 158 triennium
916 142 1019 159 exartum
1031 135 1169 171 εβῑίικνὶε.Ι
1194 135 1353 166 irrogatamiis
1364 152 1370 162 ,
1381 135 1421 166 qui
1430 134 1488 159 dolo
1496 135 1520 158 in
1531 133 1616 159 tabulas
1624 135 1704 160 munic

1182 337 1185 347 l

1183 495 1189 784 ἰ

1436 97 1444 115 Ι
1486 97 1494 114 1

1706 135 1810 191 iapiomm
1817 136 1961 168 irrepsissenr,

691 167 779 190 ciislll.
789 172 824 190 rt.
842 166 1003 197 Effi‚inqtiit‚
1015 173 1169 198 procne,qm
1197 173 1255 201 utex
1264 174 1306 190 eo.
1324 167 1383 199 legis
1391 167 1496 194 Plautiae,
1511 166 1704 198 &Papyriaebene
1723 168 1775 194 cio,
1788 169 1960 194 civesRotnani

1197 199 1247 222 heri
1254 197 1352 230 posient.
1367 206 1419 221 narn
1428 197 1558 229 adscriptis,
1576 204 1600 221 ut
1609 198 1658 221 dixi
1666 199 1710 227 jam
1719 215 1725 225 ,
1743 199 1768 222 in
1774 199 1895 224 foederatas
1904 201 1961 224 civi·

1197 236 1251 254 tates
1260 230 1334 253 aditus
1340 238 1365 254 ea
1372 231 1422 261 lege
1431 232 1453 254 in
1460 231 1577 253 civitatem
1585 232 1717 253 Romanam
1725 230 1888 255 dabatur.veru
1894 239 1960 256 mne—

1200 268 1242 284 mo
1255 263 1354 292 apertius
1368 263 1446 285 Dione
1460 261 1571 285 historico
1584 261 1651 288 hujus
1660 261 1718 292 legis
1732 261 1901 287 &sententiam
1910 281 1916 291 ,
1938 264 1964 288 ὅ(

1198 299 1290 324 tempus
1298 293 1399 317 ostendit
1411 310 1418 321 ‚
1435 294 1537 316 aitenim
1551 292 1702 317 disertelibto
1709 296 1817 317 XXXVII.
1829 302 1880 326 pag.
1892 298 1963 321 33.E.

1199 325 1268 348 latam
1282 324 1326 348 eise
1339 324 1387 348 ΞΟ.
1395 326 1464 355 Papio
1471 324 1566 348 tribuno
1581 324 1654 356 plebis
1667 332 1727 348 anno
1741 332 1790 349 ante
1804 326 1929 350 L.Caesatis
1939 329 1963 350 ὃς

1196 357 1225 379 C.
1233 357 1309 386 Figuli
1318 357 1506 382 Consulatum‚id
1512 357 1543 380 est
1551 357 1620 379 Cotta
1630 357 1654 380 δε
1661 360 1782 388 Torquato
1790 357 1854 382 Coss'.
1865 357 1963 382 biennio

1199 394 1250 410 ante
1257 389 1398 412 Ciceronem
1405 387 1546 412 Consulem:
1556 387 1666 411 sancitum
1674 395 1751 411 autem
1757 389 1874 419 ealege,ut
1881 397 1965 414 omnes

1199 420 1315 450 peregrini
1330 436 1336 446 ,
1355 425 1432 451 prater
1443 420 1525 446 Italos,
1543 419 1603 443 Urbe
1619 420 1763 443 excederent.
1786 422 1888 444 Valerius
1902 424 1962 445 Max.

1201 453 1360 482 M.Perperna:
1368 457 1455 483 patrem
1464 468 1469 477 ,
1487 451 1681 479 hacdamnatum,
1698 451 1804 482 pristinas
1818 453 1842 476 in
1857 452 1919 476 sedes
1930 460 1964 476 re-

1201 483 1340 507 diiffetradir
1351 500 1356 510 ‚
1377 482 1454 506 amiss'a
1461 483 1551 505 civitate
1561 486 1679 509 Romana,
1697 485 1722 507 in
1731 491 1800 515 quam
1812 491 1891 508 contra
1904 485 1966 516 leges

1202 514 1327 546 irrepserat.
1348 515 1403 538 Alia:
1410 514 1519 538 videntur
1530 515 1558 537 de
1565 515 1656 538 civitate
1663 514 1796 546 fuiffeleges
1805 532 1810 542 ,
1818 523 1873 548 quas
1881 517 1966 540 Cicero

1203 554 1244 577 pro
1254 546 1322 570 Balbo
1330 553 1376 578 cap.
1393 555 1431 573 24.
1445 545 1554 576 fignificat
1567 546 1603 569 his
1616 546 1701 569 verbis:
1720 550 1784 570 Num
1791 548 1872 576 Jiindos
1879 551 1968 579 populo:

1200 580 1289 601 Latmos
1301 579 1367 605 fastos
1378 578 1511 600 arbitramur
1524 584 1563 600 iim
1577 579 1672 600 Servilia
1685 579 1742 609 lege,
1757 581 1897 605 attituleris,
1917 582 1966 609 qui-

1201 610 1238 632 bus
1255 612 1338 633 Latmia
1351 609 1471 632 hominibus
1490 616 1533 631 erut
1545 609 1672 640 propositum
1684 611 1762 639 aliqua
1776 618 1804 632 ea:
1816 619 1838 633 re
1854 617 1968 640 premium

1200 643 1298 664 civitam
1307 646 1317 664 J
1334 641 1485 671 Subiungatur
1492 641 1528 663 lex
1537 641 1628 663 Caecilia
1642 640 1670 662 de
1678 640 1826 671 vestigalibus
1838 642 1950 665 tollendis
1958 659 1965 668 ,

1201 673 1266 703 quod
1274 672 1341 697 affine
1349 672 1462 705 quiddam
1477 672 1542 696 habet
1550 671 1706 703 superioribus
1713 671 1811 702 legibus.
1818 673 1871 696 tulit
1877 680 1929 697 eam
1937 676 1967 704 Q

1202 705 1308 729 Carcilius
1322 705 1432 728 Metellus
1448 706 1528 735 Nepos
1545 711 1629 734 praetor
1642 720 1648 730 ,
1672 708 1697 726 ut
1709 703 1768 734 apud
1787 704 1892 728 Dionem
1903 705 1968 728 libro

1202 739 1311 760 xxxvn.
1318 744 1368 767 pag.
1380 735 1570 766 53-B-1'C1ipwm
1578 735 1608 758 ess
1615 751 1622 762 ,
1636 735 1694 766 quid
1701 742 1793 759 cautum
1800 734 1827 758 fit
1834 753 1840 763 ‚
1847 736 1911 759 idem
1919 737 1968 760 Dio

1202 766 1254 791 suis
1261 769 1326 799 plane
1334 767 1453 798 significat.
1472 770 1524 790 Cum
1538 775 1594 789 emm
1604 783 1609 793 ,
1626 767 1718 797 inquit,
1734 768 1837 794 civitati,
1854 776 1877 790 ac
1884 769 1969 799 reliqua

1203 802 1271 822 Italia
1284 801 1382 829 molesta,
1400 808 1436 822 nec
1443 807 1493 829 snm
1500 799 1865 828 serendavelli'galiaviderentur:
1883 801 1972 821 dierol-

1205 832 1239 853 lus
1253 834 1322 861 Nepos
1335 838 1420 861 prator,
1438 839 1461 853 ea
1472 832 1517 861 lege
1530 832 1589 856 lata,
1606 831 1676 852 inviro
1686 830 1871 859 senarusullulir.
1889 832 1917 853 Et
1931 830 1970 853 Ci-

1204 869 1257 885 cero
1271 863 1298 886 ad
1312 863 1417 886 Atticum
1431 861 1492 885 libro
1504 864 1532 884 ll.
1545 860 1609 891 epist.
1622 866 1656 884 16.
1675 864 1776 884 Partorris
1786 863 1854 884 ltalia
1862 860 1970 890 sublatis,

1206 897 1257 924 ngrv
1271 893 1375 923 sampana
1387 893 1468 923 tii-vrso,
1486 894 1541 923 quod
1552 893 1743 923 vefiigalfieperest
1756 894 1891 922 domesticum
1900 909 1906 918 ,
1921 899 1972 922 [tm-

1207 931 1238 947 rer
1251 928 1391 954 vizefimam?
1409 924 1509 947 Maniliae
1522 924 1581 954 legis
1594 925 1686 947 mentio
1699 924 1811 955 reperitur
1824 940 1830 950 ‚
1847 923 1876 947 de
1885 923 1972 947 finibus

1222 964 1246 978 er
1253 956 1356 987 singulos
1363 956 1459 980 arbitros
1470 955 1589 986 regendis:
1608 955 1631 978 δι
1641 955 1742 978 Maniliae
1750 972 1757 982 ‚
1773 955 1799 978 in
1811 961 1853 978 eos
1865 962 1971 987 quorum

1206 987 1305 1011 cornilio
1318 987 1429 1019 jugurtha
1441 986 1529 1010 senatus
1541 987 1630 1010 decreta
1643 985 1791 1018 neglexisset,
1809 987 1899 1018 quique
1906 986 1932 1010 ab
1939 994 1970 1010 eo

1206 1019 1231 1042 in
1239 1019 1396 1050 legationibus
1405 1035 1411 1045 ‚
1428 1024 1465 1041 aut
1474 1018 1578 1048 imperiis
1586 1018 1690 1048 pecunias
1701 1016 1849 1050 accepissent‚
1869 1018 1911 1050 qui
1924 1020 1971 1042 ele-

1222 1049 1315 1076 lmnros,
1334 1050 1376 1081 qui
1388 1048 1492 1080 perfugas
1504 1048 1647 1072 tradidissent
1660 1057 1666 1071 z
1683 1050 1754 1076 item,
1771 1050 1814 1081 qui
1826 1049 1855 1074 de
1867 1058 1921 1082 pace
1934 1057 1973 1074 aut

1205 1058 1269 1104 bello
1277 1089 1331 1105 cum
1339 1080 1443 1105 hostibus
1450 1081 1568 1112 pastiones
1575 1079 1686 1104 fecissent.
1700 1088 1769 1112 quam
1782 1082 1860 1112 legem
1875 1083 1928 1105 tulit
1940 1084 1970 1106 C.

1207 1114 1327 1137 Mamilius
1334 1111 1766 1143 Limetanustribunusplebiseamque
1773 1113 1858 1136 Cicero
1871 1113 1900 1136 de
1913 1114 1972 1144 legi-

1206 1143 1248 1168 bus
1257 1162 1263 1172 ,
1281 1146 1306 1168 in
1313 1147 1384 1168 Bruto
1393 1161 1399 1171 ‚
1416 1145 1439 1167 ὅ(
1447 1143 1563 1167 sallustius
1569 1144 1595 1167 in
1602 1143 1743 1174 jugurthino
1751 1150 1894 1168 memorant.
1905 1144 1973 1168 habet

1207 1183 1284 1200 autem
1290 1183 1424 1207 argenteum
1433 1183 1559 1199 nummum
1567 1176 1743 1199 virclariffimus
1749 1192 1756 1201 ‚
1763 1175 1907 1207 antiquitatis
1913 1175 1974 1199 bene

1207 1209 1294 1239 peritus
1301 1225 1307 1235 ,
1327 1207 1428 1232 Andreas
1435 1210 1572 1231 Lauretanus
1581 1223 1586 1233 ‚
1594 1207 1624 1230 ita
1631 1207 1778 1238 inscriptum.
1796 1209 1826 1230 C.
1834 1210 1859 1230 M
1868 1210 1887 1230 A
1896 1210 1936 1231 Ml
1945 1210 1973 1232 L.

1207 1243 1224 1263 L
1232 1243 1240 1263 1
1249 1242 1273 1263 M
1282 1242 1327 1263 ET
1335 1243 1354 1263 Α
1362 1242 1393 1263 N.
1411 1241 1500 1270 Legem
1508 1238 1537 1262 de
1544 1239 1625 1262 multis
1632 1239 1732 1269 primam
1739 1239 1841 1262 tulerunt
1851 1238 1899 1262 duo
1906 1240 1972 1262 Con-

1208 1271 1266 1295 sules
1289 1274 1319 1295 T.
1337 1271 1460 1295 Menenius
1482 1273 1587 1294 Laenatus
1610 1271 1633 1293 ὅ(
1659 1270 1742 1293 Sestius
1764 1271 1918 1301 Capitolinus.
1946 1277 1973 1294 ea

1206 1304 1258 1334 lege
1264 1303 1378 1327 sancitum
1384 1302 1416 1326 est
1423 1319 1430 1329 ,
1447 1308 1473 1326 ut
1479 1302 1593 1333 peculatus
1600 1309 1669 1333 poena
1676 1301 1804 1332 graviffima
1811 1301 1865 1326 ess‘et
1875 1301 1975 1326 duarum

1208 1334 1536 1366 ovium,&trigintaboum:
1553 1331 1638 1365 quoda
1648 1333 1830 1357 Festottaditum
1837 1333 1878 1357 est.
1895 1332 1973 1357 Postea

1208 1368 1245 1390 lex
1254 1366 1332 1391 Ateria
1338 1374 1393 1390 cum
1401 1366 1453 1392 alia,
1473 1371 1524 1389 turn
1532 1365 1576 1389 hoc
1583 1363 1655 1388 sanxit
1663 1382 1669 1392 ‚
1686 1372 1711 1389 ut
1723 1365 1852 1389 multarum
1864 1364 1974 1388 dicenda—

1209 1406 1260 1422 rum
1269 1406 1332 1425 non,
1349 1395 1715 1424 utante‚cc·nsulumdunt·xat,
1731 1397 1901 1422 sedom'nium,
1918 1395 1974 1420 esstt

1209 1430 1391 1461 magistratuum.
1406 1429 1463 1453 hanc
1475 1429 1552 1459 legem
1566 1429 1590 1451 ὃ(
1602 1427 1616 1451 ὲ
1627 1429 1721 1455 Gellio,
1737 1428 1752 1452 fi
1761 1429 1835 1451 modo
1842 1428 1932 1451 Gellius
1942 1429 1972 1452 ita

1206 1462 1305 1493 scripsit²
1321 1461 1380 1484 &ab
1388 1461 1431 1486 iis,
1444 1459 1735 1491 qu'tGelliitestimonium
1749 1459 1819 1483 secuti
1831 1458 1897 1485 sunt,
1914 1458 1972 1482 falso

1207 1493 1353 1516 nominatam
1367 1492 1489 1515 Aterinam
1501 1491 1618 1514 existimo.
1640 1491 1726 1522 opinor
1739 1492 1806 1514 enim
1819 1490 1921 1513 Atetiam
1937 1490 1971 1513 le-

1222 1532 1275 1551 em,
1294 1524 1473 1547 nonAterinam
1489 1520 1568 1548 fuiffe,
1585 1529 1657 1552 quam
1670 1524 1707 1552 Sp.
1717 1522 1827 1552 Tarpeius
1843 1524 1971 1544 Montanus

1208 1557 1240 1578 Ca
1260 1556 1371 1581 itolinus‚
1379 1556 1403 1579 δε
1413 1558 1441 1577 Α.
1450 1554 1541 1577 Aterius
1549 1553 1612 1577 Coss'.
1625 1553 1729 1577 tulerint.
1742 1553 1808 1584 quod
1817 1552 1973 1576 videturcon-

1202 1587 1297 1611 'firmare
1305 1586 1379 1610 Festus
1387 1585 1510 1616 Pompeius
1518 1602 1524 1611 ,
1541 1586 1583 1616 qui
1595 1585 1625 1608 de
1633 1585 1725 1616 Tarpeia
1732 1586 1784 1616 lege
1791 1584 1868 1607 scribit
1878 1584 1914 1607 his
1925 1591 1975 1608 ver-

1206 1618 1254 1642 bis:
1271 1619 1419 1650 ‘Pvsteaquam
1432 1617 1556 1646 aerefignato
1564 1618 1656 1648 populus
1669 1619 1731 1639 Rom.
1743 1618 1778 1638 uti
1790 1617 1863 1645 coepit,
1878 1617 1972 1647 Tarpeja

1205 1652 1251 1680 lege
1262 1657 1351 1672 cautum
1370 1649 1398 1678 est
1411 1665 1417 1675 ‚
1439 1653 1464 1670 ut
1478 1647 1511 1669 bor
1534 1648 1627 1677 centuffis
1642 1664 1648 1674 ,
1671 1656 1718 1669 ovrr
1731 1648 1813 1677 decuffis
1827 1647 1972 1676 estimaretur.

1205 1684 1282 1712 Qam
1294 1681 1412 1712 Tarpejam
1424 1677 1514 1705 Festus,
1531 1678 1628 1702 eandem
1635 1678 1839 1702 Gelliusalteriam
1857 1678 1974 1707 (ficenim

1206 1713 1237 1736 est
1250 1711 1394 1743 legendum)
1412 1710 1520 1742 appellat:
1537 1710 1617 1742 quod,
1634 1717 1690 1734 euin
1702 1709 1714 1733 ἒ
1727 1710 1818 1734 duobus
1825 1708 1928 1738 ejusdem
1935 1718 1974 1733 an-

1207 1745 1233 1768 ni
1247 1742 1390 1768 Consulibus
1402 1742 1456 1766 esset
1476 1742 1518 1765 lata
1530 1759 1537 1769 ,
1561 1743 1634 1766 utrius
1646 1743 1744 1766 nomine
1757 1748 1874 1765 vocaretur
1887 1758 1894 1768 ‚
1912 1741 1974 1765 nihil

1208 1774 1332 1800 interesset.
1350 1782 1392 1798 nec
1403 1774 1434 1798 est
1445 1773 1472 1797 ab
1485 1780 1524 1800 re,
1541 1780 1566 1797 ut
1576 1773 1601 1797 id
1613 1774 1643 1796 ita
1656 1773 1699 1797 esse
1711 1774 1800 1797 constet
1813 1790 1819 1801 ,
1836 1772 1904 1804 ipfius
1917 1773 1974 1796 Gel-

1207 1808 1234 1830 lii
1247 1806 1314 1829 verba
1326 1807 1420 1829 recitare
1432 1822 1438 1831 ‚
1457 1804 1485 1827 lic
1498 1804 1563 1827 enim
1576 1804 1638 1828 libro
1648 1807 1687 1828 XI.
1699 1812 1747 1835 cap.
1759 1812 1778 1828 r.
1792 1805 1902 1835 scriptum
1918 1804 1972 1828 reli-

1224 1838 1271 1861 uit:
1289 1839 1378 1860 Timaem
1390 1838 1412 1859 in
1425 1836 1528 1864 historiis,
1545 1843 1598 1866 quaa
1610 1842 1703 1858 oratione
1713 1838 1785 1869 §raca
1797 1838 1822 1858 de
1835 1834 1895 1858 rebus
1905 1842 1973 1867 popu-

1207 1871 1225 1892 li
1242 1872 1304 1892 Rom.
1323 1868 1453 1899 composuit,
1477 1865 1502 1889 (9-
1515 1867 1553 1889 M.
1573 1870 1637 1890 Varro
1655 1869 1678 1889 in
1697 1866 1882 1897 Antiquitatibus
1897 1875 1972 1890 rerum

1206 1904 1352 1924 Romanarum
1366 1917 1372 1926 ,
1389 1906 1472 1922 terram
1485 1900 1576 1921 ltaliam
1589 1899 1614 1920 de
1627 1899 1698 1931 §rece
1712 1899 1812 1921 vocabulo
1827 1899 1972 1930 appellatam,

1201 1934 1330 1964 scripserunt
1342 1948 1348 1958 ,
1371 1939 1420 1954 tum
1433 1930 1495 1952 boves
1516 1931 1594 1963 §neca
1609 1931 1680 1952 veteri
1697 1931 1772 1960 lingua
1788 1928 1864 1952 iai-ami
1881 1930 1975 1952 vocitati

1214 1970 1254 1986 mc.
1271 1971 1367 1995 quorum
1385 1963 1408 1984 in
1420 1962 1488 1984 ltalia
1506 1969 1585 1991 magna
1602 1962 1738 1992 coptafuerrt
1751 1978 1757 1988 ‚
1775 1960 1893 1992 bucetaque
1912 1962 1934 1983 in
1946 1969 1973 1984 ea

1209 2002 1265 2018 terra
1272 1994 1335 2026 gigt'n'
1349 2011 1355 2022 ,
1375 1995 1476 2025 pascique
1488 1993 1555 2021 filim
1565 1994 1610 2024 fint
1620 1994 1762 2024 complurima
1772 2003 1780 2015 .-
1803 1993 1918 2022 ιαημὲὶανε
1932 2000 1973 2014 au-

1210 2033 1253 2049 tem
1266 2026 1290 2049 ob
1303 2028 1390 2049 eandem
1403 2026 1488 2054 caufizm
1499 2023 1606 2055 poffiamus
1624 2039 1631 2050 ,
1652 2025 1709 2054 quod
1728 2026 1798 2047 ltalia
1815 2030 1865 2046 tunc
1876 2023 1923 2052 effer
1938 2031 1974 2046 ar-

1208 2058 1353 2087 mentofiffimn
1366 2073 1373 2084 ‚
1390 2058 1486 2079 multam
1497 2063 1583 2087 quoque
1594 2071 1600 2082 ‚
1617 2062 1663 2086 qua
1675 2057 1791 2086 appeuatur
1799 2055 1903 2086 suprema
1915 2071 1922 2081 ‚
1938 2056 1973 2078 in-

1205 2090 1308 2118 stitutam
1330 2090 1352 2112 in
1365 2089 1459 2118 singulos
1479 2088 1524 2109 dies
1547 2087 1642 2109 duarum
1662 2095 1738 2109 omum
1751 2103 1758 2114 ,
1787 2088 1881 2117 triginta
1906 2085 1971 2109 boum

1206 2128 1242 2151 pro
1270 2123 1329 2153 copia
1351 2120 1433 2149 scilicet
1460 2117 1525 2141 boum
1537 2134 1544 2144 ,
1570 2125 1652 2151 proque
1679 2119 1755 2140 ovium
1780 2119 1884 2148 penuria.
1912 2118 1951 2147 sed
1963 2134 1971 2144 ,

1206 2161 1256 2175 cum
1268 2152 1372 2182 ejusmodi
1383 2152 1456 2173 multa
1465 2151 1546 2181 pecoris
1558 2166 1564 2176 ,
1587 2150 1723 2181 armentique
1739 2149 1752 2173 a
1767 2149 1924 2180 magistratibus
1939 2149 1973 2171 di-

1207 2184 1242 2206 d't‘a
1254 2190 1299 2206 erat
1307 2200 1314 2211 ,
1329 2181 1482 2206 addicebantur
1492 2181 1553 2204 bow
1561 2198 1566 2207 ,
1574 2182 1666 2212 ovesque
1678 2182 1734 2204 alias
1743 2183 1810 2213 pretii
1819 2182 1899 2210 parvi,
1915 2181 1973 2203 alias

1207 2216 1297 2247 majoris
1310 2225 1318 2238 .-
1342 2222 1410 2245 eaque
1429 2222 1463 2236 res
1474 2213 1570 2242 faciebat
1587 2213 1717 2243 inequalem
1734 2214 1808 2236 multa
1817 2213 1950 2242 punitionem
1961 2221 1971 2234 :

1207 2248 1282 2270 idcirco
1293 2245 1360 2276 pastea
1370 2247 1414 2275 lege
1427 2246 1513 2269 ,Arma
1525 2244 1632 2273 constituri
1647 2246 1700 2274 sum
1715 2246 1737 2267 in
1753 2253 1803 2266 oves
1810 2245 1906 2275 singulas
1923 2244 1971 2265 eris

1206 2279 1268 2305 deni,
1284 2279 1305 2300 in
1314 2278 1376 2301 boves
1388 2278 1433 2300 aris
1444 2277 1534 2300 centeni.
1555 2275 1775 2307 Papyriamquoque
1782 2275 1867 2306 Juliam
1881 2270 1972 2298 Consu-

1205 2311 1278 2334 larem
1291 2310 1350 2333 item
1362 2309 1391 2332 de
1398 2308 1472 2332 modo
1480 2308 1606 2332 multarum
1618 2306 1662 2330 esse
1674 2308 1742 2330 iatam
1750 2323 1756 2334 ‚
1772 2314 1801 2330 ex
1807 2307 1876 2340 Livio
1882 2311 1971 2336 cogno-

1202 2342 1280 2368 scitur.
1297 2342 1400 2368 Multam
1406 2347 1484 2366 autem
1491 2339 1598 2365 videntur
1605 2339 1624 2364 ii
1630 2345 1720 2364 tantum
1726 2336 1902 2370 iudixisse,apud
1909 2342 1971 2392 <iquos

1922 2374 1972 2399 egis
