2075 2734
487 91 550 121 Dz
590 91 707 120 Di‘xs
747 88 1318 127 Iunronrrnus.CA1>.17.
1481 102 1486 108 ·
1620 92 1687 130 .16·3

109 151 154 174 aut
167 142 299 180 Castorum
314 138 451 178 templum
466 139 628 178 appellatum
641 141 699 168 fuit.
719 141 799 168 Unde
809 139 886 175 jocus
900 138 942 167 ille
956 143 993 166 M.
1009 137 1096 166 Bibuli
1108 140 1177 176 apud
1192 138 1356 171 Suetonium,
1378 140 1422 177 qui
1438 146 1500 169 cum
1516 141 1546 167 C.
1553 139 1654 173 Caefim's
1660 141 1687 169 in

106 181 244 211 consulatu
257 180 360 219 collega
374 179 454 211 esset,
474 182 502 209 &
515 189 579 207 cum
593 189 626 207 eo
639 179 782 206 communi
795 176 914 213 impenlh
931 178 1084 205 venationes
1099 178 1214 206 acludos
1221 179 1328 209 ederet,
1349 179 1475 205 omnium
1483 185 1571 205 autem
1581 177 1685 206 illarum

105 219 288 257 impenlarurn
304 221 330 248 ἃ
347 216 536 246 munificentiae
548 219 581 245 C.
594 218 673 251 σιῶν
686 216 754 244 solus
764 217 881 254 gratiam
896 223 1001 251 caperet
1010 237 1017 246 ,
1032 216 1124 243 din'il‘e
1138 216 1236 248 fertur,
1250 215 1324 244 idem
1331 215 1377 244 fibi
1384 216 1498 244 evcniffe
1504 217 1576 252 quod
1586 216 1685 244 Polluci.

106 260 144 287 Ut
159 259 233 286 enim
247 258 362 296 geminis
375 255 498 284 fratribus
511 255 578 283 aedes
591 257 619 283 in
633 255 695 283 foro
708 256 864 286 constituta,
880 260 985 282 tantum
1000 253 1109 291 Castora-’5
1123 262 1278 283 vocaretur:
1289 254 1326 283 ita
1332 253 1406 283 suam
1413 253 1571 292 Caesarisque
1579 254 1685 282 munifi-

106 298 223 325 centiam
236 297 311 324 unius
326 294 432 324 Caesaris
443 294 505 322 dici.
529 292 663 321 Suetonius
675 294 704 321 in
717 293 826 321 Caesare.

596 362 1180 389 AESCULAPIUS.

144 435 194 463 AEs
203 443 218 461 c
227 444 268 461 UL
278 442 295 461 Α
305 442 336 460 Pl
345 443 362 460 o
371 443 383 460 s
397 437 452 459 tres
467 430 543 459 fuisse
558 429 642 458 Cicero
656 430 703 459 lib.
714 441 737 467 3.
751 430 784 458 de
800 431 902 458 Natura
916 431 1039 457 Deorum
1056 429 1142 456 docet„
1179 428 1312 462 Primum,
1334 429 1463 468 Apollinis
1478 429 1562 459 filiurn
1571 452 1578 463 ,
1600 440 1681 468 quem

105 472 220 501 Arcades
238 471 342 502 colunt,
363 469 461 507 quique
480 470 617 506 specillum
640 468 779 501 invenisse,
798 467 952 505 primusque
972 466 1067 494 wlnus
1083 466 1236 503 obligaviffe
1255 469 1365 496 dicatur.
1398 469 1555 501 Secundum,
1576 469 1683 497 secundi

107 510 233 538 Mercurii
246 509 354 536 fratrem
363 528 371 540 ‚
391 509 436 545 qui
450 507 563 536 fulmine
576 508 722 544 percussus,
737 506 881 543 Cynosuris
894 507 1018 534 humatus
1032 505 1070 533 fit.
1091 504 1224 536 Tertium,
1240 507 1344 542 Arsippi
1358 508 1384 534 8<
1399 507 1514 534 Arsinoae
1522 508 1608 536 filium
1617 528 1624 539 ,
1638 508 1682 544 qui

104 549 208 584 primus
220 547 406 584 purgationem
421 546 488 578 alvi,
509 545 648 583 dentisque
662 545 825 573 evulfionem
839 545 986 575 invenerit,
1003 542 1128 580 cujusque
1141 543 1170 570 in
1184 544 1296 571 Arcadia
1305 565 1311 575 ,
1327 552 1382 570 non
1396 544 1497 582 longea
1506 545 1584 574 Lufio
1592 546 1683 573 flumi-

105 595 140 613 ne
159 583 324 621 sepulchrum
341 586 367 613 ὃς
381 583 454 611 lucus
468 585 628 612 ostendatur.
668 582 831 618 AEftulapium
845 591 936 611 autem
951 581 1026 610 illum
1041 580 1160 608 nobilem
1178 583 1318 610 Medicum
1334 601 1341 612 ,
1369 583 1516 620 Tarquitius
1532 583 1565 610 de
1579 582 1681 611 illustri<

104 622 152 652 bus
165 623 227 650 viris
241 622 381 654 disserens,
395 630 425 650 ut
441 623 477 650 est
491 623 558 659 apud
573 621 692 649 Laetam.
706 622 743 648 ait
756 622 865 650 incertis
879 619 1031 659 parentibus
1044 626 1137 647 natum
1147 640 1154 651 ‚
1168 619 1333 656 expolitum,
1349 621 1374 647 ἃ
1391 618 1680 650 &venatoribusinven-

104 668 163 688 tum
177 681 185 692 ‚
206 662 301 688 canino
316 660 385 687 laete
399 661 532 689 nutritum
544 681 551 692 ,
572 660 738 697 Chironique
752 661 896 689 traditum,
914 658 1032 687 didicisse
1045 658 1227 690 medicinam,
1248 657 1322 685 fuiffe
1336 664 1425 684 autem
1442 659 1615 691 Meffenium,
1636 659 1680 687 std

105 699 227 736 Epidauri
239 698 373 726 habitass'e.
392 701 471 726 Hunc
485 697 584 725 Cot-nel.
598 698 681 732 Celfias
694 705 835 733 propterea
845 699 873 725 in
887 699 1011 725 Deorum
1025 705 1171 723 numerum
1186 703 1326 733 receptum
1339 695 1390 721 esse
1405 696 1500 728 tradit,
1513 698 1586 734 quod
1595 697 1681 725 medi-

104 737 192 764 cinam
204 736 289 764 adhuc
303 737 397 764 rudem
412 736 490 772 paulo
502 736 620 764 subtilius
635 735 796 765 excoluisset.
817 737 877 773 Qa
891 736 994 763 ratione
1009 735 1106 761 Romae
1121 734 1173 762 coli
1186 736 1285 770 coepst,
1300 731 1379 760 multi
1387 733 1503 761 tradunt.
1524 736 1596 762 Cum
1605 737 1680 763 enim

102 773 245 812 QFaho,
265 774 380 801 Maximi
381 773 440 813 filio
453 773 576 812 Gurgite,
596 778 632 801 D.
644 773 718 806 Junio
733 775 814 801 Bruto
827 779 907 801 scam
922 773 995 801 Coss.
1005 773 1098 810 ingens
1110 771 1259 810 pestilentia
1273 771 1380 799 Urbem
1396 772 1422 798 &
1437 779 1514 808 agros
1530 772 1679 806 infestaret,

103 812 148 840 lib.
163 812 283 848 Sibyllini
297 813 376 844 aditi,
391 814 418 841 &
432 812 568 849 quaefitum
582 813 690 849 quinam
706 811 779 844 finis,
793 820 837 840 aut
850 811 922 849 quod
937 812 1089 839 remedium
1105 811 1161 847 ejus
1173 810 1237 838 mali
1250 809 1265 837 a
1279 809 1337 837 Diis
1351 809 1458 836 daretur
1464 819 1472 840 5
1486 810 1681 849 inventumque

105 851 133 878 in
148 849 234 882 libris,
254 849 418 885 AEsculapium
432 850 464 877 ab
478 850 613 886 Epidauro
629 852 750 877 Romam
764 849 966 881 accersendum,
987 849 1061 886 quod
1072 848 1152 885 paulo
1166 849 1225 885 post
1239 847 1350 875 factum.
1372 847 1444 875 Miffi
1456 848 1531 875 enim
1547 850 1641 885 Legati
1655 850 1682 877 in

106 888 284 924 Epidaurum,
306 890 332 916 δε
347 888 379 916 ab
393 889 484 916 incolis
497 888 684 926 benigniffime
696 889 812 925 accepti,
835 891 860 917 ἓ(
877 890 904 915 in
918 888 1052 924 templum
1066 887 1195 922 AEfiulapti
1209 885 1347 924 permisti,
1369 893 1501 923 anguem,
1521 895 1604 923 quem
1620 887 1682 923 Epi-

109 926 184 953 dauri
203 935 253 962 pro
273 925 403 961 AEsculapio
425 926 575 958 coluerant,
596 925 690 962 sponte
710 926 743 953 ad
767 928 958 954 Romanorum
979 935 1077 953 navem
1091 932 1266 963 pergentem,
1288 925 1410 951 Romam
1425 930 1570 957 vexerunt,
1591 923 1682 962 ibique

105 963 209 1000 templo
227 964 338 991 condito
357 964 503 993 coluerunt.
537 964 662 992 Scribunt
674 964 742 992 hane
754 964 892 992 historiam
906 964 1020 992 Valerius
1034 962 1168 991 Maximus
1180 963 1292 1000 prolixe.
1324 960 1418 989 Livius
1432 961 1476 990 lib.
1496 972 1537 990 10.
1552 964 1579 991 &
1594 962 1682 989 Florus

105 1002 231 1039 Epitome
242 1001 303 1029 libri
322 1013 361 1030 11.
380 1001 478 1043 Orosius
491 1002 536 1030 lib.
546 1013 570 1040 3.
584 1004 668 1039 capite
683 1013 726 1030 22.
746 1003 866 1030 Aurelius
881 1002 962 1031 ViHor
976 1004 1009 1031 de
1023 1002 1086 1029 viris
1100 1001 1254 1029 illustribus:
1275 1001 1322 1038 qui
1334 1000 1401 1028 liber
1414 1000 1540 1028 haetenus
1548 999 1613 1028 falso
1621 1004 1679 1027 Cor-

103 1039 166 1066 nelio
176 1039 278 1074 Nepoti,
298 1041 366 1068 item
381 1040 465 1068 I’ltnio
476 1041 592 1069 secundo
607 1040 751 1077 adscriptus
766 1040 816 1070 fuit
843 1040 949 1069 Ovidius
962 1040 1031 1069 libro
1049 1051 1057 1067 1
1066 1051 1090 1075 ς.
1104 1038 1288 1075 Metamorph.
1301 1048 1331 1067 ac
1343 1039 1394 1066 alii.

143 1077 292 1114 Templum
306 1079 329 1106 ei
344 1080 440 1106 Romae
453 1080 592 1108 conditum
607 1087 681 1107 extra
694 1079 798 1107 Urbem
814 1080 841 1107 in
857 1079 937 1108 insula
951 1078 1092 1110 Tiberina,
1112 1078 1186 1114 cujus
1198 1079 1331 1105 rationem
1346 1077 1495 1103 Plutarchus
1509 1077 1538 1105 in
1553 1078 1681 1114 Qaestio-

105 1115 180 1143 nibus
196 1117 326 1155 Romanis
335 1137 341 1147 ,
361 1117 446 1153 probi.
460 1128 506 1154 94.
520 1118 622 1150 reddit,
643 1119 670 1145 δε
683 1116 776 1155 festus.
797 1119 828 1145 ln
844 1118 942 1149 Insula,
963 1118 999 1146 ait
1008 1115 1090 1152 Festus
1099 1137 1106 1148 ‚
1125 1114 1260 1151 skstulapio
1274 1115 1343 1142 faeta
1350 1115 1418 1142 aedes
1426 1114 1477 1143 fuit
1485 1116 1556 1152 quod
1567 1117 1680 1152 aegroria'

105 1154 218 1182 Medicis
238 1163 304 1191 aqua
324 1156 444 1182 maxime
464 1155 639 1183 sustententur
653 1175 661 1186 ,
688 1155 807 1190 ejusdem
829 1156 879 1182 effe
898 1156 986 1183 tutelae
999 1156 1144 1182 draconem
1159 1175 1167 1186 ,
1194 1153 1266 1190 quod
1282 1153 1514 1190 vigilantiffimum
1527 1153 1558 1181 sit
1568 1154 1682 1185 animal,

105 1200 163 1228 quae
176 1200 217 1218 res
231 1193 263 1218 ad
278 1192 405 1220 tuendam
418 1192 598 1220 valetudinem
611 1193 705 1228 aegroti
718 1191 837 1219 maxime
851 1201 911 1228 apta
924 1194 968 1219 est.
995 1197 1078 1218 Canes
1092 1191 1250 1218 adhibentur
1263 1191 1319 1225 ejus
1333 1190 1453 1227 templo,
1474 1191 1547 1227 quod
1562 1192 1582 1218 is
1596 1191 1681 1218 uberi-

106 1228 154 1255 bus
175 1230 246 1255 canis
258 1229 290 1255 fit
303 1229 426 1256 nutritus.
460 1229 587 1256 Bacillum
602 1228 679 1256 habet
693 1228 826 1256 nodosum
841 1250 848 1260 ,
875 1230 947 1266 quod
961 1227 1148 1257 difficultatem
1163 1227 1291 1264 fignificat
1303 1228 1376 1254 artis·
1409 1231 1509 1254 Laurea
1523 1237 1681 1261 coronatur,

108 1266 181 1301 quod
194 1275 224 1292 ca
236 1265 314 1292 arbor
326 1265 505 1301 plurimorum
520 1267 551 1295 fit
564 1267 758 1294 remediorum.
784 1267 854 1294 Huic
860 1266 961 1304 gallina
973 1265 1191 1295 immolabantur.

147 1304 178 1330 In
192 1303 243 1330 hoc
257 1303 360 1339 templo
374 1304 533 1332 incubabant
545 1306 639 1342 aegroti
655 1304 811 1333 valetudinis
825 1304 912 1337 causa,
932 1306 1002 1333 unde
1016 1303 1061 1342 qui
1075 1304 1174 1332 morbo
1187 1304 1287 1332 levatus
1300 1312 1355 1332 non
1371 1310 1443 1334 erat,
1461 1305 1529 1341 apud
1540 1304 1680 1337 Plautum,

109 1340 148 1370 his
161 1341 248 1369 verbis
260 1339 360 1369 incusat
375 1342 478 1369 Deum:

425 1378 539 1417 Migrare
553 1387 648 1407 certum
660 1378 693 1417 est
700 1400 708 1412 ,
719 1381 778 1414 jam
791 1389 855 1407 nunc
867 1379 879 1406 ἑ
885 1379 948 1415 fimo
953 1380 1039 1416 saras,

424 1417 533 1456 Qando
544 1417 662 1452 AEsculapi
675 1417 973 1453 itajbntiofimemiam.

142 1457 214 1484 Vide
226 1454 405 1493 Hieronymum
419 1454 598 1483 Mercurialem
612 1455 754 1484 Variatum
767 1456 914 1484 leetionum
929 1456 974 1484 lib.
988 1466 1009 1484 1.
1023 1465 1078 1493 cap.
1090 1466 1130 1494 13.

484 1527 1296 1559 ACCALAURENTIA.

146 1595 212 1631 Qae
231 1595 324 1622 Acca
346 1596 581 1626 Lnunrxrm,
601 1594 667 1627 five,
688 1603 718 1623 ut
739 1595 782 1624 alii
798 1595 918 1628 malunt,
940 1598 1145 1628 Lunx-ru,
1167 1595 1264 1627 fuerit,
1285 1596 1311 1623 &
1332 1604 1383 1633 qua
1405 1594 1541 1623 occasione
1561 1595 1612 1623 coli
1627 1606 1681 1624 cor<

103 1640 167 1670 pta,
185 1634 212 1659 in
226 1639 300 1659 tanta
315 1641 435 1660 veterum
449 1630 605 1670 scriptorum
622 1634 795 1671 dilcrepantia
809 1633 866 1662 sane
881 1635 1024 1663 obscurum
1037 1635 1081 1662 est.
1102 1635 1155 1662 Vix
1170 1633 1242 1661 enim
1258 1634 1324 1660 duos
1337 1634 1465 1670 reperias,
1486 1635 1626 1669 quiuno&
1636 1644 1681 1662 eo-

106 1672 170 1698 dem
186 1670 271 1697 modo
284 1671 317 1697 de
330 1680 360 1698 ea
372 1670 493 1698 scribant.
513 1670 661 1699 Plutarchus
674 1673 767 1700 austor
780 1672 831 1704 est,
850 1673 913 1702 duas
926 1673 1002 1701 fuisse
1014 1679 1101 1704 Acras,
1122 1675 1148 1700 ἃ
1164 1670 1284 1708 utrasque
1298 1671 1311 1698 a
1320 1672 1451 1699 Romanis
1459 1672 1552 1698 caltas:
1567 1671 1679 1699 alteram

105 1713 197 1736 Accam
209 1707 389 1741 Laurentium,
410 1718 467 1745 quae
481 1709 556 1736 Anco
570 1710 669 1738 Martio
683 1718 824 1749 regnante,
845 1713 988 1744 Tarrutio,
1007 1712 1061 1740 five
1075 1711 1208 1739 Tarumio
1224 1710 1308 1737 nobili
1323 1711 1357 1738 cix
1366 1711 1374 1737 i
1383 1708 1513 1745 nupserit,
1528 1709 1601 1747 ¹siquo
1610 1709 1681 1738 forte

107 1747 189 1774 etiam
209 1751 360 1779 Tarruntm,
383 1747 423 1774 vel
444 1751 469 1774 T
468 1746 583 1775 aramia.
605 1748 658 1776 sive
677 1749 801 1776 Tarmita
815 1750 851 1777 est
865 1752 1064 1789 cognominata.
1097 1749 1245 1779 Plutarcho,
1265 1749 1311 1786 qui
1325 1756 1416 1777 tamen
1428 1748 1508 1774 etiam
1523 1757 1579 1775 non
1591 1749 1627 1775 ita
1641 1748 1681 1776 di-

107 1784 199 1812 mnae
214 1784 247 1812 de
260 1785 291 1812 iis
304 1785 417 1822 scripfit,
437 1784 572 1813 assentitur
585 1790 678 1819 Wrro,
698 1787 717 1815 fi
732 1787 812 1816 verba
824 1788 879 1824 ejus
894 1791 945 1821 ita,
966 1788 1198 1827 quemadmodum
1212 1786 1418 1824 JoftphScalrger
1425 1785 1594 1818 emendavit,
1611 1786 1683 1823 lega·

109 1831 177 1850 mus.
195 1822 364 1852 Lam-entim,
384 1824 487 1861 inquit,
509 1823 594 1857 feriae,
614 1826 635 1852 is
648 1826 703 1853 dies
716 1836 798 1863 quem
811 1827 885 1854 diem
901 1828 1009 1866 quidam
1025 1829 1053 1855 in
1066 1825 1205 1854 scribendo
1219 1824 1384 1851 Laui-entalm
1399 1823 1545 1861 appellant,
1564 1823 1597 1851 ab
1612 1828 1682 1852 Acca

109 1862 246 1901 Laurentia
266 1863 419 1890 nominatus
435 1873 439 1889 :
461 1862 503 1891 cui
517 1861 664 1892 sacerdotes
678 1866 760 1892 nostri
773 1864 878 1901 publice
891 1874 1031 1903 parentant
1045 1866 1111 1893 festo
1122 1864 1176 1891 die:
1197 1863 1258 1900 quia
1272 1863 1352 1890 altera
1365 1862 1462 1890 dicitur
1476 1861 1511 1889 ob
1524 1863 1610 1890 ditem
1627 1866 1681 1889 Ta-

110 1906 223 1925 runttum
243 1904 313 1927 Acca
330 1904 464 1928 Tarauna.
504 1903 561 1929 Hos
579 1910 645 1939 ergo
664 1903 785 1931 auitores
805 1902 885 1932 secuti
900 1904 967 1932 hanc
982 1909 1077 1931 Accam
1093 1906 1260 1929 Laurentmm
1276 1900 1389 1928 Romuli
1405 1902 1430 1928 &
1447 1901 1529 1927 Remi
1546 1901 1680 1929 nutricem

111 1935 163 1977 elle
181 1936 314 1970 dicemus,
333 1939 375 1967 cui
395 1948 468 1966 aram
483 1941 510 1968 ὃς
524 1939 601 1968 ferias
613 1949 710 1968 annuas
726 1941 858 1969 Romulus
873 1943 1051 1974 constituerit,
1071 1951 1128 1979 quae
1143 1938 1233 1967 mense
1246 1938 1392 1967 Decembri
1406 1937 1465 1965 sunt
1478 1937 1587 1970 habitae,
1607 1939 1682 1966 ficuti

112 1972 164 2038 :21¹⁰
176 1973 238 2001 loco
250 1975 359 2006 dicetur.
377 1979 419 2006 De
433 1977 514 2007 altera
527 1987 592 2006 vero
608 1982 678 2006 Acca
692 1979 834 2013 Tarruria,
855 1981 907 2009 five
920 1980 1076 2012 Turturum,
1098 1988 1155 2017 quae
1167 1978 1260 2006 cadem
1275 1976 1498 2014 Floraz‘iplurimis
1504 1984 1623 2014 putatur,
1641 1977 1680 2006 in·

126 2020 152 2039 ia
165 2021 281 2050 agemus.

669 2059 1116 2094 QUJRJNUS.

152 2121 177 2148 C
186 2130 203 2148 u
214 2131 229 2148 R
239 2132 247 2149 ι
257 2133 284 2151 s.
302 2121 392 2159 inquit
401 2122 498 2162 Festus,
518 2125 619 2154 Sabinis
634 2126 670 2154 est
683 2124 766 2162 Iusta,
787 2128 858 2156 unde
872 2126 1006 2155 Romulus
1020 2123 1146 2164 Quirinus·
1156 2145 1163 2156 ,
1184 2125 1229 2160 qui
1237 2133 1296 2152 eam
1305 2123 1421 2156 ferebat,
1432 2124 1574 2155 estdidlsus,
1589 2125 1615 2151 δ(
1626 2125 1683 2151 Ro-

114 2161 188 2186 mani
207 2158 221 2186 a
265 2161 350 2188 uirino
363 2161 477 2198 Quirites
489 2164 620 2192 dicuntur.
662 2166 779 2202 Qidam
796 2176 857 2194 eum
871 2166 975 2194 dietum
988 2171 1082 2201 putant
1095 2163 1108 2190 a
1124 2162 1232 2190 Curibus
1244 2184 1251 2195 ,
1278 2163 1335 2199 quae
1348 2163 1398 2191 fuit
1411 2162 1472 2189 urbs
1485 2162 1683 2198 opulentiffima

114 2196 290 2229 Sabinorum,
308 2199 348 2226 cui
367 2201 504 2235 postremae
520 2201 654 2232 sententiae
670 2205 752 2231 etiam
774 2204 943 2241 adstipulatur
965 2207 1054 2234 Varro,
1075 2201 1121 2228 nifi
1140 2201 1211 2238 quod
1230 2201 1317 2232 addit,
1338 2200 1485 2238 ernium
1499 2202 1616 2228 Martem
1631 2200 1685 2228 cfl'e

114 2236 346 2272 quemadmodum
362 2239 389 2264 ἃ
401 2238 500 2265 Servius
513 2240 615 2273 scribit,
636 2242 775 2280 Qirinum
791 2245 907 2270 Martem
922 2242 987 2272 effe,
1009 2242 1053 2277 qui
1069 2239 1231 2275 praefitpaci‚
1249 2240 1350 2268 &intra
1357 2240 1493 2267 civitatem
1502 2239 1613 2266 COlafflr·
1631 2239 1683 2266 sed

115 2282 171 2301 non
190 2275 278 2310 inepta
300 2275 335 2301 est
348 2276 429 2302 etiarn
442 2285 537 2304 eorum
550 2277 693 2312 sententia,
713 2281 759 2316 qui
769 2289 815 2316 per
828 2279 969 2318 Qirinum
984 2277 1134 2306 Romulum
1147 2277 1313 2315 intelligunt,
1334 2279 1376 2305 cui
1389 2277 1493 2305 divinos
1506 2277 1621 2303 honores
1636 2277 1684 2303 tri-

114 2310 194 2354 butos
207 2312 295 2343 fuifle,
317 2315 343 2340 ἃ
357 2312 489 2349 templum
505 2317 659 2347 conditum,
680 2317 721 2345 ve]
734 2318 801 2345 solus
817 2319 922 2345 Flamen
937 2316 1095 2355 Quia-alis,
1115 2325 1178 2343 cum
1191 2317 1254 2344 alius
1268 2316 1299 2344 fit
1308 2314 1519 2343 Martialistestis
1528 2314 1577 2341 effe
1584 2315 1684 2350 potest,

115 2359 150 2377 ne
161 2349 222 2378 ahas
235 2351 350 2379 rationes
365 2354 392 2380 ἃ
407 2360 530 2380 veterum
543 2352 703 2391 scriptorum
717 2356 869 2386 testimonia
883 2358 984 2385 necesse
997 2354 1109 2383 habeam
1122 2355 1150 2382 in
1163 2355 1284 2384 medium
1299 2354 1402 2384 afferre.
1441 2355 1483 2381 De
1496 2351 1629 2390 apotheosi
1643 2362 1687 2379 au-

1022 2395 1049 2422 X
1070 2403 1084 2421 2
1630 2398 1688 2418 tem
