2075 2734
398 128 455 157 '72⁰
710 100 1705 145 Axe-riQuiriiu-uiuRomauanuiiiLi·n.X.

394 166 554 206 stipendium
568 169 744 199 acceperunt,
765 163 792 190 &
808 161 924 190 triennio
936 158 994 195 post
1008 157 1080 187 bello
1096 158 1207 195 Vejenti
1222 159 1304 187 etiam
1318 158 1435 196 equites,
1456 156 1523 186 teste
1534 155 1621 184 Livio.
1646 155 1795 193 Qudnam
1809 154 1890 194 igitur
1895 153 1989 193 stipa·-

395 207 468 236 dium
483 204 546 234 illud
564 202 644 231 fuerit
656 221 663 232 ‚
684 200 831 229 videamus.
870 197 984 236 Polybius
1002 198 1129 225 diurnum
1150 197 1247 235 peditis
1266 198 1392 234 quaestum
1411 195 1487 224 obolo:
1506 195 1568 223 daos
1575 194 1664 223 statuit
1678 216 1686 227 ,
1711 193 1862 222 centurionis
1875 195 1984 232 duplex,

397 244 494 283 equitis
513 241 650 269 drachman
666 259 673 269 ‚
699 247 756 275 quae
771 238 867 265 eadem
885 237 922 264 est
947 235 1003 263 fere
1020 236 1089 272 apud
1111 238 1220 264 Graecos
1233 257 1240 268 ,
1269 245 1298 263 ac
1312 233 1431 263 denarius
1450 234 1520 271 apud
1535 235 1686 261 Romanos.
1728 232 1811 261 Oboii
1824 240 1915 261 autem
1930 234 1986 262 duo

397 280 628 322 quemadmodum
643 275 726 312 justus
740 275 833 315 Lipsius
847 274 917 303 libro
931 275 1022 311 primo
1032 274 1187 302 Elesiorum
1203 274 1289 310 capite
1297 271 1412 302 secundo
1427 272 1565 310 supputat,
1586 271 1687 300 faciunt
1698 271 1761 299 affes
1768 272 1911 299 Romanos
1924 279 1989 300 tres.

396 321 459 349 Vile
473 318 596 356 profee‘m
611 314 770 352 stipendium
779 335 787 346 ,
808 324 858 351 pro
871 323 925 351 quo
938 320 980 341 tot
993 313 1066 341 adire
1080 312 1183 340 labores
1197 315 1223 341 ὃ(
1236 312 1353 348 pericula
1367 312 1543 349 cogebantur,
1563 313 1590 339 ὃς
1599 311 1633 338 de
1647 319 1701 347 quo
1715 310 1797 338 vestes
1813 311 1894 337 etiam
1905 317 1987 347 atque

398 359 566 388 frumentum
587 353 767 389 comparanda
782 361 876 381 erant:
899 351 917 379 fi
929 352 1003 378 enim
1019 360 1113 379 eorum
1135 351 1278 388 quicquam
1299 348 1437 389 {iquastore
1457 349 1614 386 accepissent
1629 369 1637 381 ‚
1658 355 1762 376 certum
1776 368 1784 380 ‚
1806 348 1987 385 statutumque

398 397 517 435 pretium
532 403 565 421 eo
579 392 691 420 nomine
706 391 739 418 de
759 391 870 429 pecunia
884 389 1070 418 detrahebatur
1085 410 1092 421 ‚
1115 387 1227 425 Polybius
1239 389 1283 416 lib.
1298 392 1323 417 6.
1354 390 1450 416 Donec
1462 389 1574 416 tandem
1594 389 1677 422 Cujus
1691 385 1850 422 Semproniae
1863 386 1988 414 Gracchus

400 434 522 463 tribunus
535 431 617 468 plebis
630 430 689 466 lege
702 430 772 458 cavit
785 451 793 462 ,
813 436 842 457 ut
858 429 933 456 vestis
948 427 962 455 ἐ
977 427 1086 465 publico
1103 427 1182 455 militi
1198 427 1305 455 daretur
1320 437 1327 453 ε
1348 429 1374 455 &
1388 434 1418 454 ut
1432 426 1602 454 nihilominus
1621 426 1762 462 pecuniam
1777 433 1885 461 quoque
1899 431 1988 453 totam

398 473 550 507 acciperet,
570 469 634 497 teste
649 467 782 495 Plutarcho
796 468 824 495 in
840 465 976 495 Gracchis.
1015 465 1102 502 justus
1117 462 1214 501 Lspstus
1233 465 1366 494 existimat
1385 466 1470 493 etiam
1488 465 1522 492 de
1541 464 1681 493 frumento
1695 485 1703 496 ‚
1723 463 1806 501 priori
1824 462 1911 499 aliqua
1927 462 1988 501 lege

399 509 514 548 gratiam
530 508 629 535 saetam
647 506 707 533 effe.
1661 539 1665 542 γ

441 548 502 575 Post
515 547 618 583 aliquot
633 553 731 577 annos,
752 545 833 579 Cajas
847 541 943 581 Julim
957 542 1052 578 Caestzr,
1072 542 1112 570 uti
1122 542 1254 569 Suetonius
1269 541 1360 570 scribit
1373 562 1381 575 ‚
1401 539 1549 578 legionibus
1553 539 1709 578 stipendium
1723 540 1750 568 in
1764 545 1925 576 perpetuum
1938 538 1988 566 du-

393 584 501 621 plicavit
515 606 523 617 ‚
542 583 614 622 quod
630 582 730 619 Lipsius
743 581 777 609 fic
792 584 982 619 interpretatur
996 603 1003 613 ‚
1023 581 1198 609 constitutum
1213 580 1226 607 ὲ
1243 579 1343 608 Caesare
1357 578 1512 618 stipendium
1527 578 1601 608 fuisse
1613 580 1661 615 fix
1674 599 1681 611 ‚
1712 587 1757 607 aut
1771 577 1873 614 septem
1885 576 1990 613 affium.

402 624 463 652 Post
477 623 575 660 Cajum
591 621 722 649 Caesarem
744 619 875 658 Augustus
895 620 1036 648 constituta
1055 618 1189 656 republica
1204 640 1212 652 ,
1238 620 1265 647 ὃ(
1280 619 1387 656 imperii
1406 619 1463 654 jam
1483 626 1570 647 certus
1585 639 1592 649 ,
1613 617 1737 654 quicquid
1751 616 1850 653 ubique
1865 615 1988 644 militum

402 662 466 690 esset
485 661 585 697 (verba
599 659 658 687 sunt
670 658 805 694 Suetonii)
825 659 856 686 ad
873 666 974 686 certam
981 656 1164 695 stipendiorum
1178 677 1185 686 ,
1206 659 1434 694 praemiorumque
1449 656 1594 684 formulam
1610 656 1756 683 adstrinxit.
1796 654 1915 681 Formula
1930 657 1989 681 Au-

396 698 467 739 gusti
480 699 555 727 latior
567 697 662 736 Julian,
683 697 807 725 videlicet
821 698 847 724 in
864 697 936 724 diem
951 697 1013 724 deni
1027 697 1088 723 asles
1103 716 1110 727 ‚
1131 696 1167 724 ita
1180 703 1210 724 ut
1224 696 1390 724 menstruum
1406 695 1499 723 militis
1515 694 1560 722 sub
1571 694 1690 731 Augusto
1703 694 1767 720 ess'et
1780 692 1886 719 circiter
1901 693 1988 729 vigin-

402 739 543 776 tiquinque
556 737 669 766 denarii,
688 736 714 764 id
727 736 776 768 est,
798 744 890 763 aureus
903 744 971 762 unus
986 736 1140 766 Romanus,
1160 742 1277 762 moneta·
1294 734 1387 761 nostrae
1400 734 1470 761 aurci
1483 734 1546 761 duo.
1577 732 1618 760 Ab
1634 731 1751 769 Augusto
1766 729 1811 767 qui
1826 729 1987 765 stipendium

404 776 524 805 militum
536 775 637 804 auxerit
650 794 657 805 ,
677 783 762 810 neque
777 772 791 801 a
805 774 933 801 Suetonio
947 794 953 803 .
975 781 1061 809 neque
1076 772 1108 800 ab
1123 772 1177 800 aliis
1191 771 1346 800 authoribus
1359 779 1501 800 annotatur
1517 781 1524 798 ε
1545 769 1641 808 Justm
1660 767 1758 807 Liljst'us
1776 769 1804 795 in
1818 766 1867 795 hae
1883 768 1919 795 est
1931 767 1989 795 sen-

401 815 500 847 tentia,
521 813 652 841 Caesarem
666 811 825 849 Caligulam,
846 811 888 839 vel
904 809 1042 838 Claudium
1056 810 1181 839 addidisse
1194 810 1306 838 alterum
1322 820 1431 838 aureum
1447 831 1454 842 ‚
1474 811 1584 839 tertium
1604 809 1710 836 fortasse
1724 806 1846 835 additum
1858 815 1905 842 per
1919 805 1988 834 bella

403 852 489 882 civilia
501 850 596 879 Vitellii
609 852 636 879 ὅ(
652 850 770 882 othonis,
788 856 913 887 quartum
927 849 1036 877 tandem
1050 860 1064 877 i
1081 847 1227 876 Domitiano
1235 848 1251 878 ξ
1264 849 1297 877 de
1312 859 1365 885 quo
1378 849 1414 875 ita
1426 848 1574 879 Suetonius,
1595 845 1828 885 quemadmodum
1842 844 1988 882 legendum

403 891 484 919 docet
496 888 600 928 Lipst'm.
641 888 753 916 Addidit
768 890 794 916 St
807 896 931 924 quartum
950 887 1109 924 stipendium
1125 887 1204 915 militi
1219 908 1226 919 ,
1249 887 1332 915 aureis
1346 887 1437 914 ternis.
1476 888 1565 923 Atque
1579 886 1605 913 in
1622 885 1689 912 hanc
1702 884 1814 912 eandem
1829 882 1990 910 sententiam

404 930 519 956 Zonaras
532 927 629 955 scribit.
669 927 741 953 Cum
760 925 888 953 militibus
903 924 1068 962 septuagenae
1087 926 1172 961 quinae
1187 924 1320 953 drachmae
1339 925 1350 959 (
1360 925 1395 953 ita
1410 925 1547 952 denarium
1565 925 1652 952 Graeci
1665 923 1789 956 vertunt)
1809 920 1991 952 solverentur.

404 974 529 995 centenas
548 966 603 993 dari
617 963 782 992 Domitianam
794 963 874 1000 juss'it.
917 964 989 999 Ergo
1007 962 1039 989 ab
1053 964 1132 990 initio
1141 962 1297 999 stipendium
1320 962 1439 991 militum
1454 963 1580 990 diurnum
1602 962 1653 989 fuit
1673 960 1753 987 trium
1773 957 1880 995 affium:
1899 959 1990 995 postea

406 1009 438 1032 C.
450 1003 511 1039 Jul.
524 1004 616 1038 Caefiire
629 1010 758 1039 regnante
770 1000 812 1029 sex
825 1021 832 1034 s
853 1001 894 1028 vel
908 999 1008 1036 septem
1022 1001 1116 1028 assium
1130 1011 1135 1027 ;
1159 999 1272 1037 Augusto
1292 1002 1441 1036 imperante
1454 1022 1460 1032 ,
1481 1001 1563 1027 decem
1577 999 1681 1034 affinem,
1703 1008 1756 1035 quo
1770 1006 1896 1033 tempore
1910 1006 1987 1024 men-

407 1044 507 1070 struum
529 1041 579 1068 fuit
592 1049 685 1067 aureus
699 1041 839 1066 Romanus
849 1060 855 1070 ‚
878 1046 937 1065 tum
952 1038 1026 1065 aurei
1038 1038 1087 1064 duo
1100 1058 1108 1071 ,
1129 1039 1218 1074 postea
1235 1046 1287 1065 tres
1302 1059 1308 1070 ‚
1330 1040 1443 1066 demum
1458 1047 1586 1075 quatuor,
1609 1039 1729 1065 Romani
1740 1036 1849 1064 scilicet:
1872 1044 1989 1072 quorum

407 1090 474 1108 unus
489 1079 557 1107 valet
576 1079 670 1106 nostrae
683 1085 799 1105 monetae
818 1086 911 1104 aureos
926 1077 1000 1104 duos.
1041 1076 1075 1104 Et
1087 1077 1120 1104 de
1138 1076 1185 1104 hac
1199 1077 1309 1113 quidem
1325 1077 1466 1113 quaestione
1485 1076 1559 1113 plura
1572 1074 1658 1110 justus
1673 1074 1767 1113 Lipsiae
1786 1075 1814 1101 in
1828 1074 1920 1110 primo
1931 1072 1991 1100 Ele-

408 1118 517 1146 &orum
532 1116 614 1147 libro,
635 1125 667 1144 ex
681 1125 734 1153 quo
748 1115 804 1142 haeC
819 1114 941 1151 descripsi
954 1136 962 1147 ‚
985 1123 1049 1142 cum
1066 1114 1108 1142 alii
1122 1115 1280 1150 interpretes
1300 1114 1406 1142 adducsti
1423 1122 1551 1151 corrupto
1564 1112 1678 1141 Suetonii
1694 1113 1755 1141 loco
1773 1111 1875 1140 diversa
1889 1112 1917 1140 in
1932 1120 1990 1139 me-

409 1156 484 1184 dium
498 1154 666 1192 protulerint.

451 1195 517 1222 Non
531 1194 581 1221 erit
595 1192 626 1219 ab
640 1192 692 1220 hoc
704 1191 764 1219 loco
777 1190 894 1219 alienum
909 1212 916 1222 ‚
944 1191 962 1218 si
977 1191 1009 1219 de
1023 1200 1137 1218 numero
1151 1190 1234 1218 etiam
1247 1190 1386 1228 legionum
1403 1192 1523 1228 quaedam
1539 1190 1689 1218 afferamus.
1726 1193 1856 1216 Numerus
1867 1184 1992 1225 legionaris

410 1233 597 1260 Romanarum
614 1240 668 1257 non
686 1239 751 1258 unus
766 1228 870 1266 semper
884 1228 942 1257 fuit.
985 1229 1106 1256 Primum
1123 1229 1235 1266 quidem
1249 1251 1255 1258 .
1278 1230 1510 1266 quemadmodum
1531 1228 1643 1265 Polybius
1658 1249 1666 1260 ,
1685 1226 1789 1258 Liviua,
1810 1231 1942 1264 ngarus,
1964 1228 1993 1254 δί

409 1271 453 1298 alii
470 1270 609 1297 memoriae
623 1269 755 1304 produnt,
776 1268 918 1304 quotannis
931 1276 1040 1306 quatuor
1053 1267 1171 1305 legiones
1185 1266 1262 1295 scribi
1276 1267 1393 1295 solebant
1408 1289 1414 1298 ‚
1436 1278 1493 1305 quae
1508 1267 1665 1295 Consulibus
1679 1268 1710 1293 ad
1726 1266 1792 1293 bella
1805 1274 1889 1301 prope
1904 1264 1994 1301 quoti-

411 1309 489 1336 diana
502 1306 729 1345 proficiscentibus
743 1306 923 1337 traderentur,
944 1305 1050 1343 lingulis
1064 1306 1182 1342 legiones
1194 1305 1269 1333 binae.
1309 1308 1430 1343 Urgente
1445 1317 1509 1334 vero
1521 1306 1687 1335 necestitate,
1708 1305 1793 1341 plures
1805 1303 1995 1334 scribebantur,

412 1347 448 1375 ita
458 1354 487 1374 ut
501 1346 569 1382 apud
584 1344 687 1372 Livium
701 1344 835 1381 legamu5‚
855 1353 1049 1381 nonnunquam
1064 1354 1143 1372 xxvi.
1153 1353 1202 1372 xv1
1213 1351 1254 1371 11.
1271 1345 1296 1371 ἃ
1311 1344 1398 1380 plures
1413 1346 1493 1372 etiam
1509 1345 1627 1381 legiones
1645 1346 1783 1370 Romanos
1795 1341 1918 1369 habuisse.
1938 1343 1994 1368 Ve-

411 1394 473 1412 rum
488 1391 574 1412 certus
587 1392 679 1411 earum
694 1391 819 1410 numerus
832 1391 888 1409 non
902 1382 952 1410 fuit
965 1382 1079 1417 semper.
1121 1382 1212 1409 Postea
1226 1391 1291 1409 vero
1306 1391 1387 1418 quam
1402 1384 1480 1417 Caefzr
1489 1381 1620 1420 Augustus
1632 1381 1705 1409 bellis
1718 1380 1838 1408 civilibus
1855 1378 1994 1410 confestis,

412 1431 502 1450 rerum
517 1423 618 1458 potitus
636 1421 671 1448 est
685 1441 692 1454 ‚
714 1420 832 1447 militum
846 1419 964 1456 legiones
977 1420 1074 1448 multas
1086 1418 1151 1456 legit
1163 1440 1169 1450 ‚
1190 1418 1283 1456 easque
1300 1422 1379 1448 certis
1393 1421 1603 1449 authoramcntis
1622 1420 1713 1447 habuit
1727 1419 1915 1446 mercenarias.
1937 1426 1995 1454 quae

414 1462 572 1488 Romanum
589 1458 601 1486 a
616 1458 731 1485 barbaris
744 1465 882 1486 tuerentur
895 1458 1057 1493 imperium,
1078 1458 1112 1484 de
1125 1457 1231 1494 quibus,
1253 1466 1397 1495 earumque
1410 1460 1565 1486 nominibus
1579 1460 1605 1486 &
1622 1458 1715 1494 quibus
1728 1458 1754 1483 in
1769 1457 1833 1484 locis
1846 1455 1996 1483 constitutae

414 1497 530 1530 fuerint,
549 1496 657 1524 Dionem
670 1495 825 1531 loquentem
843 1495 989 1522 audiemus.
1009 1493 1142 1530 Is'lib.55.
1155 1494 1190 1521 src
1205 1494 1306 1522 scribit:
1329 1495 1474 1524 Alebantur
1487 1506 1519 1523 eo
1534 1503 1657 1531 tempore
1670 1493 1776 1531 legiones
1784 1493 1881 1521 urbana
1891 1501 1941 1521 XXI
1951 1502 1961 1520 1
1970 1502 1994 1521 1.

415 1543 474 1567 aut,
496 1544 576 1572 quein
591 1533 633 1560 alii
648 1542 792 1561 numerum
807 1541 926 1568 ponunt,
946 1541 1006 1560 xxv.
1024 1532 1113 1560 nostro
1132 1541 1255 1568 tempore
1269 1531 1328 1561 iblae
1341 1542 1404 1563 xix.
1418 1535 1526 1561 restant:
1548 1543 1647 1570 nempe
1662 1533 1774 1560 secunda
1789 1531 1851 1569 legio
1865 1530 1994 1567 Augusta,

416 1573 491 1609 cujus
505 1575 533 1600 in
547 1572 672 1608 superiori
685 1570 818 1598 Britannia
830 1569 889 1599 sunt
898 1570 1027 1607 hyberna:
1047 1578 1098 1596 tres
1109 1571 1193 1598 tertiae
1204 1588 1210 1600 ,
1230 1579 1281 1597 una
1295 1571 1322 1598 in
1338 1571 1477 1603 Phaenica,
1500 1572 1597 1599 Gallica
1609 1572 1734 1598 nomine:
1755 1570 1835 1597 altera
1848 1571 1875 1597 in
1890 1568 1997 1601 Arabia.

416 1615 440 1638 C
452 1614 550 1637 renm'ca
562 1610 632 1637 dieta
648 1619 655 1635 :
676 1609 754 1636 tertia
769 1606 885 1645 Augusta
898 1609 925 1636 in
940 1607 1069 1635 Numidia
1082 1619 1091 1634 .·
1114 1616 1206 1645 quarta
1218 1609 1326 1646 Scythica
1341 1609 1368 1636 in
1374 1609 1444 1646 Syria
1459 1621 1466 1635 :
1485 1611 1577 1646 quinta
1591 1607 1748 1635 Macedonica
1762 1609 1788 1635 in
1802 1606 1898 1638 Dacia,
1917 1605 1995 1636 sextae

416 1621 487 1679 diiae,
508 1658 560 1676 una
573 1649 600 1675 in
615 1647 736 1675 inferiori
748 1645 903 1679 Britannia,
923 1645 1036 1674 Vic7rix:
1056 1646 1137 1673 altera
1150 1647 1177 1673 in
1185 1646 1282 1679 Judaeit,
1304 1651 1395 1673 Ferrea
1416 1648 1426 1681 (
1436 1646 1476 1674 vel
1492 1648 1616 1681 ferrata)
1637 1646 1767 1674 vocabulo
1780 1645 1902 1682 insignis:
1916 1643 1998 1681 septi-

417 1696 465 1715 ma
477 1688 504 1714 in
518 1683 598 1724 Mysia
610 1685 736 1721 superiori
749 1705 757 1717 ‚
778 1683 887 1711 Claudia
907 1685 1037 1720 praecipue
1050 1692 1201 1720 nuncupata
1214 1695 1218 1711 z
1240 1685 1334 1712 oclava
1348 1684 1465 1722 Augusta
1479 1706 1488 1717 ‚
1515 1686 1542 1713 in
1557 1683 1695 1712 Germania
1714 1684 1842 1720 superiori
1854 1694 1859 1710 ·.
1890 1683 1998 1713 decima

418 1723 546 1753 Gemella,
569 1723 610 1752 vel
624 1722 746 1753 Gemina,
768 1723 795 1750 iu
811 1722 941 1749 Pannonia
952 1722 1090 1759 superiori:
1111 1724 1179 1750 acin
1194 1721 1275 1760 Myfia
1292 1722 1342 1749 alia
1357 1723 1477 1751 decima:
1498 1724 1641 1751 undecima
1655 1725 1683 1751 in
1695 1720 1775 1760 Myfia
1788 1721 1910 1757 inferiori,
1920 1721 1999 1750 Clau-

417 1761 463 1790 dia
475 1768 662 1799 cognomento
684 1760 741 1796 (hae
754 1760 810 1788 duae
820 1759 937 1800 legiones
951 1762 963 1787 ii
976 1759 1089 1788 Claudio
1101 1760 1160 1788 sunt
1174 1762 1331 1792 nominatae,
1352 1763 1425 1798 quod
1439 1763 1465 1789 in
1479 1761 1609 1789 seditione
1623 1761 1730 1789 Camilli
1741 1770 1797 1789 non
1812 1759 1995 1795 rebellassent)

419 1801 580 1829 duodecima
593 1801 620 1827 in
637 1798 805 1833 Cappadocia,
827 1797 992 1834 Fulminifera
1005 1818 1013 1828 .
1031 1798 1084 1826 sive
1097 1798 1285 1830 nominatrix,
1305 1799 1492 1827 decimatertia
1504 1800 1615 1826 Gemella
1628 1820 1635 1831 ,
1656 1799 1698 1826 vel
1713 1803 1821 1826 Gemma
1830 1818 1839 1831 ‚
1858 1798 1885 1825 in
1899 1798 1980 1826 Dacia
1989 1810 2000 1827 .-

418 1839 619 1875 decimaquarta
638 1836 750 1864 Gemella
769 1838 797 1864 in
812 1836 943 1864 Pannonia
960 1836 1107 1872 superiori:
1129 1837 1328 1873 decimaquinta
1347 1837 1380 1864 ab
1400 1838 1523 1874 Apolline
1542 1838 1735 1875 cognominata
1748 1858 1754 1868 ,
1774 1836 1929 1870 Apollinaris
1943 1858 1951 1869 ,
1971 1838 2001 1866 in
2015 1856 2022 1866 ,

420 1876 576 1912 Cappadocia
590 1888 598 1902 :
619 1875 745 1913 vigesima
758 1873 891 1901 Valeriana
902 1895 910 1907 ‚
931 1877 957 1903 ὃς
975 1873 1071 1902 Vic‘lrix
1085 1876 1113 1902 in
1128 1875 1262 1907 Britannia
1275 1874 1401 1912 superiori
1415 1875 1553 1903 vei-lantes.
1593 1877 1641 1903 Hae
1655 1875 1772 1913 legiones
1787 1874 1896 1912 Augusti
1910 1874 2001 1911 super-

420 1915 494 1947 sunt,
515 1914 621 1951 reliquis
635 1921 678 1941 aut
688 1914 804 1941 omnino
817 1913 955 1950 dissipatis,
975 1920 1019 1941 aut
1033 1913 1065 1940 ab
1074 1913 1192 1950 Augusto
1207 1916 1233 1941 ὃ(
1243 1913 1299 1941 aliis
1309 1914 1517 1950 Imperatoribus
1531 1916 1600 1941 inter
1613 1921 1718 1941 caeteras
1731 1913 1849 1951 legiones
1865 1912 2002 1946 admixtis,

421 1953 492 1981 unde
505 1953 674 1980 <Jeme-[larum
688 1973 696 1983 ‚
717 1950 759 1979 vel
775 1954 942 1978 Gemmarum
957 1950 1099 1987 appellatio
1114 1951 1196 1978 traeta
1208 1958 1324 1987 putatur.
1365 1952 1424 1979 Post
1439 1952 1587 1988 Augustum
1610 1952 1693 1979 etiam
1712 1951 1754 1979 alii
1772 1953 1952 1987 Imperatores
1965 1950 2003 1979 le⁴

423 1992 516 2028 giones
529 1998 613 2018 certas
625 1990 793 2018 instituerunt
807 2010 814 2021 ‚
836 1992 902 2015 Nero
914 1989 1049 2026 legionem
1065 1990 1182 2026 primam
1197 2010 1204 2021 ‚
1225 1990 1388 2028 Italicamque
1400 1990 1563 2026 nuncupavit
1576 2011 1582 2021 ‚
1600 1990 1627 2017 in
1640 1990 1761 2018 inferiori
1775 1989 1859 2026 Mylia
1870 1988 2002 2025 hyeman-

425 2037 483 2057 tem
497 2039 514 2067 :-
529 2027 610 2055 Galba
622 2029 740 2064 primam
755 2026 931 2054 Auxiliariam
952 2028 979 2055 in
993 2027 1114 2056 inferiori
1136 2026 1270 2055 Pannonia
1283 2038 1288 2054 z
1309 2027 1451 2064 septimam
1471 2030 1498 2056 in
1512 2026 1633 2062 Hispania
1646 2040 1654 2054 :
1676 2028 1845 2065 Vespafianus
1857 2027 2002 2057 secundam

424 2065 598 2093 „auxiliarium
611 2067 639 2093 in
656 2065 787 2093 Pannonia
801 2065 921 2093 inferiori
934 2076 938 2092 :
961 2074 1084 2103 quartam
1105 2067 1132 2093 in
1145 2065 1217 2103 {yria
1231 2066 1347 2094 Flaviani
1367 2078 1372 2093 :
1391 2065 1559 2094 Domitianus
1572 2068 1689 2102 primam
1706 2067 1869 2095 Minerviam
1890 2066 1918 2093 in
1933 2067 2002 2095 Ger-

426 2104 514 2130 mania
528 2103 649 2131 inferiori
662 2114 667 2130 2
687 2108 712 2131 T
711 2105 814 2138 rajanus
829 2103 972 2131 secundam
987 2104 1146 2146 AEgypiiamg
1169 2106 1196 2132 ὅ(
1209 2104 1375 2140 trigesimam
1389 2103 1566 2131 Germanicam
1579 2105 1672 2142 quibus
1689 2105 1702 2132 a
1715 2104 1762 2133 suo
1775 2105 1887 2132 nomine
1898 2113 2001 2135 nomen
2039 2091 2041 2098 Ι

424 2139 562 2177 imposuit.
599 2145 701 2181 Marcus
717 2140 843 2168 Antonius
861 2141 1005 2169 secundam
1025 2145 1053 2170 in
1076 2143 1203 2170 Norico:
1230 2144 1338 2170 tei-tiam
1362 2143 1390 2169 in
1413 2142 1532 2173 Rhama,
1567 2151 1624 2179 quae
1643 2144 1724 2171 etiam
1750 2142 1838 2170 Italica
1863 2151 2002 2171 vocantur.

425 2183 532 2206 Severus
546 2179 678 2205 Parthicas
691 2180 808 2215 primam
825 2181 852 2208 &e
868 2181 977 2208 tertiam
996 2181 1024 2208 in
1044 2180 1241 2218 Mesopotamia
1254 2201 1261 2212 ,
1283 2180 1480 2217 secundamque
1498 2182 1610 2208 mediam
1628 2182 1656 2208 in
1669 2181 1750 2210 Italia.
1788 2182 1925 2210 Hactenus
1938 2180 2004 2210 Dio.

381 2225 403 2244 ο
428 2214 707 2283 (ὶάιῗτξζὲιηέεὲἰοηυω
726 2218 852 2246 omnium
870 2219 983 2248 nomina
996 2220 1080 2249 etiam
1099 2220 1128 2249 in
1141 2218 1296 2257 fragmento
1316 2219 1412 2249 veteris
1426 2218 1558 2248 columnae
1577 2220 1675 2248 Romae
1687 2219 1832 2258 leguntur,
1858 2219 1932 2259 quod
1948 2218 2003 2250 huc

428 2264 443 2284 a
474 2264 512 2283 cri
578 2271 587 2281 ο

1895 2373 2008 2408 Nnm'uo
2035 2393 2038 2434 5
