<?xml version="1.0" encoding="UTF-8"?>
<!DOCTYPE html PUBLIC "-//W3C//DTD XHTML 1.0 Transitional//EN"
    "http://www.w3.org/TR/xhtml1/DTD/xhtml1-transitional.dtd">
<html xmlns="http://www.w3.org/1999/xhtml" xml:lang="en" lang="en">
 <head>
  <title>
</title>
<meta http-equiv="Content-Type" content="text/html;charset=utf-8" />
  <meta name='ocr-system' content='tesseract 3.04.00' />
  <meta name='ocr-capabilities' content='ocr_page ocr_carea ocr_par ocr_line ocrx_word'/>
</head>
<body>
  <div class='ocr_page' id='page_1' title='image "./johannisrosinian00rosi/johannisrosinian00rosi_0573.png"; bbox 0 0 2075 2734; ppageno 0'>
   <div class='ocr_carea' id='block_1_1' title="bbox 342 78 1654 124">
    <p class='ocr_par' dir='ltr' id='par_1_1' title="bbox 342 78 1654 124">
     <span class='ocr_line' id='line_1_1' title="bbox 342 78 1654 124; baseline -0.002 -12"><span class='ocrx_word' id='word_1_1' title='bbox 342 83 392 113; x_wconf 69' lang='lat' dir='ltr'>De</span> <span class='ocrx_word' id='word_1_2' title='bbox 412 83 578 120; x_wconf 67' lang='lat' dir='ltr'>Sennis}</span> <span class='ocrx_word' id='word_1_3' title='bbox 596 78 916 114; x_wconf 60' lang='lat' dir='ltr'>&#39;Amani-romnus,</span> <span class='ocrx_word' id='word_1_4' title='bbox 935 79 1132 116; x_wconf 69' lang='lat' dir='ltr'>Accensis,</span> <span class='ocrx_word' id='word_1_5' title='bbox 1153 82 1205 112; x_wconf 64' lang='lat' dir='ltr'>&amp;ej</span> <span class='ocrx_word' id='word_1_6' title='bbox 1245 83 1326 111; x_wconf 62' lang='lat' dir='ltr'>Cn.</span> <span class='ocrx_word' id='word_1_7' title='bbox 1345 83 1392 118; x_wconf 83' lang='lat'>48.</span> <span class='ocrx_word' id='word_1_8' title='bbox 1595 93 1654 124; x_wconf 84' lang='lat'>539</span> 
     </span>
    </p>
   </div>
   <div class='ocr_carea' id='block_1_2' title="bbox 57 125 1989 2372">
    <p class='ocr_par' dir='ltr' id='par_1_2' title="bbox 57 125 1657 317">
     <span class='ocr_line' id='line_1_2' title="bbox 76 125 1650 169; baseline -0.004 -2"><span class='ocrx_word' id='word_1_9' title='bbox 76 137 141 167; x_wconf 71' lang='lat' dir='ltr'>alios</span> <span class='ocrx_word' id='word_1_10' title='bbox 165 132 261 164; x_wconf 81' lang='lat' dir='ltr'>fi-audis</span> <span class='ocrx_word' id='word_1_11' title='bbox 275 153 283 166; x_wconf 96' lang='lat'>,</span> <span class='ocrx_word' id='word_1_12' title='bbox 308 132 373 161; x_wconf 83' lang='lat' dir='ltr'>alios</span> <span class='ocrx_word' id='word_1_13' title='bbox 398 131 543 162; x_wconf 84' lang='lat' dir='ltr'>inscientiae</span> <span class='ocrx_word' id='word_1_14' title='bbox 568 131 748 160; x_wconf 66' lang='lat' dir='ltr'>insimularet:</span> <span class='ocrx_word' id='word_1_15' title='bbox 776 141 892 169; x_wconf 83' lang='lat' dir='ltr'>cumque</span> <span class='ocrx_word' id='word_1_16' title='bbox 919 131 956 159; x_wconf 89' lang='lat' dir='ltr'>illi</span> <span class='ocrx_word' id='word_1_17' title='bbox 981 131 1077 159; x_wconf 87' lang='lat' dir='ltr'>auxilio</span> <span class='ocrx_word' id='word_1_18' title='bbox 1103 130 1266 168; x_wconf 87' lang='lat' dir='ltr'>collegarum</span> <span class='ocrx_word' id='word_1_19' title='bbox 1292 126 1400 156; x_wconf 66' lang='lat' dir='ltr'>Catonis</span> <span class='ocrx_word' id='word_1_20' title='bbox 1426 125 1463 156; x_wconf 83' lang='lat' dir='ltr'>ufi</span> <span class='ocrx_word' id='word_1_21' title='bbox 1488 129 1650 163; x_wconf 79' lang='lat' dir='ltr'>resisterent,</span> 
     </span>
     <span class='ocr_line' id='line_1_3' title="bbox 75 168 1654 213; baseline -0.004 -9"><span class='ocrx_word' id='word_1_22' title='bbox 75 180 142 204; x_wconf 77' lang='lat' dir='ltr'>caso</span> <span class='ocrx_word' id='word_1_23' title='bbox 159 174 278 213; x_wconf 83' lang='lat' dir='ltr'>primum</span> <span class='ocrx_word' id='word_1_24' title='bbox 297 181 392 200; x_wconf 88' lang='lat' dir='ltr'>eorum</span> <span class='ocrx_word' id='word_1_25' title='bbox 411 172 568 199; x_wconf 86' lang='lat' dir='ltr'>damnatum</span> <span class='ocrx_word' id='word_1_26' title='bbox 589 170 742 198; x_wconf 90' lang='lat' dir='ltr'>defraudata</span> <span class='ocrx_word' id='word_1_27' title='bbox 759 170 912 198; x_wconf 79' lang='lat' dir='ltr'>haereditate</span> <span class='ocrx_word' id='word_1_28' title='bbox 930 169 961 196; x_wconf 88' lang='lat' dir='ltr'>ab</span> <span class='ocrx_word' id='word_1_29' title='bbox 982 170 1073 196; x_wconf 78' lang='lat' dir='ltr'>aerario</span> <span class='ocrx_word' id='word_1_30' title='bbox 1093 168 1206 205; x_wconf 75' lang='lat' dir='ltr'>expulit,</span> <span class='ocrx_word' id='word_1_31' title='bbox 1225 168 1338 197; x_wconf 89' lang='lat' dir='ltr'>alterum</span> <span class='ocrx_word' id='word_1_32' title='bbox 1358 175 1423 195; x_wconf 85' lang='lat' dir='ltr'>vero</span> <span class='ocrx_word' id='word_1_33' title='bbox 1443 169 1476 194; x_wconf 87' lang='lat' dir='ltr'>de</span> <span class='ocrx_word' id='word_1_34' title='bbox 1496 169 1590 198; x_wconf 83' lang='lat' dir='ltr'>inertia</span> <span class='ocrx_word' id='word_1_35' title='bbox 1605 180 1654 207; x_wconf 86' lang='lat' dir='ltr'>po-</span> 
     </span>
     <span class='ocr_line' id='line_1_4' title="bbox 57 205 1656 248; baseline -0.004 -9"><span class='ocrx_word' id='word_1_36' title='bbox 57 214 195 243; x_wconf 39' lang='lat' dir='ltr'>sstulavit:</span> <span class='ocrx_word' id='word_1_37' title='bbox 222 211 268 248; x_wconf 90' lang='lat' dir='ltr'>qui</span> <span class='ocrx_word' id='word_1_38' title='bbox 287 219 351 239; x_wconf 88' lang='lat' dir='ltr'>curn</span> <span class='ocrx_word' id='word_1_39' title='bbox 369 211 453 246; x_wconf 87' lang='lat' dir='ltr'>gratia</span> <span class='ocrx_word' id='word_1_40' title='bbox 471 207 559 236; x_wconf 78' lang='lat' dir='ltr'>catuli</span> <span class='ocrx_word' id='word_1_41' title='bbox 575 207 676 243; x_wconf 58' lang='lat' dir='ltr'>censori}</span> <span class='ocrx_word' id='word_1_42' title='bbox 695 207 778 237; x_wconf 88' lang='lat' dir='ltr'>fultus</span> <span class='ocrx_word' id='word_1_43' title='bbox 797 207 913 236; x_wconf 83' lang='lat' dir='ltr'>evafiffet</span> <span class='ocrx_word' id='word_1_44' title='bbox 925 228 932 239; x_wconf 91' lang='lat'>‚</span> <span class='ocrx_word' id='word_1_45' title='bbox 958 217 991 235; x_wconf 93' lang='lat' dir='ltr'>eo</span> <span class='ocrx_word' id='word_1_46' title='bbox 1005 217 1141 244; x_wconf 86' lang='lat' dir='ltr'>uunquam</span> <span class='ocrx_word' id='word_1_47' title='bbox 1157 206 1216 235; x_wconf 90' lang='lat' dir='ltr'>usus</span> <span class='ocrx_word' id='word_1_48' title='bbox 1230 207 1265 234; x_wconf 90' lang='lat' dir='ltr'>est</span> <span class='ocrx_word' id='word_1_49' title='bbox 1279 210 1351 233; x_wconf 81' lang='lat' dir='ltr'><em>Cato.</em></span> <span class='ocrx_word' id='word_1_50' title='bbox 1391 205 1471 233; x_wconf 86' lang='lat' dir='ltr'>Addo</span> <span class='ocrx_word' id='word_1_51' title='bbox 1487 205 1548 234; x_wconf 87' lang='lat' dir='ltr'>illud</span> <span class='ocrx_word' id='word_1_52' title='bbox 1562 228 1570 239; x_wconf 87' lang='lat'>,</span> <span class='ocrx_word' id='word_1_53' title='bbox 1589 207 1656 242; x_wconf 67' lang='lat' dir='ltr'>Jc&#39;ri-</span> 
     </span>
     <span class='ocr_line' id='line_1_5' title="bbox 73 244 1657 287; baseline -0.006 -8"><span class='ocrx_word' id='word_1_54' title='bbox 73 252 116 279; x_wconf 75' lang='lat' dir='ltr'>bas</span> <span class='ocrx_word' id='word_1_55' title='bbox 130 250 189 278; x_wconf 83' lang='lat' dir='ltr'>fere</span> <span class='ocrx_word' id='word_1_56' title='bbox 207 249 221 276; x_wconf 73' lang='lat' dir='ltr'>a</span> <span class='ocrx_word' id='word_1_57' title='bbox 239 247 392 287; x_wconf 68' lang='lat' dir='ltr'>quaeston‘bus</span> <span class='ocrx_word' id='word_1_58' title='bbox 410 247 566 275; x_wconf 85' lang='lat' dir='ltr'><strong>mercedem</strong></span> <span class='ocrx_word' id='word_1_59' title='bbox 583 247 756 283; x_wconf 82' lang='lat' dir='ltr'>apparitionis</span> <span class='ocrx_word' id='word_1_60' title='bbox 774 247 893 283; x_wconf 87' lang='lat' dir='ltr'>accipere</span> <span class='ocrx_word' id='word_1_61' title='bbox 911 245 1018 277; x_wconf 84' lang='lat' dir='ltr'>solitos,</span> <span class='ocrx_word' id='word_1_62' title='bbox 1037 246 1064 274; x_wconf 87' lang='lat' dir='ltr'>id</span> <span class='ocrx_word' id='word_1_63' title='bbox 1083 246 1155 284; x_wconf 71' lang='lat' dir='ltr'>quod</span> <span class='ocrx_word' id='word_1_64' title='bbox 1176 255 1208 274; x_wconf 82' lang='lat' dir='ltr'>ex</span> <span class='ocrx_word' id='word_1_65' title='bbox 1227 245 1382 283; x_wconf 82' lang='lat' dir='ltr'>fragmento</span> <span class='ocrx_word' id='word_1_66' title='bbox 1403 245 1498 272; x_wconf 90' lang='lat' dir='ltr'>veteris</span> <span class='ocrx_word' id='word_1_67' title='bbox 1518 244 1596 282; x_wconf 85' lang='lat' dir='ltr'>hujus</span> <span class='ocrx_word' id='word_1_68' title='bbox 1617 255 1657 275; x_wconf 74' lang='lat' dir='ltr'>ta.</span> 
     </span>
     <span class='ocr_line' id='line_1_6' title="bbox 75 286 333 317; baseline -0.012 0"><span class='ocrx_word' id='word_1_69' title='bbox 75 289 142 317; x_wconf 79' lang='lat' dir='ltr'>bulae</span> <span class='ocrx_word' id='word_1_70' title='bbox 160 286 243 316; x_wconf 88' lang='lat' dir='ltr'>intelli</span> <span class='ocrx_word' id='word_1_71' title='bbox 265 288 333 315; x_wconf 86' lang='lat' dir='ltr'>itur:</span> 
     </span>
    </p>

    <p class='ocr_par' dir='ltr' id='par_1_3' title="bbox 75 296 1651 402">
     <span class='ocr_line' id='line_1_7' title="bbox 87 296 1651 361; baseline -0.002 -7"><span class='ocrx_word' id='word_1_72' title='bbox 87 334 89 336; x_wconf 83' lang='grc'><em>·</em></span> <span class='ocrx_word' id='word_1_73' title='bbox 115 328 152 361; x_wconf 90' lang='lat' dir='ltr'>Q.</span> <span class='ocrx_word' id='word_1_74' title='bbox 176 296 264 354; x_wconf 77' lang='lat' dir='ltr'>URBg.</span> <span class='ocrx_word' id='word_1_75' title='bbox 288 324 379 361; x_wconf 80' lang='lat' dir='ltr'>QJEI</span> <span class='ocrx_word' id='word_1_76' title='bbox 402 322 595 350; x_wconf 82' lang='lat' dir='ltr'>AERARIUM</span> <span class='ocrx_word' id='word_1_77' title='bbox 620 323 870 351; x_wconf 81' lang='lat' dir='ltr'>PROVINCIAM</span> <span class='ocrx_word' id='word_1_78' title='bbox 894 323 1097 351; x_wconf 85' lang='lat' dir='ltr'>OBTINENT</span> <span class='ocrx_word' id='word_1_79' title='bbox 1124 323 1205 350; x_wconf 87' lang='lat' dir='ltr'>EAM</span> <span class='ocrx_word' id='word_1_80' title='bbox 1229 321 1445 350; x_wconf 85' lang='lat' dir='ltr'>MERCEDEM</span> <span class='ocrx_word' id='word_1_81' title='bbox 1470 322 1651 351; x_wconf 86' lang='lat' dir='ltr'>DEFERTO</span> 
     </span>
     <span class='ocr_line' id='line_1_8' title="bbox 75 360 946 402; baseline -0.003 -10"><span class='ocrx_word' id='word_1_82' title='bbox 75 363 348 402; x_wconf 77' lang='lat' dir='ltr'>QJAESTORQUE</span> <span class='ocrx_word' id='word_1_83' title='bbox 369 360 460 397; x_wconf 84' lang='lat' dir='ltr'>QJEI</span> <span class='ocrx_word' id='word_1_84' title='bbox 479 361 670 388; x_wconf 88' lang='lat' dir='ltr'>AERARIUM</span> <span class='ocrx_word' id='word_1_85' title='bbox 690 361 946 389; x_wconf 84' lang='lat' dir='ltr'><strong>PROVINCIAM.</strong></span> 
     </span>
    </p>

    <p class='ocr_par' dir='ltr' id='par_1_4' title="bbox 73 398 1700 512">
     <span class='ocr_line' id='line_1_9' title="bbox 115 398 1651 437; baseline -0.002 -7"><span class='ocrx_word' id='word_1_86' title='bbox 115 401 320 430; x_wconf 81' lang='lat' dir='ltr'>OBTINEBIT</span> <span class='ocrx_word' id='word_1_87' title='bbox 346 400 426 427; x_wconf 87' lang='lat' dir='ltr'>EAM</span> <span class='ocrx_word' id='word_1_88' title='bbox 454 398 655 427; x_wconf 84' lang='lat' dir='ltr'><strong>PECUNIAM</strong></span> <span class='ocrx_word' id='word_1_89' title='bbox 680 399 717 426; x_wconf 92' lang='lat' dir='ltr'>EI</span> <span class='ocrx_word' id='word_1_90' title='bbox 737 399 878 427; x_wconf 83' lang='lat' dir='ltr'>SCRIBAE</span> <span class='ocrx_word' id='word_1_91' title='bbox 897 398 1060 426; x_wconf 84' lang='lat' dir='ltr'>SCRIBEIS</span> <span class='ocrx_word' id='word_1_92' title='bbox 1081 398 1354 434; x_wconf 75' lang='lat' dir='ltr'>QHAEREDIVE.</span> <span class='ocrx_word' id='word_1_93' title='bbox 1376 399 1462 437; x_wconf 89' lang='lat' dir='ltr'>EJUS</span> <span class='ocrx_word' id='word_1_94' title='bbox 1482 400 1651 427; x_wconf 84' lang='lat' dir='ltr'>SOLVITO</span> 
     </span>
     <span class='ocr_line' id='line_1_10' title="bbox 75 435 1649 477; baseline -0.001 -10"><span class='ocrx_word' id='word_1_95' title='bbox 75 440 198 477; x_wconf 84' lang='lat' dir='ltr'>IDQJE</span> <span class='ocrx_word' id='word_1_96' title='bbox 224 440 259 466; x_wconf 86' lang='lat' dir='ltr'>EI</span> <span class='ocrx_word' id='word_1_97' title='bbox 283 437 367 465; x_wconf 86' lang='lat' dir='ltr'>SINE</span> <span class='ocrx_word' id='word_1_98' title='bbox 386 437 538 463; x_wconf 87' lang='lat' dir='ltr'><strong>FRAUDE</strong></span> <span class='ocrx_word' id='word_1_99' title='bbox 557 438 627 464; x_wconf 87' lang='lat' dir='ltr'>SUA</span> <span class='ocrx_word' id='word_1_100' title='bbox 647 437 791 464; x_wconf 78' lang='lat' dir='ltr'><strong>FACERE</strong></span> <span class='ocrx_word' id='word_1_101' title='bbox 812 437 952 464; x_wconf 76' lang='lat' dir='ltr'>LICETO</span> <span class='ocrx_word' id='word_1_102' title='bbox 975 437 1086 472; x_wconf 81' lang='lat' dir='ltr'>QJOD</span> <span class='ocrx_word' id='word_1_103' title='bbox 1105 435 1190 462; x_wconf 67' lang='lat' dir='ltr'>SINE</span> <span class='ocrx_word' id='word_1_104' title='bbox 1210 437 1318 463; x_wconf 83' lang='lat' dir='ltr'>MALO</span> <span class='ocrx_word' id='word_1_105' title='bbox 1341 437 1541 465; x_wconf 85' lang='lat' dir='ltr'>PECULATU</span> <span class='ocrx_word' id='word_1_106' title='bbox 1564 438 1649 465; x_wconf 84' lang='lat' dir='ltr'>FIAT</span> 
     </span>
     <span class='ocr_line' id='line_1_11' title="bbox 73 474 1700 512; baseline -0.004 -6"><span class='ocrx_word' id='word_1_107' title='bbox 73 477 285 512; x_wconf 83' lang='lat' dir='ltr'>OLLEISQJE</span> <span class='ocrx_word' id='word_1_108' title='bbox 303 475 518 503; x_wconf 87' lang='lat' dir='ltr'>HOMINIBUS</span> <span class='ocrx_word' id='word_1_109' title='bbox 538 474 618 502; x_wconf 87' lang='lat' dir='ltr'>EAM</span> <span class='ocrx_word' id='word_1_110' title='bbox 638 475 838 503; x_wconf 86' lang='lat' dir='ltr'>PECUNIAM</span> <span class='ocrx_word' id='word_1_111' title='bbox 857 475 1002 503; x_wconf 84' lang='lat' dir='ltr'>CAPERE</span> <span class='ocrx_word' id='word_1_112' title='bbox 1023 474 1174 501; x_wconf 79' lang='lat' dir='ltr'><strong>LICETO.</strong></span> <span class='ocrx_word' id='word_1_113' title='bbox 1250 509 1254 512; x_wconf 18' lang='grc' dir='ltr'><em>ῃ</em></span> <span class='ocrx_word' id='word_1_114' title='bbox 1694 504 1700 509; x_wconf 36' lang='lat'><em>¹</em></span> 
     </span>
    </p>

    <p class='ocr_par' dir='ltr' id='par_1_5' title="bbox 70 509 1656 855">
     <span class='ocr_line' id='line_1_12' title="bbox 114 509 1654 551; baseline -0.001 -8"><span class='ocrx_word' id='word_1_115' title='bbox 114 516 248 543; x_wconf 88' lang='lat' dir='ltr'>Omnium</span> <span class='ocrx_word' id='word_1_116' title='bbox 273 520 361 540; x_wconf 85' lang='lat' dir='ltr'>autem</span> <span class='ocrx_word' id='word_1_117' title='bbox 374 533 381 544; x_wconf 92' lang='lat'>‚</span> <span class='ocrx_word' id='word_1_118' title='bbox 407 520 436 540; x_wconf 88' lang='lat' dir='ltr'>ut</span> <span class='ocrx_word' id='word_1_119' title='bbox 454 512 545 540; x_wconf 83' lang='lat' dir='ltr'>scribit</span> <span class='ocrx_word' id='word_1_120' title='bbox 563 511 645 551; x_wconf 77' lang='lat' dir='ltr'>Festus</span> <span class='ocrx_word' id='word_1_121' title='bbox 661 533 668 544; x_wconf 91' lang='lat'>,</span> <span class='ocrx_word' id='word_1_122' title='bbox 694 513 816 541; x_wconf 76' lang='lat' dir='ltr'>minimae</span> <span class='ocrx_word' id='word_1_123' title='bbox 834 513 971 551; x_wconf 78' lang='lat' dir='ltr'>dignitatis</span> <span class='ocrx_word' id='word_1_124' title='bbox 990 511 1041 539; x_wconf 87' lang='lat' dir='ltr'>fuit</span> <span class='ocrx_word' id='word_1_125' title='bbox 1060 509 1143 546; x_wconf 83' lang='lat' dir='ltr'>scriba</span> <span class='ocrx_word' id='word_1_126' title='bbox 1161 510 1261 538; x_wconf 59' lang='lat' dir='ltr'>naz-alu</span> <span class='ocrx_word' id='word_1_127' title='bbox 1277 531 1283 541; x_wconf 92' lang='lat'>‚</span> <span class='ocrx_word' id='word_1_128' title='bbox 1312 513 1382 547; x_wconf 87' lang='lat' dir='ltr'>quod</span> <span class='ocrx_word' id='word_1_129' title='bbox 1401 513 1525 549; x_wconf 80' lang='lat' dir='ltr'>periculis</span> <span class='ocrx_word' id='word_1_130' title='bbox 1544 523 1654 551; x_wconf 88' lang='lat' dir='ltr'>quoque</span> 
     </span>
     <span class='ocr_line' id='line_1_13' title="bbox 75 547 1654 590; baseline -0.004 -9"><span class='ocrx_word' id='word_1_131' title='bbox 75 553 132 590; x_wconf 82' lang='lat' dir='ltr'>ejus</span> <span class='ocrx_word' id='word_1_132' title='bbox 149 552 325 580; x_wconf 87' lang='lat' dir='ltr'>ministerium</span> <span class='ocrx_word' id='word_1_133' title='bbox 346 550 409 579; x_wconf 81' lang='lat' dir='ltr'>esset</span> <span class='ocrx_word' id='word_1_134' title='bbox 428 548 576 587; x_wconf 64' lang='lat' dir='ltr'>objectum‘.</span> <span class='ocrx_word' id='word_1_135' title='bbox 615 551 688 580; x_wconf 86' lang='lat' dir='ltr'>Cum</span> <span class='ocrx_word' id='word_1_136' title='bbox 708 560 773 589; x_wconf 88' lang='lat' dir='ltr'>ergo</span> <span class='ocrx_word' id='word_1_137' title='bbox 792 551 872 579; x_wconf 84' lang='lat' dir='ltr'>multi</span> <span class='ocrx_word' id='word_1_138' title='bbox 891 550 972 579; x_wconf 72' lang='lat' dir='ltr'>ess‘ent</span> <span class='ocrx_word' id='word_1_139' title='bbox 983 548 1066 585; x_wconf 69' lang='lat' dir='ltr'>firi-&#39;m</span> <span class='ocrx_word' id='word_1_140' title='bbox 1080 551 1107 577; x_wconf 85' lang='lat' dir='ltr'>in</span> <span class='ocrx_word' id='word_1_141' title='bbox 1121 550 1243 579; x_wconf 85' lang='lat' dir='ltr'>civitate,</span> <span class='ocrx_word' id='word_1_142' title='bbox 1263 547 1364 576; x_wconf 62' lang='lat' dir='ltr'>factum</span> <span class='ocrx_word' id='word_1_143' title='bbox 1378 552 1428 583; x_wconf 90' lang='lat' dir='ltr'>est,</span> <span class='ocrx_word' id='word_1_144' title='bbox 1449 561 1477 580; x_wconf 78' lang='lat' dir='ltr'>ut</span> <span class='ocrx_word' id='word_1_145' title='bbox 1491 553 1518 579; x_wconf 76' lang='lat' dir='ltr'>in</span> <span class='ocrx_word' id='word_1_146' title='bbox 1533 552 1654 580; x_wconf 68' lang='lat' dir='ltr'>decurias</span> 
     </span>
     <span class='ocr_line' id='line_1_14' title="bbox 74 586 1654 627; baseline -0.004 -7"><span class='ocrx_word' id='word_1_147' title='bbox 74 590 171 619; x_wconf 85' lang='lat' dir='ltr'>multas</span> <span class='ocrx_word' id='word_1_148' title='bbox 189 590 239 617; x_wconf 87' lang='lat' dir='ltr'>fint</span> <span class='ocrx_word' id='word_1_149' title='bbox 258 589 375 617; x_wconf 79' lang='lat' dir='ltr'>transsati</span> <span class='ocrx_word' id='word_1_150' title='bbox 388 610 395 621; x_wconf 87' lang='lat'>,</span> <span class='ocrx_word' id='word_1_151' title='bbox 415 587 596 627; x_wconf 57' lang='lat' dir='ltr'>quaestor-iorum</span> <span class='ocrx_word' id='word_1_152' title='bbox 609 609 617 621; x_wconf 90' lang='lat'>,</span> <span class='ocrx_word' id='word_1_153' title='bbox 645 588 802 617; x_wconf 69' lang='lat' dir='ltr'>adilitrorum</span> <span class='ocrx_word' id='word_1_154' title='bbox 814 611 823 622; x_wconf 91' lang='lat'><em>‚</em></span> <span class='ocrx_word' id='word_1_155' title='bbox 842 588 1014 624; x_wconf 60' lang='lat' dir='ltr'>prum-iorum</span> <span class='ocrx_word' id='word_1_156' title='bbox 1025 609 1034 622; x_wconf 94' lang='lat'>,</span> <span class='ocrx_word' id='word_1_157' title='bbox 1054 595 1136 624; x_wconf 82' lang='lat' dir='ltr'>prout</span> <span class='ocrx_word' id='word_1_158' title='bbox 1153 587 1167 615; x_wconf 71' lang='lat' dir='ltr'>a</span> <span class='ocrx_word' id='word_1_159' title='bbox 1186 586 1354 624; x_wconf 83' lang='lat' dir='ltr'>quaestoribus</span> <span class='ocrx_word' id='word_1_160' title='bbox 1367 608 1374 618; x_wconf 95' lang='lat'>,</span> <span class='ocrx_word' id='word_1_161' title='bbox 1400 590 1516 617; x_wconf 69' lang='lat' dir='ltr'>aedifibus</span> <span class='ocrx_word' id='word_1_162' title='bbox 1527 611 1535 622; x_wconf 80' lang='lat'>,</span> <span class='ocrx_word' id='word_1_163' title='bbox 1556 598 1654 626; x_wconf 74' lang='lat' dir='ltr'>praeto.</span> 
     </span>
     <span class='ocr_line' id='line_1_15' title="bbox 73 625 1656 666; baseline -0.002 -10"><span class='ocrx_word' id='word_1_164' title='bbox 73 629 145 656; x_wconf 84' lang='lat' dir='ltr'>ribus</span> <span class='ocrx_word' id='word_1_165' title='bbox 163 627 245 655; x_wconf 87' lang='lat' dir='ltr'>esseut</span> <span class='ocrx_word' id='word_1_166' title='bbox 263 627 334 655; x_wconf 62' lang='lat' dir='ltr'>leiti.</span> <span class='ocrx_word' id='word_1_167' title='bbox 374 628 449 654; x_wconf 84' lang='lat' dir='ltr'>Nam</span> <span class='ocrx_word' id='word_1_168' title='bbox 467 627 520 655; x_wconf 89' lang='lat' dir='ltr'>hoc</span> <span class='ocrx_word' id='word_1_169' title='bbox 537 627 579 663; x_wconf 76' lang='lat' dir='ltr'>jus</span> <span class='ocrx_word' id='word_1_170' title='bbox 598 637 691 655; x_wconf 87' lang='lat' dir='ltr'>eorum</span> <span class='ocrx_word' id='word_1_171' title='bbox 717 627 910 666; x_wconf 57' lang='lat' dir='ltr'>mgistratum</span> <span class='ocrx_word' id='word_1_172' title='bbox 930 627 1021 659; x_wconf 70' lang='lat' dir='ltr'>suffic,</span> <span class='ocrx_word' id='word_1_173' title='bbox 1048 636 1103 654; x_wconf 89' lang='lat' dir='ltr'>non</span> <span class='ocrx_word' id='word_1_174' title='bbox 1122 625 1232 653; x_wconf 84' lang='lat' dir='ltr'>obscure</span> <span class='ocrx_word' id='word_1_175' title='bbox 1252 626 1338 652; x_wconf 79' lang='lat' dir='ltr'>innuit</span> <span class='ocrx_word' id='word_1_176' title='bbox 1357 625 1439 653; x_wconf 78' lang='lat' dir='ltr'>Cicero</span> <span class='ocrx_word' id='word_1_177' title='bbox 1458 636 1507 663; x_wconf 83' lang='lat' dir='ltr'>pro</span> <span class='ocrx_word' id='word_1_178' title='bbox 1527 628 1656 656; x_wconf 80' lang='lat' dir='ltr'>Cluentio</span> 
     </span>
     <span class='ocr_line' id='line_1_16' title="bbox 74 662 1654 702; baseline -0.001 -7"><span class='ocrx_word' id='word_1_179' title='bbox 74 675 137 695; x_wconf 87' lang='lat' dir='ltr'>curn</span> <span class='ocrx_word' id='word_1_180' title='bbox 160 664 270 693; x_wconf 83' lang='lat' dir='ltr'>scribit:</span> <span class='ocrx_word' id='word_1_181' title='bbox 298 667 393 701; x_wconf 76' lang='lat' dir='ltr'>Nuper</span> <span class='ocrx_word' id='word_1_182' title='bbox 412 665 554 693; x_wconf 88' lang='lat' dir='ltr'>hominem</span> <span class='ocrx_word' id='word_1_183' title='bbox 573 673 682 694; x_wconf 84' lang='lat' dir='ltr'>tenuem</span> <span class='ocrx_word' id='word_1_184' title='bbox 700 667 810 700; x_wconf 73' lang='lat' dir='ltr'>scribam</span> <span class='ocrx_word' id='word_1_185' title='bbox 828 665 963 693; x_wconf 71' lang='lat' dir='ltr'>additium</span> <span class='ocrx_word' id='word_1_186' title='bbox 982 666 1017 692; x_wconf 91' lang='lat' dir='ltr'>D.</span> <span class='ocrx_word' id='word_1_187' title='bbox 1038 665 1197 692; x_wconf 85' lang='lat' dir='ltr'>Matrinium</span> <span class='ocrx_word' id='word_1_188' title='bbox 1219 672 1283 690; x_wconf 86' lang='lat' dir='ltr'>cum</span> <span class='ocrx_word' id='word_1_189' title='bbox 1302 662 1475 691; x_wconf 84' lang='lat' dir='ltr'>defendiffem</span> <span class='ocrx_word' id='word_1_190' title='bbox 1491 686 1497 696; x_wconf 88' lang='lat'>,</span> <span class='ocrx_word' id='word_1_191' title='bbox 1515 665 1593 702; x_wconf 76' lang='lat' dir='ltr'>‘apud</span> <span class='ocrx_word' id='word_1_192' title='bbox 1613 670 1654 693; x_wconf 88' lang='lat' dir='ltr'>M.</span> 
     </span>
     <span class='ocr_line' id='line_1_17' title="bbox 73 701 1655 741; baseline -0.001 -11"><span class='ocrx_word' id='word_1_193' title='bbox 73 702 192 741; x_wconf 83' lang='lat' dir='ltr'>Junium</span> <span class='ocrx_word' id='word_1_194' title='bbox 205 724 214 735; x_wconf 89' lang='lat'>,</span> <span class='ocrx_word' id='word_1_195' title='bbox 237 706 277 740; x_wconf 59' lang='lat' dir='ltr'>,Q</span> <span class='ocrx_word' id='word_1_196' title='bbox 292 703 432 730; x_wconf 72' lang='lat' dir='ltr'>Publicium</span> <span class='ocrx_word' id='word_1_197' title='bbox 450 713 576 740; x_wconf 81' lang='lat' dir='ltr'>praetores</span> <span class='ocrx_word' id='word_1_198' title='bbox 590 725 598 736; x_wconf 94' lang='lat'>,</span> <span class='ocrx_word' id='word_1_199' title='bbox 624 707 651 732; x_wconf 73' lang='grc' dir='ltr'>δε</span> <span class='ocrx_word' id='word_1_200' title='bbox 670 707 710 730; x_wconf 87' lang='grc' dir='ltr'>Μ.</span> <span class='ocrx_word' id='word_1_201' title='bbox 731 704 872 730; x_wconf 63' lang='lat' dir='ltr'>Platorium</span> <span class='ocrx_word' id='word_1_202' title='bbox 884 724 890 734; x_wconf 86' lang='lat'><strong>‚</strong></span> <span class='ocrx_word' id='word_1_203' title='bbox 915 707 946 730; x_wconf 89' lang='lat' dir='ltr'>C.</span> <span class='ocrx_word' id='word_1_204' title='bbox 968 702 1126 730; x_wconf 74' lang='lat' dir='ltr'>Flaminium</span> <span class='ocrx_word' id='word_1_205' title='bbox 1145 701 1231 730; x_wconf 68' lang='lat' dir='ltr'>aediles</span> <span class='ocrx_word' id='word_1_206' title='bbox 1251 701 1370 729; x_wconf 83' lang='lat' dir='ltr'>curules:</span> <span class='ocrx_word' id='word_1_207' title='bbox 1392 702 1501 737; x_wconf 77' lang='lat' dir='ltr'>persuasi</span> <span class='ocrx_word' id='word_1_208' title='bbox 1514 723 1521 734; x_wconf 89' lang='lat'>,</span> <span class='ocrx_word' id='word_1_209' title='bbox 1543 712 1572 731; x_wconf 91' lang='lat' dir='ltr'>ut</span> <span class='ocrx_word' id='word_1_210' title='bbox 1591 703 1655 738; x_wconf 76' lang='lat' dir='ltr'>scri-</span> 
     </span>
     <span class='ocr_line' id='line_1_18' title="bbox 71 738 1655 779; baseline 0 -11"><span class='ocrx_word' id='word_1_211' title='bbox 71 742 130 769; x_wconf 69' lang='lat' dir='ltr'>bam</span> <span class='ocrx_word' id='word_1_212' title='bbox 148 742 228 778; x_wconf 85' lang='lat' dir='ltr'>jurati</span> <span class='ocrx_word' id='word_1_213' title='bbox 246 741 366 778; x_wconf 87' lang='lat' dir='ltr'>legerent</span> <span class='ocrx_word' id='word_1_214' title='bbox 385 751 448 769; x_wconf 88' lang='lat' dir='ltr'>eum</span> <span class='ocrx_word' id='word_1_215' title='bbox 464 762 472 773; x_wconf 91' lang='lat'><em>‚</em></span> <span class='ocrx_word' id='word_1_216' title='bbox 500 751 582 779; x_wconf 90' lang='lat' dir='ltr'>quern</span> <span class='ocrx_word' id='word_1_217' title='bbox 602 742 684 769; x_wconf 85' lang='lat' dir='ltr'>iidem</span> <span class='ocrx_word' id='word_1_218' title='bbox 704 742 744 768; x_wconf 83' lang='lat' dir='ltr'>isti</span> <span class='ocrx_word' id='word_1_219' title='bbox 763 743 866 775; x_wconf 66' lang='lat' dir='ltr'>censbres</span> <span class='ocrx_word' id='word_1_220' title='bbox 885 742 1007 770; x_wconf 71' lang='lat' dir='ltr'>aerarium</span> <span class='ocrx_word' id='word_1_221' title='bbox 1024 740 1196 778; x_wconf 84' lang='lat' dir='ltr'>reliquiffent.</span> <span class='ocrx_word' id='word_1_222' title='bbox 1237 740 1271 767; x_wconf 85' lang='lat' dir='ltr'>Et</span> <span class='ocrx_word' id='word_1_223' title='bbox 1290 738 1379 767; x_wconf 69' lang='lat' dir='ltr'>Livius</span> <span class='ocrx_word' id='word_1_224' title='bbox 1397 739 1443 767; x_wconf 87' lang='lat' dir='ltr'>lib.</span> <span class='ocrx_word' id='word_1_225' title='bbox 1457 750 1501 774; x_wconf 79' lang='lat'>40.</span> <span class='ocrx_word' id='word_1_226' title='bbox 1527 739 1655 779; x_wconf 57' lang='lat' dir='ltr'>Qtoeei-</span> 
     </span>
     <span class='ocr_line' id='line_1_19' title="bbox 70 776 1655 815; baseline 0 -9"><span class='ocrx_word' id='word_1_227' title='bbox 70 779 124 806; x_wconf 61' lang='lat' dir='ltr'>lxm</span> <span class='ocrx_word' id='word_1_228' title='bbox 144 788 232 813; x_wconf 68' lang='lat' dir='ltr'>prator</span> <span class='ocrx_word' id='word_1_229' title='bbox 250 780 364 807; x_wconf 84' lang='lat' dir='ltr'>urbanus</span> <span class='ocrx_word' id='word_1_230' title='bbox 383 789 430 807; x_wconf 87' lang='lat' dir='ltr'>eos</span> <span class='ocrx_word' id='word_1_231' title='bbox 447 779 528 807; x_wconf 86' lang='lat' dir='ltr'>libros</span> <span class='ocrx_word' id='word_1_232' title='bbox 547 779 560 807; x_wconf 76' lang='grc' dir='ltr'>ὲ</span> <span class='ocrx_word' id='word_1_233' title='bbox 579 784 610 807; x_wconf 90' lang='lat' dir='ltr'>L.</span> <span class='ocrx_word' id='word_1_234' title='bbox 630 777 721 807; x_wconf 71' lang='lat' dir='ltr'>Petilio</span> <span class='ocrx_word' id='word_1_235' title='bbox 738 779 820 814; x_wconf 74' lang='lat' dir='ltr'>striba</span> <span class='ocrx_word' id='word_1_236' title='bbox 837 777 944 815; x_wconf 72' lang='lat' dir='ltr'>fiampfit</span> <span class='ocrx_word' id='word_1_237' title='bbox 958 799 965 810; x_wconf 87' lang='lat'>,</span> <span class='ocrx_word' id='word_1_238' title='bbox 992 781 1020 807; x_wconf 68' lang='lat' dir='ltr'>Sc</span> <span class='ocrx_word' id='word_1_239' title='bbox 1038 786 1095 806; x_wconf 83' lang='lat' dir='ltr'>erat</span> <span class='ocrx_word' id='word_1_240' title='bbox 1113 778 1248 805; x_wconf 86' lang='lat' dir='ltr'>familiaris</span> <span class='ocrx_word' id='word_1_241' title='bbox 1268 776 1327 806; x_wconf 83' lang='lat' dir='ltr'>usus</span> <span class='ocrx_word' id='word_1_242' title='bbox 1340 798 1348 809; x_wconf 93' lang='lat'>,</span> <span class='ocrx_word' id='word_1_243' title='bbox 1375 778 1447 814; x_wconf 86' lang='lat' dir='ltr'>quod</span> <span class='ocrx_word' id='word_1_244' title='bbox 1464 778 1571 812; x_wconf 67' lang='lat' dir='ltr'>scribam</span> <span class='ocrx_word' id='word_1_245' title='bbox 1590 788 1655 806; x_wconf 89' lang='lat' dir='ltr'>eum</span> 
     </span>
     <span class='ocr_line' id='line_1_20' title="bbox 70 816 1656 855; baseline -0.001 -11"><span class='ocrx_word' id='word_1_246' title='bbox 70 817 182 854; x_wconf 69' lang='lat' dir='ltr'>quaestor</span> <span class='ocrx_word' id='word_1_247' title='bbox 206 820 243 855; x_wconf 57' lang='lat' dir='ltr'><em>Q</em></span> <span class='ocrx_word' id='word_1_248' title='bbox 263 817 369 844; x_wconf 66' lang='lat' dir='ltr'>Perilaus</span> <span class='ocrx_word' id='word_1_249' title='bbox 387 818 415 844; x_wconf 87' lang='lat' dir='ltr'>in</span> <span class='ocrx_word' id='word_1_250' title='bbox 434 818 570 845; x_wconf 83' lang='lat' dir='ltr'>decuriam</span> <span class='ocrx_word' id='word_1_251' title='bbox 588 817 697 855; x_wconf 86' lang='lat' dir='ltr'>legeret.</span> <span class='ocrx_word' id='word_1_252' title='bbox 735 818 788 845; x_wconf 84' lang='lat' dir='ltr'>Sed</span> <span class='ocrx_word' id='word_1_253' title='bbox 815 825 908 845; x_wconf 86' lang='lat' dir='ltr'>tamen</span> <span class='ocrx_word' id='word_1_254' title='bbox 927 818 1027 854; x_wconf 78' lang='lat' dir='ltr'>aliquot</span> <span class='ocrx_word' id='word_1_255' title='bbox 1046 817 1128 844; x_wconf 88' lang='lat' dir='ltr'>etiam</span> <span class='ocrx_word' id='word_1_256' title='bbox 1147 816 1266 844; x_wconf 72' lang='lat' dir='ltr'>decurias</span> <span class='ocrx_word' id='word_1_257' title='bbox 1285 816 1375 851; x_wconf 89' lang='lat' dir='ltr'>pretio</span> <span class='ocrx_word' id='word_1_258' title='bbox 1393 823 1498 851; x_wconf 82' lang='lat' dir='ltr'>emptas</span> <span class='ocrx_word' id='word_1_259' title='bbox 1518 816 1592 843; x_wconf 77' lang='lat' dir='ltr'>fuiffe</span> <span class='ocrx_word' id='word_1_260' title='bbox 1610 826 1656 853; x_wconf 79' lang='lat' dir='ltr'>ap-</span> 
     </span>
    </p>

    <p class='ocr_par' dir='ltr' id='par_1_6' title="bbox 68 852 1658 1346">
     <span class='ocr_line' id='line_1_21' title="bbox 91 852 1657 891; baseline -0.002 -10"><span class='ocrx_word' id='word_1_261' title='bbox 91 862 147 883; x_wconf 89' lang='lat' dir='ltr'>aret</span> <span class='ocrx_word' id='word_1_262' title='bbox 159 876 165 886; x_wconf 92' lang='lat'>,</span> <span class='ocrx_word' id='word_1_263' title='bbox 186 864 218 883; x_wconf 87' lang='lat' dir='ltr'>ex</span> <span class='ocrx_word' id='word_1_264' title='bbox 233 855 363 882; x_wconf 85' lang='lat' dir='ltr'>Oratione</span> <span class='ocrx_word' id='word_1_265' title='bbox 375 855 466 891; x_wconf 81' lang='lat' dir='ltr'>quinta</span> <span class='ocrx_word' id='word_1_266' title='bbox 478 853 506 882; x_wconf 87' lang='lat' dir='ltr'>in</span> <span class='ocrx_word' id='word_1_267' title='bbox 520 859 629 883; x_wconf 83' lang='lat' dir='ltr'>Verrem.</span> <span class='ocrx_word' id='word_1_268' title='bbox 670 855 735 882; x_wconf 89' lang='lat' dir='ltr'>Non</span> <span class='ocrx_word' id='word_1_269' title='bbox 748 855 897 883; x_wconf 77' lang='lat' dir='ltr'>admodum</span> <span class='ocrx_word' id='word_1_270' title='bbox 911 863 1001 882; x_wconf 79' lang='lat' dir='ltr'>autem</span> <span class='ocrx_word' id='word_1_271' title='bbox 1014 863 1127 891; x_wconf 86' lang='lat' dir='ltr'>gravem</span> <span class='ocrx_word' id='word_1_272' title='bbox 1142 874 1150 886; x_wconf 87' lang='lat'>,</span> <span class='ocrx_word' id='word_1_273' title='bbox 1169 861 1249 891; x_wconf 86' lang='lat' dir='ltr'>atque</span> <span class='ocrx_word' id='word_1_274' title='bbox 1261 852 1387 890; x_wconf 78' lang='lat' dir='ltr'>honestum</span> <span class='ocrx_word' id='word_1_275' title='bbox 1400 853 1475 881; x_wconf 85' lang='lat' dir='ltr'>fuisse</span> <span class='ocrx_word' id='word_1_276' title='bbox 1491 854 1588 881; x_wconf 84' lang='lat' dir='ltr'>Romae</span> <span class='ocrx_word' id='word_1_277' title='bbox 1594 853 1657 887; x_wconf 75' lang='lat' dir='ltr'>scri.</span> 
     </span>
     <span class='ocr_line' id='line_1_22' title="bbox 69 863 1657 930; baseline 0 -11"><span class='ocrx_word' id='word_1_278' title='bbox 69 863 161 920; x_wconf 52' lang='lat' dir='ltr'>Earum</span> <span class='ocrx_word' id='word_1_279' title='bbox 179 892 292 919; x_wconf 78' lang='lat' dir='ltr'>ordinem</span> <span class='ocrx_word' id='word_1_280' title='bbox 306 913 314 924; x_wconf 95' lang='lat'>‚</span> <span class='ocrx_word' id='word_1_281' title='bbox 338 894 395 920; x_wconf 79' lang='lat' dir='ltr'>duae</span> <span class='ocrx_word' id='word_1_282' title='bbox 413 902 455 920; x_wconf 85' lang='lat' dir='ltr'>res</span> <span class='ocrx_word' id='word_1_283' title='bbox 473 893 572 920; x_wconf 88' lang='lat' dir='ltr'>indicio</span> <span class='ocrx_word' id='word_1_284' title='bbox 591 892 669 921; x_wconf 86' lang='lat' dir='ltr'>sunt:</span> <span class='ocrx_word' id='word_1_285' title='bbox 696 902 747 921; x_wconf 85' lang='lat' dir='ltr'>una</span> <span class='ocrx_word' id='word_1_286' title='bbox 759 914 768 925; x_wconf 92' lang='lat'>‚</span> <span class='ocrx_word' id='word_1_287' title='bbox 793 894 866 930; x_wconf 90' lang='lat' dir='ltr'>quod</span> <span class='ocrx_word' id='word_1_288' title='bbox 884 892 998 920; x_wconf 74' lang='lat' dir='ltr'>AEmilms</span> <span class='ocrx_word' id='word_1_289' title='bbox 1018 891 1112 919; x_wconf 83' lang='lat' dir='ltr'>Probus</span> <span class='ocrx_word' id='word_1_290' title='bbox 1132 893 1159 920; x_wconf 89' lang='lat' dir='ltr'>in</span> <span class='ocrx_word' id='word_1_291' title='bbox 1180 893 1304 920; x_wconf 86' lang='lat' dir='ltr'>Eumene</span> <span class='ocrx_word' id='word_1_292' title='bbox 1314 890 1456 926; x_wconf 80' lang='lat' dir='ltr'>firibarum</span> <span class='ocrx_word' id='word_1_293' title='bbox 1474 901 1565 918; x_wconf 76' lang='lat' dir='ltr'>munus</span> <span class='ocrx_word' id='word_1_294' title='bbox 1586 890 1657 918; x_wconf 85' lang='lat' dir='ltr'>mul-</span> 
     </span>
     <span class='ocr_line' id='line_1_23' title="bbox 71 929 1656 968; baseline 0 -11"><span class='ocrx_word' id='word_1_295' title='bbox 71 937 101 958; x_wconf 81' lang='lat' dir='ltr'>to</span> <span class='ocrx_word' id='word_1_296' title='bbox 122 931 190 967; x_wconf 90' lang='lat' dir='ltr'>apud</span> <span class='ocrx_word' id='word_1_297' title='bbox 211 931 318 957; x_wconf 81' lang='lat' dir='ltr'>Graecos</span> <span class='ocrx_word' id='word_1_298' title='bbox 336 930 552 959; x_wconf 78' lang='lat' dir='ltr'>honorificentius</span> <span class='ocrx_word' id='word_1_299' title='bbox 572 929 648 958; x_wconf 84' lang='lat' dir='ltr'>fuisse</span> <span class='ocrx_word' id='word_1_300' title='bbox 661 952 670 963; x_wconf 94' lang='lat'>‚</span> <span class='ocrx_word' id='word_1_301' title='bbox 697 940 778 968; x_wconf 78' lang='lat' dir='ltr'>quam</span> <span class='ocrx_word' id='word_1_302' title='bbox 798 932 867 967; x_wconf 86' lang='lat' dir='ltr'>apud</span> <span class='ocrx_word' id='word_1_303' title='bbox 888 933 1030 958; x_wconf 80' lang='lat' dir='ltr'>Romanos</span> <span class='ocrx_word' id='word_1_304' title='bbox 1043 951 1050 962; x_wconf 96' lang='lat'>,</span> <span class='ocrx_word' id='word_1_305' title='bbox 1077 931 1190 966; x_wconf 84' lang='lat' dir='ltr'>prodit:</span> <span class='ocrx_word' id='word_1_306' title='bbox 1216 939 1280 958; x_wconf 90' lang='lat' dir='ltr'>nam</span> <span class='ocrx_word' id='word_1_307' title='bbox 1299 930 1368 966; x_wconf 91' lang='lat' dir='ltr'>apud</span> <span class='ocrx_word' id='word_1_308' title='bbox 1388 931 1530 957; x_wconf 83' lang='lat' dir='ltr'>Romanos</span> <span class='ocrx_word' id='word_1_309' title='bbox 1549 938 1656 961; x_wconf 83' lang='lat' dir='ltr'>revera,</span> 
     </span>
     <span class='ocr_line' id='line_1_24' title="bbox 70 967 1655 1005; baseline 0 -10"><span class='ocrx_word' id='word_1_310' title='bbox 70 968 136 996; x_wconf 86' lang='lat' dir='ltr'>ficut</span> <span class='ocrx_word' id='word_1_311' title='bbox 155 968 252 999; x_wconf 76' lang='lat' dir='ltr'>estem,</span> <span class='ocrx_word' id='word_1_312' title='bbox 273 969 451 996; x_wconf 81' lang='lat' dir='ltr'>mercenarios</span> <span class='ocrx_word' id='word_1_313' title='bbox 468 968 586 997; x_wconf 79' lang='lat' dir='ltr'>habitos:</span> <span class='ocrx_word' id='word_1_314' title='bbox 605 970 674 1005; x_wconf 88' lang='lat' dir='ltr'>apud</span> <span class='ocrx_word' id='word_1_315' title='bbox 694 971 817 1000; x_wconf 76' lang='lat' dir='ltr'>Graecos,</span> <span class='ocrx_word' id='word_1_316' title='bbox 838 970 978 997; x_wconf 87' lang='lat' dir='ltr'>neminem</span> <span class='ocrx_word' id='word_1_317' title='bbox 1000 968 1047 996; x_wconf 75' lang='lat' dir='ltr'>nisi</span> <span class='ocrx_word' id='word_1_318' title='bbox 1066 967 1178 996; x_wconf 88' lang='lat' dir='ltr'>honesto</span> <span class='ocrx_word' id='word_1_319' title='bbox 1200 967 1276 999; x_wconf 74' lang='lat' dir='ltr'>loc),</span> <span class='ocrx_word' id='word_1_320' title='bbox 1297 969 1324 997; x_wconf 74' lang='grc' dir='ltr'>ὃ(</span> <span class='ocrx_word' id='word_1_321' title='bbox 1344 967 1409 999; x_wconf 85' lang='lat' dir='ltr'>fide,</span> <span class='ocrx_word' id='word_1_322' title='bbox 1431 967 1595 996; x_wconf 83' lang='lat' dir='ltr'>&amp;industria</span> <span class='ocrx_word' id='word_1_323' title='bbox 1610 976 1655 995; x_wconf 88' lang='lat' dir='ltr'>co-</span> 
     </span>
     <span class='ocr_line' id='line_1_25' title="bbox 68 1004 1654 1044; baseline 0 -12"><span class='ocrx_word' id='word_1_324' title='bbox 68 1006 145 1044; x_wconf 84' lang='lat' dir='ltr'>gnita</span> <span class='ocrx_word' id='word_1_325' title='bbox 163 1005 314 1033; x_wconf 77' lang='lat' dir='ltr'>admiffum.</span> <span class='ocrx_word' id='word_1_326' title='bbox 354 1007 456 1037; x_wconf 85' lang='lat' dir='ltr'>Altera,</span> <span class='ocrx_word' id='word_1_327' title='bbox 475 1007 549 1044; x_wconf 90' lang='lat' dir='ltr'>quod</span> <span class='ocrx_word' id='word_1_328' title='bbox 570 1006 628 1034; x_wconf 89' lang='lat' dir='ltr'>Piso</span> <span class='ocrx_word' id='word_1_329' title='bbox 647 1007 716 1043; x_wconf 78' lang='lat' dir='ltr'>apud</span> <span class='ocrx_word' id='word_1_330' title='bbox 737 1007 862 1044; x_wconf 70' lang='lat' dir='ltr'>Agellium</span> <span class='ocrx_word' id='word_1_331' title='bbox 881 1007 928 1034; x_wconf 85' lang='lat' dir='ltr'>lib.</span> <span class='ocrx_word' id='word_1_332' title='bbox 942 1010 966 1035; x_wconf 91' lang='lat'>6.</span> <span class='ocrx_word' id='word_1_333' title='bbox 986 1015 1043 1044; x_wconf 85' lang='lat' dir='ltr'>cap.</span> <span class='ocrx_word' id='word_1_334' title='bbox 1055 1017 1082 1042; x_wconf 88' lang='lat'>9.</span> <span class='ocrx_word' id='word_1_335' title='bbox 1100 1007 1133 1034; x_wconf 92' lang='lat' dir='ltr'>de</span> <span class='ocrx_word' id='word_1_336' title='bbox 1153 1010 1201 1033; x_wconf 87' lang='lat' dir='ltr'>Cn.</span> <span class='ocrx_word' id='word_1_337' title='bbox 1221 1004 1310 1033; x_wconf 70' lang='lat' dir='ltr'>Flavio</span> <span class='ocrx_word' id='word_1_338' title='bbox 1319 1004 1402 1040; x_wconf 71' lang='lat' dir='ltr'>scriba</span> <span class='ocrx_word' id='word_1_339' title='bbox 1418 1006 1455 1033; x_wconf 86' lang='lat' dir='ltr'>ita</span> <span class='ocrx_word' id='word_1_340' title='bbox 1474 1005 1584 1033; x_wconf 86' lang='lat' dir='ltr'>scribit:</span> <span class='ocrx_word' id='word_1_341' title='bbox 1605 1009 1654 1032; x_wconf 87' lang='lat' dir='ltr'>Cn.</span> 
     </span>
     <span class='ocr_line' id='line_1_26' title="bbox 71 1042 1656 1082; baseline 0 -12"><span class='ocrx_word' id='word_1_342' title='bbox 71 1043 196 1075; x_wconf 74' lang='lat' dir='ltr'>flamus,</span> <span class='ocrx_word' id='word_1_343' title='bbox 221 1052 296 1080; x_wconf 84' lang='lat' dir='ltr'>patre</span> <span class='ocrx_word' id='word_1_344' title='bbox 319 1043 444 1073; x_wconf 88' lang='lat' dir='ltr'>libertino</span> <span class='ocrx_word' id='word_1_345' title='bbox 470 1054 546 1073; x_wconf 82' lang='lat' dir='ltr'>natus</span> <span class='ocrx_word' id='word_1_346' title='bbox 571 1043 699 1080; x_wconf 68' lang='lat' dir='ltr'>scriptum</span> <span class='ocrx_word' id='word_1_347' title='bbox 727 1044 859 1073; x_wconf 76' lang='lat' dir='ltr'>faciebat:</span> <span class='ocrx_word' id='word_1_348' title='bbox 885 1045 958 1082; x_wconf 86' lang='lat' dir='ltr'>isque</span> <span class='ocrx_word' id='word_1_349' title='bbox 981 1044 1008 1071; x_wconf 88' lang='lat' dir='ltr'>in</span> <span class='ocrx_word' id='word_1_350' title='bbox 1033 1054 1067 1071; x_wconf 91' lang='lat' dir='ltr'>eo</span> <span class='ocrx_word' id='word_1_351' title='bbox 1087 1052 1212 1080; x_wconf 86' lang='lat' dir='ltr'>tempore</span> <span class='ocrx_word' id='word_1_352' title='bbox 1229 1042 1294 1070; x_wconf 65' lang='lat' dir='ltr'>addi</span> <span class='ocrx_word' id='word_1_353' title='bbox 1314 1042 1394 1070; x_wconf 82' lang='lat' dir='ltr'>curuli</span> <span class='ocrx_word' id='word_1_354' title='bbox 1412 1043 1572 1080; x_wconf 79' lang='lat' dir='ltr'>apparebat,</span> <span class='ocrx_word' id='word_1_355' title='bbox 1601 1052 1656 1079; x_wconf 89' lang='lat' dir='ltr'>quo</span> 
     </span>
     <span class='ocr_line' id='line_1_27' title="bbox 72 1081 1657 1119; baseline -0.001 -9"><span class='ocrx_word' id='word_1_356' title='bbox 72 1089 196 1118; x_wconf 86' lang='lat' dir='ltr'>tempore</span> <span class='ocrx_word' id='word_1_357' title='bbox 221 1081 308 1109; x_wconf 67' lang='lat' dir='ltr'>aediles</span> <span class='ocrx_word' id='word_1_358' title='bbox 333 1082 530 1119; x_wconf 84' lang='lat' dir='ltr'>subrogantur,</span> <span class='ocrx_word' id='word_1_359' title='bbox 557 1090 674 1118; x_wconf 87' lang='lat' dir='ltr'>eumque</span> <span class='ocrx_word' id='word_1_360' title='bbox 699 1083 793 1118; x_wconf 78' lang='lat' dir='ltr'>primae</span> <span class='ocrx_word' id='word_1_361' title='bbox 817 1082 901 1111; x_wconf 75' lang='lat' dir='ltr'>tribus</span> <span class='ocrx_word' id='word_1_362' title='bbox 926 1082 1032 1110; x_wconf 84' lang='lat' dir='ltr'>aedilem</span> <span class='ocrx_word' id='word_1_363' title='bbox 1054 1082 1173 1109; x_wconf 88' lang='lat' dir='ltr'>curulem</span> <span class='ocrx_word' id='word_1_364' title='bbox 1193 1082 1413 1110; x_wconf 79' lang='lat' dir='ltr'>renuntiaverunt</span> <span class='ocrx_word' id='word_1_365' title='bbox 1427 1103 1433 1113; x_wconf 94' lang='lat'>,</span> <span class='ocrx_word' id='word_1_366' title='bbox 1461 1089 1540 1118; x_wconf 78' lang='lat' dir='ltr'>atque</span> <span class='ocrx_word' id='word_1_367' title='bbox 1560 1081 1657 1112; x_wconf 83' lang='lat' dir='ltr'>aedilis,</span> 
     </span>
     <span class='ocr_line' id='line_1_28' title="bbox 73 1119 1657 1158; baseline -0.001 -10"><span class='ocrx_word' id='word_1_368' title='bbox 73 1121 119 1157; x_wconf 89' lang='lat' dir='ltr'>qui</span> <span class='ocrx_word' id='word_1_369' title='bbox 146 1120 258 1147; x_wconf 85' lang='lat' dir='ltr'>comitia</span> <span class='ocrx_word' id='word_1_370' title='bbox 284 1119 416 1152; x_wconf 82' lang='lat' dir='ltr'>habebat,</span> <span class='ocrx_word' id='word_1_371' title='bbox 443 1128 524 1157; x_wconf 86' lang='lat' dir='ltr'>negat</span> <span class='ocrx_word' id='word_1_372' title='bbox 549 1121 670 1156; x_wconf 88' lang='lat' dir='ltr'>accipere</span> <span class='ocrx_word' id='word_1_373' title='bbox 695 1130 781 1158; x_wconf 87' lang='lat' dir='ltr'>neque</span> <span class='ocrx_word' id='word_1_374' title='bbox 801 1120 847 1148; x_wconf 84' lang='lat' dir='ltr'>fibi</span> <span class='ocrx_word' id='word_1_375' title='bbox 868 1121 972 1157; x_wconf 84' lang='lat' dir='ltr'>placere</span> <span class='ocrx_word' id='word_1_376' title='bbox 989 1140 996 1153; x_wconf 89' lang='lat'>‚</span> <span class='ocrx_word' id='word_1_377' title='bbox 1023 1119 1067 1157; x_wconf 89' lang='lat' dir='ltr'>qui</span> <span class='ocrx_word' id='word_1_378' title='bbox 1084 1119 1214 1155; x_wconf 88' lang='lat' dir='ltr'>scriptum</span> <span class='ocrx_word' id='word_1_379' title='bbox 1234 1119 1334 1147; x_wconf 89' lang='lat' dir='ltr'>faceret</span> <span class='ocrx_word' id='word_1_380' title='bbox 1348 1139 1356 1151; x_wconf 94' lang='lat'>,</span> <span class='ocrx_word' id='word_1_381' title='bbox 1383 1128 1446 1146; x_wconf 86' lang='lat' dir='ltr'>eum</span> <span class='ocrx_word' id='word_1_382' title='bbox 1466 1119 1570 1146; x_wconf 79' lang='lat' dir='ltr'>aedilem</span> <span class='ocrx_word' id='word_1_383' title='bbox 1591 1119 1657 1146; x_wconf 85' lang='lat' dir='ltr'>fieri.</span> 
     </span>
     <span class='ocr_line' id='line_1_29' title="bbox 72 1156 1657 1195; baseline 0 -11"><span class='ocrx_word' id='word_1_384' title='bbox 72 1161 120 1186; x_wconf 86' lang='lat' dir='ltr'>Cn.</span> <span class='ocrx_word' id='word_1_385' title='bbox 141 1158 245 1184; x_wconf 73' lang='lat' dir='ltr'>Fla-mus</span> <span class='ocrx_word' id='word_1_386' title='bbox 265 1158 361 1185; x_wconf 87' lang='lat' dir='ltr'>dicitur</span> <span class='ocrx_word' id='word_1_387' title='bbox 381 1157 487 1185; x_wconf 59' lang='lat' dir='ltr'>tabulas&gt;</span> <span class='ocrx_word' id='word_1_388' title='bbox 499 1156 625 1194; x_wconf 87' lang='lat' dir='ltr'>posuisse,</span> <span class='ocrx_word' id='word_1_389' title='bbox 645 1157 744 1194; x_wconf 84' lang='lat' dir='ltr'>scriptu</span> <span class='ocrx_word' id='word_1_390' title='bbox 762 1157 814 1186; x_wconf 88' lang='lat' dir='ltr'>sese</span> <span class='ocrx_word' id='word_1_391' title='bbox 833 1158 976 1189; x_wconf 76' lang='lat' dir='ltr'>abdicasse,</span> <span class='ocrx_word' id='word_1_392' title='bbox 997 1157 1069 1195; x_wconf 82' lang='lat' dir='ltr'>isque</span> <span class='ocrx_word' id='word_1_393' title='bbox 1088 1158 1164 1184; x_wconf 65' lang='lat' dir='ltr'>addis</span> <span class='ocrx_word' id='word_1_394' title='bbox 1179 1156 1272 1184; x_wconf 66' lang='lat' dir='ltr'>curulis</span> <span class='ocrx_word' id='word_1_395' title='bbox 1291 1157 1374 1185; x_wconf 66' lang='lat' dir='ltr'>faetus</span> <span class='ocrx_word' id='word_1_396' title='bbox 1396 1158 1441 1185; x_wconf 84' lang='lat' dir='ltr'>est.</span> <span class='ocrx_word' id='word_1_397' title='bbox 1482 1158 1547 1184; x_wconf 84' lang='lat' dir='ltr'>Non</span> <span class='ocrx_word' id='word_1_398' title='bbox 1563 1166 1657 1186; x_wconf 82' lang='lat' dir='ltr'>tamen</span> 
     </span>
     <span class='ocr_line' id='line_1_30' title="bbox 70 1194 1658 1232; baseline -0.001 -9"><span class='ocrx_word' id='word_1_399' title='bbox 70 1197 173 1224; x_wconf 82' lang='lat' dir='ltr'>aditum</span> <span class='ocrx_word' id='word_1_400' title='bbox 195 1197 309 1223; x_wconf 86' lang='lat' dir='ltr'>omnino</span> <span class='ocrx_word' id='word_1_401' title='bbox 327 1194 417 1223; x_wconf 87' lang='lat' dir='ltr'>scribis</span> <span class='ocrx_word' id='word_1_402' title='bbox 436 1196 468 1223; x_wconf 91' lang='lat' dir='ltr'>ad</span> <span class='ocrx_word' id='word_1_403' title='bbox 488 1195 606 1231; x_wconf 84' lang='lat' dir='ltr'>majores</span> <span class='ocrx_word' id='word_1_404' title='bbox 624 1195 740 1223; x_wconf 87' lang='lat' dir='ltr'>honores</span> <span class='ocrx_word' id='word_1_405' title='bbox 759 1195 835 1223; x_wconf 79' lang='lat' dir='ltr'>fuisse</span> <span class='ocrx_word' id='word_1_406' title='bbox 853 1195 1025 1224; x_wconf 87' lang='lat' dir='ltr'>interclusum</span> <span class='ocrx_word' id='word_1_407' title='bbox 1038 1216 1045 1227; x_wconf 92' lang='lat'>‚</span> <span class='ocrx_word' id='word_1_408' title='bbox 1073 1194 1177 1222; x_wconf 63' lang='lat' dir='ltr'>Cicereii</span> <span class='ocrx_word' id='word_1_409' title='bbox 1189 1215 1197 1226; x_wconf 96' lang='lat'>,</span> <span class='ocrx_word' id='word_1_410' title='bbox 1217 1195 1262 1232; x_wconf 88' lang='lat' dir='ltr'>qui</span> <span class='ocrx_word' id='word_1_411' title='bbox 1281 1196 1411 1231; x_wconf 81' lang='lat' dir='ltr'>Scipionis</span> <span class='ocrx_word' id='word_1_412' title='bbox 1431 1194 1550 1223; x_wconf 87' lang='lat' dir='ltr'>Africani</span> <span class='ocrx_word' id='word_1_413' title='bbox 1570 1196 1658 1230; x_wconf 85' lang='lat' dir='ltr'>majo-</span> 
     </span>
     <span class='ocr_line' id='line_1_31' title="bbox 71 1232 1658 1270; baseline -0.001 -10"><span class='ocrx_word' id='word_1_414' title='bbox 71 1234 108 1261; x_wconf 81' lang='lat' dir='ltr'>ris</span> <span class='ocrx_word' id='word_1_415' title='bbox 126 1233 209 1260; x_wconf 86' lang='lat' dir='ltr'>scriba</span> <span class='ocrx_word' id='word_1_416' title='bbox 228 1233 336 1264; x_wconf 85' lang='lat' dir='ltr'>fuerat,</span> <span class='ocrx_word' id='word_1_417' title='bbox 361 1233 503 1268; x_wconf 78' lang='lat' dir='ltr'>exemplum</span> <span class='ocrx_word' id='word_1_418' title='bbox 521 1233 636 1260; x_wconf 87' lang='lat' dir='ltr'>ostendit</span> <span class='ocrx_word' id='word_1_419' title='bbox 649 1254 656 1264; x_wconf 90' lang='lat'>‚</span> <span class='ocrx_word' id='word_1_420' title='bbox 681 1235 727 1270; x_wconf 90' lang='lat' dir='ltr'>qui</span> <span class='ocrx_word' id='word_1_421' title='bbox 746 1233 857 1261; x_wconf 84' lang='lat' dir='ltr'>authore</span> <span class='ocrx_word' id='word_1_422' title='bbox 877 1233 973 1260; x_wconf 82' lang='lat' dir='ltr'>Valerio</span> <span class='ocrx_word' id='word_1_423' title='bbox 985 1254 992 1265; x_wconf 92' lang='lat'>,</span> <span class='ocrx_word' id='word_1_424' title='bbox 1014 1242 1077 1261; x_wconf 89' lang='lat' dir='ltr'>cum</span> <span class='ocrx_word' id='word_1_425' title='bbox 1097 1234 1124 1260; x_wconf 90' lang='lat' dir='ltr'>in</span> <span class='ocrx_word' id='word_1_426' title='bbox 1145 1242 1271 1269; x_wconf 85' lang='lat' dir='ltr'>campum</span> <span class='ocrx_word' id='word_1_427' title='bbox 1293 1234 1411 1260; x_wconf 80' lang='lat' dir='ltr'>Africani</span> <span class='ocrx_word' id='word_1_428' title='bbox 1430 1232 1514 1260; x_wconf 83' lang='lat' dir='ltr'>filium</span> <span class='ocrx_word' id='word_1_429' title='bbox 1535 1233 1658 1260; x_wconf 78' lang='lat' dir='ltr'>candida-</span> 
     </span>
     <span class='ocr_line' id='line_1_32' title="bbox 74 1268 1658 1307; baseline -0.001 -9"><span class='ocrx_word' id='word_1_430' title='bbox 74 1279 134 1298; x_wconf 88' lang='lat' dir='ltr'>tum</span> <span class='ocrx_word' id='word_1_431' title='bbox 149 1270 269 1304; x_wconf 65' lang='lat' dir='ltr'>pretorii·-</span> <span class='ocrx_word' id='word_1_432' title='bbox 287 1270 395 1297; x_wconf 63' lang='lat' dir='ltr'>caminis</span> <span class='ocrx_word' id='word_1_433' title='bbox 415 1270 562 1299; x_wconf 61' lang='lat' dir='ltr'>dediuziss‘et</span> <span class='ocrx_word' id='word_1_434' title='bbox 575 1290 582 1301; x_wconf 87' lang='lat'>,</span> <span class='ocrx_word' id='word_1_435' title='bbox 600 1270 679 1307; x_wconf 84' lang='lat' dir='ltr'>seque</span> <span class='ocrx_word' id='word_1_436' title='bbox 697 1271 822 1298; x_wconf 86' lang='lat' dir='ltr'>omnibus</span> <span class='ocrx_word' id='word_1_437' title='bbox 843 1271 966 1299; x_wconf 87' lang='lat' dir='ltr'>centuriis</span> <span class='ocrx_word' id='word_1_438' title='bbox 984 1268 1090 1304; x_wconf 82' lang='lat' dir='ltr'>Scipioni</span> <span class='ocrx_word' id='word_1_439' title='bbox 1109 1269 1236 1298; x_wconf 69' lang='lat' dir='ltr'>anteferri</span> <span class='ocrx_word' id='word_1_440' title='bbox 1256 1270 1373 1301; x_wconf 74' lang='lat' dir='ltr'>vidiffet,</span> <span class='ocrx_word' id='word_1_441' title='bbox 1394 1269 1408 1297; x_wconf 76' lang='grc' dir='ltr'>ὲ</span> <span class='ocrx_word' id='word_1_442' title='bbox 1429 1270 1533 1307; x_wconf 86' lang='lat' dir='ltr'>templo</span> <span class='ocrx_word' id='word_1_443' title='bbox 1550 1269 1658 1298; x_wconf 85' lang='lat' dir='ltr'>descen-</span> 
     </span>
     <span class='ocr_line' id='line_1_33' title="bbox 72 1307 1654 1346; baseline 0 -11"><span class='ocrx_word' id='word_1_444' title='bbox 72 1308 121 1335; x_wconf 84' lang='lat' dir='ltr'>dit.</span> <span class='ocrx_word' id='word_1_445' title='bbox 161 1309 234 1345; x_wconf 76' lang='lat' dir='ltr'>Qun</span> <span class='ocrx_word' id='word_1_446' title='bbox 254 1309 337 1336; x_wconf 83' lang='lat' dir='ltr'>etiam</span> <span class='ocrx_word' id='word_1_447' title='bbox 357 1308 443 1335; x_wconf 73' lang='lat' dir='ltr'>Cicero</span> <span class='ocrx_word' id='word_1_448' title='bbox 461 1308 596 1346; x_wconf 89' lang='lat' dir='ltr'>quendam</span> <span class='ocrx_word' id='word_1_449' title='bbox 616 1318 767 1341; x_wconf 87' lang='lat' dir='ltr'>memorat,</span> <span class='ocrx_word' id='word_1_450' title='bbox 786 1310 832 1346; x_wconf 88' lang='lat' dir='ltr'>qui</span> <span class='ocrx_word' id='word_1_451' title='bbox 850 1319 913 1338; x_wconf 89' lang='lat' dir='ltr'>cum</span> <span class='ocrx_word' id='word_1_452' title='bbox 927 1309 954 1337; x_wconf 89' lang='lat' dir='ltr'>in</span> <span class='ocrx_word' id='word_1_453' title='bbox 966 1309 1041 1337; x_wconf 85' lang='lat' dir='ltr'>Sullae</span> <span class='ocrx_word' id='word_1_454' title='bbox 1055 1308 1193 1337; x_wconf 59' lang='lat' dir='ltr'>Die‘tatum</span> <span class='ocrx_word' id='word_1_455' title='bbox 1198 1307 1280 1343; x_wconf 78' lang='lat' dir='ltr'>scriba</span> <span class='ocrx_word' id='word_1_456' title='bbox 1293 1308 1394 1340; x_wconf 74' lang='lat' dir='ltr'>suilset‚</span> <span class='ocrx_word' id='word_1_457' title='bbox 1415 1309 1474 1344; x_wconf 88' lang='lat' dir='ltr'>post</span> <span class='ocrx_word' id='word_1_458' title='bbox 1488 1310 1516 1336; x_wconf 90' lang='lat' dir='ltr'>in</span> <span class='ocrx_word' id='word_1_459' title='bbox 1532 1307 1654 1341; x_wconf 67' lang='lat' dir='ltr'>Caefiris,</span> 
     </span>
    </p>

    <p class='ocr_par' dir='ltr' id='par_1_7' title="bbox 94 1345 381 1374">
     <span class='ocr_line' id='line_1_34' title="bbox 94 1345 381 1374; baseline 0 -1"><span class='ocrx_word' id='word_1_460' title='bbox 94 1353 172 1374; x_wconf 76' lang='lat' dir='ltr'>raetor</span> <span class='ocrx_word' id='word_1_461' title='bbox 191 1346 302 1374; x_wconf 86' lang='lat' dir='ltr'>urbanus</span> <span class='ocrx_word' id='word_1_462' title='bbox 322 1345 381 1373; x_wconf 86' lang='lat' dir='ltr'>fuit.</span> 
     </span>
    </p>

    <p class='ocr_par' dir='ltr' id='par_1_8' title="bbox 72 1354 1659 1726">
     <span class='ocr_line' id='line_1_35' title="bbox 73 1354 1658 1422; baseline 0 -11"><span class='ocrx_word' id='word_1_463' title='bbox 73 1354 92 1382; x_wconf 77' lang='lat' dir='ltr'>P</span> <span class='ocrx_word' id='word_1_464' title='bbox 112 1384 275 1418; x_wconf 75' lang='lat' dir='ltr'>Apparitores</span> <span class='ocrx_word' id='word_1_465' title='bbox 294 1382 488 1421; x_wconf 71' lang='lat' dir='ltr'>magistratuum</span> <span class='ocrx_word' id='word_1_466' title='bbox 505 1384 676 1416; x_wconf 84' lang='lat' dir='ltr'>dicebantur,</span> <span class='ocrx_word' id='word_1_467' title='bbox 696 1386 740 1422; x_wconf 86' lang='lat' dir='ltr'>qui</span> <span class='ocrx_word' id='word_1_468' title='bbox 763 1386 962 1422; x_wconf 84' lang='lat' dir='ltr'>magistratuum</span> <span class='ocrx_word' id='word_1_469' title='bbox 979 1385 1097 1421; x_wconf 86' lang='lat' dir='ltr'>imperio</span> <span class='ocrx_word' id='word_1_470' title='bbox 1110 1385 1203 1421; x_wconf 87' lang='lat' dir='ltr'>praesto</span> <span class='ocrx_word' id='word_1_471' title='bbox 1218 1391 1310 1415; x_wconf 90' lang='lat' dir='ltr'>erant,</span> <span class='ocrx_word' id='word_1_472' title='bbox 1329 1391 1359 1411; x_wconf 82' lang='lat' dir='ltr'>ur</span> <span class='ocrx_word' id='word_1_473' title='bbox 1369 1383 1471 1418; x_wconf 69' lang='lat' dir='ltr'>scriba,</span> <span class='ocrx_word' id='word_1_474' title='bbox 1492 1382 1598 1420; x_wconf 81' lang='lat' dir='ltr'>accensi,</span> <span class='ocrx_word' id='word_1_475' title='bbox 1618 1382 1658 1411; x_wconf 78' lang='lat' dir='ltr'>in-</span> 
     </span>
     <span class='ocr_line' id='line_1_36' title="bbox 72 1421 1658 1460; baseline 0 -11"><span class='ocrx_word' id='word_1_476' title='bbox 72 1430 206 1456; x_wconf 72' lang='lat' dir='ltr'>terpretes,</span> <span class='ocrx_word' id='word_1_477' title='bbox 222 1430 353 1456; x_wconf 63' lang='lat' dir='ltr'>precones,</span> <span class='ocrx_word' id='word_1_478' title='bbox 372 1431 494 1455; x_wconf 63' lang='lat' dir='ltr'>imatores,</span> <span class='ocrx_word' id='word_1_479' title='bbox 514 1421 625 1454; x_wconf 51' lang='lat' dir='ltr'>hebres,</span> <span class='ocrx_word' id='word_1_480' title='bbox 645 1423 714 1450; x_wconf 80' lang='lat' dir='ltr'>servi</span> <span class='ocrx_word' id='word_1_481' title='bbox 727 1422 839 1460; x_wconf 88' lang='lat' dir='ltr'>publici,</span> <span class='ocrx_word' id='word_1_482' title='bbox 859 1421 991 1460; x_wconf 80' lang='lat' dir='ltr'>carnfices.</span> <span class='ocrx_word' id='word_1_483' title='bbox 1010 1426 1074 1451; x_wconf 89' lang='lat' dir='ltr'>Haec</span> <span class='ocrx_word' id='word_1_484' title='bbox 1087 1431 1179 1451; x_wconf 91' lang='lat' dir='ltr'>autem</span> <span class='ocrx_word' id='word_1_485' title='bbox 1195 1432 1306 1450; x_wconf 84' lang='lat' dir='ltr'>munera</span> <span class='ocrx_word' id='word_1_486' title='bbox 1320 1421 1419 1450; x_wconf 82' lang='lat' dir='ltr'>libertis</span> <span class='ocrx_word' id='word_1_487' title='bbox 1434 1422 1491 1449; x_wconf 89' lang='lat' dir='ltr'>fere</span> <span class='ocrx_word' id='word_1_488' title='bbox 1504 1422 1554 1449; x_wconf 88' lang='lat' dir='ltr'>suis</span> <span class='ocrx_word' id='word_1_489' title='bbox 1570 1424 1658 1459; x_wconf 82' lang='lat' dir='ltr'>magi-</span> 
     </span>
     <span class='ocr_line' id='line_1_37' title="bbox 73 1459 1654 1498; baseline 0 -11"><span class='ocrx_word' id='word_1_490' title='bbox 73 1461 166 1488; x_wconf 72' lang='lat' dir='ltr'>stratus</span> <span class='ocrx_word' id='word_1_491' title='bbox 187 1459 295 1497; x_wconf 90' lang='lat' dir='ltr'>quisque</span> <span class='ocrx_word' id='word_1_492' title='bbox 314 1469 393 1487; x_wconf 88' lang='lat' dir='ltr'>more</span> <span class='ocrx_word' id='word_1_493' title='bbox 414 1460 551 1496; x_wconf 86' lang='lat' dir='ltr'>majorum</span> <span class='ocrx_word' id='word_1_494' title='bbox 567 1461 713 1489; x_wconf 87' lang='lat' dir='ltr'>mandavit.</span> <span class='ocrx_word' id='word_1_495' title='bbox 754 1461 836 1498; x_wconf 84' lang='lat' dir='ltr'>Qod</span> <span class='ocrx_word' id='word_1_496' title='bbox 849 1470 912 1488; x_wconf 88' lang='lat' dir='ltr'>cum</span> <span class='ocrx_word' id='word_1_497' title='bbox 927 1470 960 1489; x_wconf 87' lang='lat' dir='ltr'>ex</span> <span class='ocrx_word' id='word_1_498' title='bbox 972 1461 1027 1488; x_wconf 85' lang='lat' dir='ltr'>aliis</span> <span class='ocrx_word' id='word_1_499' title='bbox 1042 1460 1135 1489; x_wconf 84' lang='lat' dir='ltr'>multis</span> <span class='ocrx_word' id='word_1_500' title='bbox 1148 1461 1213 1488; x_wconf 86' lang='lat' dir='ltr'>locis</span> <span class='ocrx_word' id='word_1_501' title='bbox 1230 1460 1365 1496; x_wconf 85' lang='lat' dir='ltr'>colligitur</span> <span class='ocrx_word' id='word_1_502' title='bbox 1378 1480 1387 1492; x_wconf 89' lang='lat'>,</span> <span class='ocrx_word' id='word_1_503' title='bbox 1414 1468 1472 1487; x_wconf 89' lang='lat' dir='ltr'>turn</span> <span class='ocrx_word' id='word_1_504' title='bbox 1487 1462 1607 1488; x_wconf 80' lang='lat' dir='ltr'>maxime</span> <span class='ocrx_word' id='word_1_505' title='bbox 1620 1468 1654 1487; x_wconf 83' lang='lat' dir='ltr'>ex</span> 
     </span>
     <span class='ocr_line' id='line_1_38' title="bbox 74 1496 1656 1536; baseline -0.001 -11"><span class='ocrx_word' id='word_1_506' title='bbox 74 1499 194 1526; x_wconf 83' lang='lat' dir='ltr'>oratione</span> <span class='ocrx_word' id='word_1_507' title='bbox 206 1498 333 1525; x_wconf 80' lang='lat' dir='ltr'>senatoris</span> <span class='ocrx_word' id='word_1_508' title='bbox 345 1497 482 1532; x_wconf 87' lang='lat' dir='ltr'>cujusdam</span> <span class='ocrx_word' id='word_1_509' title='bbox 496 1499 564 1534; x_wconf 88' lang='lat' dir='ltr'>apud</span> <span class='ocrx_word' id='word_1_510' title='bbox 579 1498 698 1525; x_wconf 78' lang='lat' dir='ltr'>Tacitum</span> <span class='ocrx_word' id='word_1_511' title='bbox 711 1498 757 1526; x_wconf 82' lang='lat' dir='ltr'>lib.</span> <span class='ocrx_word' id='word_1_512' title='bbox 771 1509 780 1525; x_wconf 88' lang='lat'>1</span> <span class='ocrx_word' id='word_1_513' title='bbox 788 1509 811 1536; x_wconf 83' lang='lat'>3.</span> <span class='ocrx_word' id='word_1_514' title='bbox 831 1498 990 1530; x_wconf 88' lang='lat' dir='ltr'>Annalium,</span> <span class='ocrx_word' id='word_1_515' title='bbox 1010 1499 1044 1526; x_wconf 84' lang='lat' dir='ltr'>de</span> <span class='ocrx_word' id='word_1_516' title='bbox 1057 1498 1246 1527; x_wconf 87' lang='lat' dir='ltr'>libertinorum</span> <span class='ocrx_word' id='word_1_517' title='bbox 1257 1499 1351 1525; x_wconf 88' lang='lat' dir='ltr'>ordine</span> <span class='ocrx_word' id='word_1_518' title='bbox 1359 1498 1395 1524; x_wconf 87' lang='lat' dir='ltr'>ita</span> <span class='ocrx_word' id='word_1_519' title='bbox 1401 1496 1560 1525; x_wconf 75' lang='lat' dir='ltr'>ditierentis:</span> <span class='ocrx_word' id='word_1_520' title='bbox 1582 1498 1656 1525; x_wconf 91' lang='lat' dir='ltr'>Hinc</span> 
     </span>
     <span class='ocr_line' id='line_1_39' title="bbox 74 1533 1659 1574; baseline -0.001 -12"><span class='ocrx_word' id='word_1_521' title='bbox 74 1535 232 1572; x_wconf 85' lang='lat' dir='ltr'>plerumque</span> <span class='ocrx_word' id='word_1_522' title='bbox 246 1535 343 1567; x_wconf 88' lang='lat' dir='ltr'>tribus,</span> <span class='ocrx_word' id='word_1_523' title='bbox 363 1535 493 1567; x_wconf 80' lang='lat' dir='ltr'>decurias,</span> <span class='ocrx_word' id='word_1_524' title='bbox 513 1537 659 1564; x_wconf 79' lang='lat' dir='ltr'>ministeria</span> <span class='ocrx_word' id='word_1_525' title='bbox 672 1535 870 1574; x_wconf 64' lang='lat' dir='ltr'>magistratibus,</span> <span class='ocrx_word' id='word_1_526' title='bbox 891 1538 918 1564; x_wconf 69' lang='grc' dir='ltr'>δε</span> <span class='ocrx_word' id='word_1_527' title='bbox 924 1535 1107 1571; x_wconf 63' lang='lat' dir='ltr'>sacerdotibus,</span> <span class='ocrx_word' id='word_1_528' title='bbox 1128 1535 1250 1563; x_wconf 81' lang='lat' dir='ltr'>cohortes</span> <span class='ocrx_word' id='word_1_529' title='bbox 1264 1536 1344 1562; x_wconf 85' lang='lat' dir='ltr'>etiam</span> <span class='ocrx_word' id='word_1_530' title='bbox 1361 1535 1387 1561; x_wconf 89' lang='lat' dir='ltr'>in</span> <span class='ocrx_word' id='word_1_531' title='bbox 1400 1534 1474 1562; x_wconf 88' lang='lat' dir='ltr'>Urbe</span> <span class='ocrx_word' id='word_1_532' title='bbox 1481 1533 1659 1570; x_wconf 81' lang='lat' dir='ltr'>conscriptas,</span> 
     </span>
     <span class='ocr_line' id='line_1_40' title="bbox 77 1572 1654 1611; baseline -0.001 -11"><span class='ocrx_word' id='word_1_533' title='bbox 77 1575 104 1600; x_wconf 71' lang='grc' dir='ltr'>ὃ(</span> <span class='ocrx_word' id='word_1_534' title='bbox 124 1573 244 1607; x_wconf 80' lang='lat' dir='ltr'>plurimis</span> <span class='ocrx_word' id='word_1_535' title='bbox 263 1573 376 1610; x_wconf 75' lang='lat' dir='ltr'>equitum</span> <span class='ocrx_word' id='word_1_536' title='bbox 390 1574 519 1611; x_wconf 84' lang='lat' dir='ltr'>plerisque</span> <span class='ocrx_word' id='word_1_537' title='bbox 529 1574 687 1609; x_wconf 61' lang='lat' dir='ltr'>senatoribus</span> <span class='ocrx_word' id='word_1_538' title='bbox 701 1585 756 1602; x_wconf 90' lang='lat' dir='ltr'>non</span> <span class='ocrx_word' id='word_1_539' title='bbox 771 1575 876 1602; x_wconf 75' lang='lat' dir='ltr'>aliunde</span> <span class='ocrx_word' id='word_1_540' title='bbox 889 1575 1024 1611; x_wconf 84' lang='lat' dir='ltr'>originem</span> <span class='ocrx_word' id='word_1_541' title='bbox 1038 1574 1116 1601; x_wconf 87' lang='lat' dir='ltr'>trahi.</span> <span class='ocrx_word' id='word_1_542' title='bbox 1156 1573 1259 1611; x_wconf 75' lang='lat' dir='ltr'>Qibus</span> <span class='ocrx_word' id='word_1_543' title='bbox 1275 1572 1361 1600; x_wconf 82' lang='lat' dir='ltr'>verbis</span> <span class='ocrx_word' id='word_1_544' title='bbox 1374 1572 1433 1600; x_wconf 79' lang='lat' dir='ltr'>satis</span> <span class='ocrx_word' id='word_1_545' title='bbox 1445 1572 1555 1609; x_wconf 80' lang='lat' dir='ltr'>planum</span> <span class='ocrx_word' id='word_1_546' title='bbox 1573 1572 1654 1603; x_wconf 81' lang='lat' dir='ltr'>facit,</span> 
     </span>
     <span class='ocr_line' id='line_1_41' title="bbox 76 1609 1655 1649; baseline 0 -13"><span class='ocrx_word' id='word_1_547' title='bbox 76 1609 205 1637; x_wconf 85' lang='lat' dir='ltr'>libertinis</span> <span class='ocrx_word' id='word_1_548' title='bbox 219 1609 302 1639; x_wconf 69' lang='lat' dir='ltr'>tribus</span> <span class='ocrx_word' id='word_1_549' title='bbox 313 1612 339 1638; x_wconf 84' lang='lat'>&amp;</span> <span class='ocrx_word' id='word_1_550' title='bbox 353 1611 484 1641; x_wconf 84' lang='lat' dir='ltr'>decurias,</span> <span class='ocrx_word' id='word_1_551' title='bbox 504 1611 731 1646; x_wconf 78' lang='lat' dir='ltr'>credofiribarum</span> <span class='ocrx_word' id='word_1_552' title='bbox 746 1615 773 1641; x_wconf 72' lang='grc' dir='ltr'>δί</span> <span class='ocrx_word' id='word_1_553' title='bbox 782 1622 933 1647; x_wconf 62' lang='lat' dir='ltr'>precanum,</span> <span class='ocrx_word' id='word_1_554' title='bbox 955 1615 982 1641; x_wconf 71' lang='grc' dir='ltr'>δε</span> <span class='ocrx_word' id='word_1_555' title='bbox 995 1611 1141 1643; x_wconf 71' lang='lat' dir='ltr'>viatorum,</span> <span class='ocrx_word' id='word_1_556' title='bbox 1162 1611 1303 1649; x_wconf 78' lang='lat' dir='ltr'>aliquando</span> <span class='ocrx_word' id='word_1_557' title='bbox 1317 1610 1369 1637; x_wconf 73' lang='lat' dir='ltr'>ess&#39;e</span> <span class='ocrx_word' id='word_1_558' title='bbox 1383 1610 1510 1646; x_wconf 65' lang='lat' dir='ltr'>repletas,</span> <span class='ocrx_word' id='word_1_559' title='bbox 1531 1619 1563 1637; x_wconf 81' lang='lat' dir='ltr'>ex</span> <span class='ocrx_word' id='word_1_560' title='bbox 1578 1609 1655 1637; x_wconf 87' lang='lat' dir='ltr'>liber-</span> 
     </span>
     <span class='ocr_line' id='line_1_42' title="bbox 75 1647 1655 1686; baseline 0.001 -12"><span class='ocrx_word' id='word_1_561' title='bbox 75 1648 138 1675; x_wconf 88' lang='lat' dir='ltr'>tinis</span> <span class='ocrx_word' id='word_1_562' title='bbox 159 1648 292 1675; x_wconf 85' lang='lat' dir='ltr'>ministros</span> <span class='ocrx_word' id='word_1_563' title='bbox 312 1648 363 1675; x_wconf 77' lang='lat' dir='ltr'>esse</span> <span class='ocrx_word' id='word_1_564' title='bbox 381 1648 566 1686; x_wconf 50' lang='lat' dir='ltr'>mlgtstratibus</span> <span class='ocrx_word' id='word_1_565' title='bbox 580 1652 606 1678; x_wconf 70' lang='grc' dir='ltr'>ὅῑ</span> <span class='ocrx_word' id='word_1_566' title='bbox 613 1649 784 1682; x_wconf 64' lang='lat' dir='ltr'>ficerdotibux</span> <span class='ocrx_word' id='word_1_567' title='bbox 803 1652 878 1678; x_wconf 83' lang='lat' dir='ltr'>datos</span> <span class='ocrx_word' id='word_1_568' title='bbox 891 1661 899 1682; x_wconf 80' lang='lat'>5</span> <span class='ocrx_word' id='word_1_569' title='bbox 926 1650 1035 1678; x_wconf 86' lang='lat' dir='ltr'>eosdem</span> <span class='ocrx_word' id='word_1_570' title='bbox 1048 1651 1100 1678; x_wconf 79' lang='lat' dir='ltr'>effe</span> <span class='ocrx_word' id='word_1_571' title='bbox 1114 1650 1256 1686; x_wconf 88' lang='lat' dir='ltr'>aliquando</span> <span class='ocrx_word' id='word_1_572' title='bbox 1269 1650 1297 1677; x_wconf 95' lang='lat' dir='ltr'>in</span> <span class='ocrx_word' id='word_1_573' title='bbox 1311 1648 1434 1677; x_wconf 83' lang='lat' dir='ltr'>cohortes</span> <span class='ocrx_word' id='word_1_574' title='bbox 1448 1648 1480 1675; x_wconf 91' lang='lat' dir='ltr'>ad</span> <span class='ocrx_word' id='word_1_575' title='bbox 1496 1647 1595 1675; x_wconf 86' lang='lat' dir='ltr'>bellum</span> <span class='ocrx_word' id='word_1_576' title='bbox 1610 1649 1655 1675; x_wconf 86' lang='lat' dir='ltr'>de-</span> 
     </span>
     <span class='ocr_line' id='line_1_43' title="bbox 73 1685 1194 1726; baseline 0.003 -14"><span class='ocrx_word' id='word_1_577' title='bbox 73 1685 200 1721; x_wconf 85' lang='lat' dir='ltr'>scriptos,</span> <span class='ocrx_word' id='word_1_578' title='bbox 221 1694 300 1722; x_wconf 81' lang='lat' dir='ltr'>atque</span> <span class='ocrx_word' id='word_1_579' title='bbox 314 1686 376 1713; x_wconf 85' lang='lat' dir='ltr'>inde</span> <span class='ocrx_word' id='word_1_580' title='bbox 386 1687 516 1722; x_wconf 87' lang='lat' dir='ltr'>plurimos</span> <span class='ocrx_word' id='word_1_581' title='bbox 527 1695 636 1726; x_wconf 78' lang='lat' dir='ltr'>equnes,</span> <span class='ocrx_word' id='word_1_582' title='bbox 658 1688 757 1715; x_wconf 86' lang='lat' dir='ltr'>multos</span> <span class='ocrx_word' id='word_1_583' title='bbox 760 1689 889 1722; x_wconf 58' lang='lat' dir='ltr'>senatores</span> <span class='ocrx_word' id='word_1_584' title='bbox 901 1689 1036 1725; x_wconf 83' lang='lat' dir='ltr'>originem</span> <span class='ocrx_word' id='word_1_585' title='bbox 1051 1687 1194 1716; x_wconf 73' lang='lat' dir='ltr'>deduxisse.</span> 
     </span>
    </p>

    <p class='ocr_par' dir='ltr' id='par_1_9' title="bbox 75 1721 1719 1914">
     <span class='ocr_line' id='line_1_44' title="bbox 113 1721 1655 1763; baseline 0.002 -14"><span class='ocrx_word' id='word_1_586' title='bbox 113 1721 208 1750; x_wconf 69' lang='lat' dir='ltr'>Scrtbau</span> <span class='ocrx_word' id='word_1_587' title='bbox 220 1733 311 1751; x_wconf 76' lang='lat' dir='ltr'>autem</span> <span class='ocrx_word' id='word_1_588' title='bbox 326 1733 357 1751; x_wconf 88' lang='lat' dir='ltr'>ex</span> <span class='ocrx_word' id='word_1_589' title='bbox 370 1724 422 1752; x_wconf 85' lang='lat' dir='ltr'>hoc</span> <span class='ocrx_word' id='word_1_590' title='bbox 435 1734 550 1753; x_wconf 89' lang='lat' dir='ltr'>numero</span> <span class='ocrx_word' id='word_1_591' title='bbox 563 1727 727 1754; x_wconf 85' lang='lat' dir='ltr'>exemimus:</span> <span class='ocrx_word' id='word_1_592' title='bbox 747 1735 803 1753; x_wconf 88' lang='lat' dir='ltr'>non</span> <span class='ocrx_word' id='word_1_593' title='bbox 814 1728 887 1763; x_wconf 90' lang='lat' dir='ltr'>quod</span> <span class='ocrx_word' id='word_1_594' title='bbox 900 1737 956 1755; x_wconf 91' lang='lat' dir='ltr'>non</span> <span class='ocrx_word' id='word_1_595' title='bbox 967 1735 1136 1761; x_wconf 76' lang='lat' dir='ltr'>apparttorum</span> <span class='ocrx_word' id='word_1_596' title='bbox 1150 1735 1266 1754; x_wconf 87' lang='lat' dir='ltr'>numero</span> <span class='ocrx_word' id='word_1_597' title='bbox 1279 1724 1378 1752; x_wconf 87' lang='lat' dir='ltr'>fuerint</span> <span class='ocrx_word' id='word_1_598' title='bbox 1388 1744 1395 1756; x_wconf 92' lang='lat'>‚</span> <span class='ocrx_word' id='word_1_599' title='bbox 1414 1723 1459 1751; x_wconf 88' lang='lat' dir='ltr'>sed</span> <span class='ocrx_word' id='word_1_600' title='bbox 1473 1723 1545 1760; x_wconf 92' lang='lat' dir='ltr'>quod</span> <span class='ocrx_word' id='word_1_601' title='bbox 1557 1732 1655 1752; x_wconf 90' lang='lat' dir='ltr'>eorum</span> 
     </span>
     <span class='ocr_line' id='line_1_45' title="bbox 76 1760 1654 1800; baseline -0.001 -11"><span class='ocrx_word' id='word_1_602' title='bbox 76 1761 200 1789; x_wconf 81' lang='lat' dir='ltr'>ordinem</span> <span class='ocrx_word' id='word_1_603' title='bbox 215 1771 248 1789; x_wconf 78' lang='lat' dir='ltr'>ex</span> <span class='ocrx_word' id='word_1_604' title='bbox 262 1762 382 1798; x_wconf 83' lang='lat' dir='ltr'>ingenuis</span> <span class='ocrx_word' id='word_1_605' title='bbox 395 1764 498 1797; x_wconf 88' lang='lat' dir='ltr'>potius,</span> <span class='ocrx_word' id='word_1_606' title='bbox 518 1772 600 1799; x_wconf 84' lang='lat' dir='ltr'>quam</span> <span class='ocrx_word' id='word_1_607' title='bbox 616 1773 647 1791; x_wconf 88' lang='lat' dir='ltr'>ex</span> <span class='ocrx_word' id='word_1_608' title='bbox 662 1764 789 1792; x_wconf 88' lang='lat' dir='ltr'>libertinis</span> <span class='ocrx_word' id='word_1_609' title='bbox 801 1765 943 1794; x_wconf 84' lang='lat' dir='ltr'>constitiffe</span> <span class='ocrx_word' id='word_1_610' title='bbox 955 1765 1200 1793; x_wconf 79' lang='lat' dir='ltr'>animadvertimus.</span> <span class='ocrx_word' id='word_1_611' title='bbox 1221 1763 1358 1800; x_wconf 86' lang='lat' dir='ltr'>Siquidem</span> <span class='ocrx_word' id='word_1_612' title='bbox 1374 1764 1400 1790; x_wconf 71' lang='grc' dir='ltr'>δε</span> <span class='ocrx_word' id='word_1_613' title='bbox 1415 1762 1536 1798; x_wconf 83' lang='lat' dir='ltr'>antiquus</span> <span class='ocrx_word' id='word_1_614' title='bbox 1547 1760 1590 1787; x_wconf 94' lang='lat' dir='ltr'>ille</span> <span class='ocrx_word' id='word_1_615' title='bbox 1593 1762 1654 1795; x_wconf 78' lang='lat' dir='ltr'>sm-</span> 
     </span>
     <span class='ocr_line' id='line_1_46' title="bbox 76 1798 1656 1838; baseline -0.001 -11"><span class='ocrx_word' id='word_1_616' title='bbox 76 1799 107 1827; x_wconf 77' lang='lat' dir='ltr'>ba</span> <span class='ocrx_word' id='word_1_617' title='bbox 120 1798 269 1838; x_wconf 76' lang='lat' dir='ltr'>Pontficum</span> <span class='ocrx_word' id='word_1_618' title='bbox 284 1803 331 1826; x_wconf 85' lang='lat' dir='ltr'>Cn.</span> <span class='ocrx_word' id='word_1_619' title='bbox 345 1800 463 1832; x_wconf 72' lang='lat' dir='ltr'>flamus,</span> <span class='ocrx_word' id='word_1_620' title='bbox 482 1810 538 1828; x_wconf 89' lang='lat' dir='ltr'>non</span> <span class='ocrx_word' id='word_1_621' title='bbox 550 1801 687 1830; x_wconf 87' lang='lat' dir='ltr'>libertinus</span> <span class='ocrx_word' id='word_1_622' title='bbox 699 1802 763 1834; x_wconf 81' lang='lat' dir='ltr'>fuit,</span> <span class='ocrx_word' id='word_1_623' title='bbox 783 1802 828 1831; x_wconf 86' lang='lat' dir='ltr'>sed</span> <span class='ocrx_word' id='word_1_624' title='bbox 841 1804 957 1832; x_wconf 88' lang='lat' dir='ltr'>libertini</span> <span class='ocrx_word' id='word_1_625' title='bbox 969 1803 1037 1832; x_wconf 85' lang='lat' dir='ltr'>filius</span> <span class='ocrx_word' id='word_1_626' title='bbox 1047 1824 1055 1835; x_wconf 92' lang='lat'>‚</span> <span class='ocrx_word' id='word_1_627' title='bbox 1075 1806 1103 1832; x_wconf 69' lang='grc' dir='ltr'>ὅτ,</span> <span class='ocrx_word' id='word_1_628' title='bbox 1117 1800 1328 1836; x_wconf 74' lang='lat' dir='ltr'>Cicerejusstriba</span> <span class='ocrx_word' id='word_1_629' title='bbox 1343 1800 1471 1836; x_wconf 80' lang='lat' dir='ltr'>Scipionis</span> <span class='ocrx_word' id='word_1_630' title='bbox 1482 1819 1488 1829; x_wconf 88' lang='lat'>,</span> <span class='ocrx_word' id='word_1_631' title='bbox 1510 1806 1606 1834; x_wconf 78' lang='lat' dir='ltr'>praetor</span> <span class='ocrx_word' id='word_1_632' title='bbox 1617 1799 1656 1826; x_wconf 89' lang='lat' dir='ltr'>le-</span> 
     </span>
     <span class='ocr_line' id='line_1_47' title="bbox 77 1836 1656 1879; baseline 0.001 -15"><span class='ocrx_word' id='word_1_633' title='bbox 77 1837 104 1875; x_wconf 85' lang='lat' dir='ltr'>gi</span> <span class='ocrx_word' id='word_1_634' title='bbox 117 1845 172 1865; x_wconf 89' lang='lat' dir='ltr'>nou</span> <span class='ocrx_word' id='word_1_635' title='bbox 184 1837 326 1878; x_wconf 71' lang='lat' dir='ltr'>potuisset,</span> <span class='ocrx_word' id='word_1_636' title='bbox 347 1837 394 1865; x_wconf 83' lang='lat' dir='ltr'>nili</span> <span class='ocrx_word' id='word_1_637' title='bbox 408 1839 537 1875; x_wconf 83' lang='lat' dir='ltr'>ingenuus</span> <span class='ocrx_word' id='word_1_638' title='bbox 551 1839 644 1868; x_wconf 83' lang='lat' dir='ltr'>fuisset.</span> <span class='ocrx_word' id='word_1_639' title='bbox 683 1841 780 1878; x_wconf 89' lang='lat' dir='ltr'>Neque</span> <span class='ocrx_word' id='word_1_640' title='bbox 791 1843 864 1869; x_wconf 89' lang='lat' dir='ltr'>enim</span> <span class='ocrx_word' id='word_1_641' title='bbox 879 1843 960 1870; x_wconf 87' lang='lat' dir='ltr'>stante</span> <span class='ocrx_word' id='word_1_642' title='bbox 973 1841 1108 1879; x_wconf 85' lang='lat' dir='ltr'>republica</span> <span class='ocrx_word' id='word_1_643' title='bbox 1122 1841 1289 1878; x_wconf 78' lang='lat' dir='ltr'>magistratus</span> <span class='ocrx_word' id='word_1_644' title='bbox 1303 1837 1348 1865; x_wconf 91' lang='lat' dir='ltr'>ulli</span> <span class='ocrx_word' id='word_1_645' title='bbox 1362 1838 1552 1866; x_wconf 84' lang='lat' dir='ltr'>libertinorum</span> <span class='ocrx_word' id='word_1_646' title='bbox 1566 1836 1656 1866; x_wconf 72' lang='lat' dir='ltr'>ordmi</span> 
     </span>
     <span class='ocr_line' id='line_1_48' title="bbox 75 1877 1719 1914; baseline 0.004 -11"><span class='ocrx_word' id='word_1_647' title='bbox 75 1884 227 1912; x_wconf 83' lang='lat' dir='ltr'>patuerunt.</span> <span class='ocrx_word' id='word_1_648' title='bbox 246 1879 334 1904; x_wconf 73' lang='lat' dir='ltr'>thero</span> <span class='ocrx_word' id='word_1_649' title='bbox 345 1883 437 1904; x_wconf 88' lang='lat' dir='ltr'>tamen</span> <span class='ocrx_word' id='word_1_650' title='bbox 449 1882 489 1906; x_wconf 81' lang='lat' dir='ltr'>M.</span> <span class='ocrx_word' id='word_1_651' title='bbox 502 1877 585 1904; x_wconf 83' lang='lat' dir='ltr'>Tullio</span> <span class='ocrx_word' id='word_1_652' title='bbox 597 1878 694 1906; x_wconf 88' lang='lat' dir='ltr'>liberto</span> <span class='ocrx_word' id='word_1_653' title='bbox 706 1878 754 1906; x_wconf 89' lang='lat' dir='ltr'>suo</span> <span class='ocrx_word' id='word_1_654' title='bbox 759 1879 842 1914; x_wconf 76' lang='lat' dir='ltr'>scriba</span> <span class='ocrx_word' id='word_1_655' title='bbox 854 1880 913 1908; x_wconf 80' lang='lat' dir='ltr'>usus</span> <span class='ocrx_word' id='word_1_656' title='bbox 927 1881 972 1908; x_wconf 91' lang='lat' dir='ltr'>est.</span> <span class='ocrx_word' id='word_1_657' title='bbox 1718 1906 1719 1910; x_wconf 72' lang='grc'>,</span> 
     </span>
    </p>

    <p class='ocr_par' dir='ltr' id='par_1_10' title="bbox 75 1887 1989 2098">
     <span class='ocr_line' id='line_1_49' title="bbox 116 1887 1989 1954; baseline 0.002 -15"><span class='ocrx_word' id='word_1_658' title='bbox 116 1913 228 1947; x_wconf 71' lang='lat' dir='ltr'>Accenjbs</span> <span class='ocrx_word' id='word_1_659' title='bbox 240 1935 248 1946; x_wconf 94' lang='lat'>‚</span> <span class='ocrx_word' id='word_1_660' title='bbox 271 1913 325 1941; x_wconf 84' lang='lat' dir='ltr'>hoc</span> <span class='ocrx_word' id='word_1_661' title='bbox 350 1914 413 1942; x_wconf 86' lang='lat' dir='ltr'>loco</span> <span class='ocrx_word' id='word_1_662' title='bbox 431 1916 605 1953; x_wconf 81' lang='lat' dir='ltr'>intelligimus</span> <span class='ocrx_word' id='word_1_663' title='bbox 630 1915 822 1954; x_wconf 62' lang='lat' dir='ltr'>magistratuum</span> <span class='ocrx_word' id='word_1_664' title='bbox 842 1917 966 1954; x_wconf 72' lang='lat' dir='ltr'>ministros</span> <span class='ocrx_word' id='word_1_665' title='bbox 979 1938 986 1949; x_wconf 91' lang='lat'>,</span> <span class='ocrx_word' id='word_1_666' title='bbox 1012 1918 1058 1954; x_wconf 89' lang='lat' dir='ltr'>qui</span> <span class='ocrx_word' id='word_1_667' title='bbox 1076 1917 1202 1944; x_wconf 86' lang='lat' dir='ltr'>accirent.</span> <span class='ocrx_word' id='word_1_668' title='bbox 1243 1915 1285 1941; x_wconf 88' lang='lat' dir='ltr'>Sic</span> <span class='ocrx_word' id='word_1_669' title='bbox 1304 1914 1377 1953; x_wconf 85' lang='lat' dir='ltr'>enim</span> <span class='ocrx_word' id='word_1_670' title='bbox 1399 1917 1476 1953; x_wconf 55' lang='lat' dir='ltr'>Varro</span> <span class='ocrx_word' id='word_1_671' title='bbox 1494 1912 1564 1941; x_wconf 88' lang='lat' dir='ltr'>libro</span> <span class='ocrx_word' id='word_1_672' title='bbox 1575 1924 1602 1949; x_wconf 84' lang='lat'>4.</span> <span class='ocrx_word' id='word_1_673' title='bbox 1622 1914 1657 1942; x_wconf 85' lang='lat' dir='ltr'>de</span> <span class='ocrx_word' id='word_1_674' title='bbox 1673 1924 1677 1925; x_wconf 51' lang='lat'><em>⁷</em></span> <span class='ocrx_word' id='word_1_675' title='bbox 1697 1887 1989 1946; x_wconf 47' lang='lat' dir='ltr'>-wlffi&#39;f‘sa</span> 
     </span>
     <span class='ocr_line' id='line_1_50' title="bbox 75 1951 1656 1994; baseline 0.002 -17"><span class='ocrx_word' id='word_1_676' title='bbox 75 1951 168 1988; x_wconf 85' lang='lat' dir='ltr'>lingua</span> <span class='ocrx_word' id='word_1_677' title='bbox 194 1952 287 1979; x_wconf 79' lang='lat' dir='ltr'>Latina</span> <span class='ocrx_word' id='word_1_678' title='bbox 301 1973 308 1983; x_wconf 94' lang='lat'>,</span> <span class='ocrx_word' id='word_1_679' title='bbox 335 1953 433 1981; x_wconf 85' lang='lat' dir='ltr'>Consul</span> <span class='ocrx_word' id='word_1_680' title='bbox 458 1955 576 1991; x_wconf 83' lang='lat' dir='ltr'>loquitur</span> <span class='ocrx_word' id='word_1_681' title='bbox 601 1955 633 1982; x_wconf 80' lang='lat' dir='ltr'>ad</span> <span class='ocrx_word' id='word_1_682' title='bbox 659 1955 827 1983; x_wconf 82' lang='lat' dir='ltr'>exercitum:</span> <span class='ocrx_word' id='word_1_683' title='bbox 852 1959 964 1990; x_wconf 82' lang='lat' dir='ltr'>Impera,</span> <span class='ocrx_word' id='word_1_684' title='bbox 990 1965 1042 1994; x_wconf 79' lang='lat' dir='ltr'>qua</span> <span class='ocrx_word' id='word_1_685' title='bbox 1059 1953 1185 1981; x_wconf 72' lang='lat' dir='ltr'>convenite</span> <span class='ocrx_word' id='word_1_686' title='bbox 1204 1953 1241 1979; x_wconf 73' lang='lat' dir='ltr'>ad</span> <span class='ocrx_word' id='word_1_687' title='bbox 1258 1961 1357 1978; x_wconf 80' lang='lat' dir='ltr'>comum</span> <span class='ocrx_word' id='word_1_688' title='bbox 1375 1960 1524 1979; x_wconf 66' lang='lat' dir='ltr'>[emunata.</span> <span class='ocrx_word' id='word_1_689' title='bbox 1565 1953 1656 1989; x_wconf 84' lang='lat' dir='ltr'>Qare</span> 
     </span>
     <span class='ocr_line' id='line_1_51' title="bbox 77 1989 1615 2030; baseline 0.004 -13"><span class='ocrx_word' id='word_1_690' title='bbox 77 1989 122 2017; x_wconf 86' lang='lat' dir='ltr'>hic</span> <span class='ocrx_word' id='word_1_691' title='bbox 140 1992 233 2023; x_wconf 69' lang='lat' dir='ltr'>accenJo&#39;</span> <span class='ocrx_word' id='word_1_692' title='bbox 247 2010 254 2021; x_wconf 86' lang='lat'>‚</span> <span class='ocrx_word' id='word_1_693' title='bbox 280 1989 332 2018; x_wconf 88' lang='lat' dir='ltr'>illic</span> <span class='ocrx_word' id='word_1_694' title='bbox 343 1991 446 2025; x_wconf 68' lang='lat' dir='ltr'>praeoni</span> <span class='ocrx_word' id='word_1_695' title='bbox 463 1993 529 2021; x_wconf 89' lang='lat' dir='ltr'>dicit</span> <span class='ocrx_word' id='word_1_696' title='bbox 543 2012 550 2024; x_wconf 92' lang='lat'>‚</span> <span class='ocrx_word' id='word_1_697' title='bbox 575 1991 631 2020; x_wconf 79' lang='lat' dir='ltr'>haec</span> <span class='ocrx_word' id='word_1_698' title='bbox 650 1993 686 2019; x_wconf 85' lang='lat' dir='ltr'>est</span> <span class='ocrx_word' id='word_1_699' title='bbox 706 1992 787 2020; x_wconf 83' lang='lat' dir='ltr'>causa.</span> <span class='ocrx_word' id='word_1_700' title='bbox 827 1995 858 2021; x_wconf 82' lang='lat' dir='ltr'>In</span> <span class='ocrx_word' id='word_1_701' title='bbox 877 1994 980 2030; x_wconf 87' lang='lat' dir='ltr'>aliquot</span> <span class='ocrx_word' id='word_1_702' title='bbox 998 1993 1077 2020; x_wconf 87' lang='lat' dir='ltr'>rebus</span> <span class='ocrx_word' id='word_1_703' title='bbox 1095 1993 1167 2019; x_wconf 91' lang='lat' dir='ltr'>idem</span> <span class='ocrx_word' id='word_1_704' title='bbox 1187 2000 1217 2019; x_wconf 87' lang='lat' dir='ltr'>ut</span> <span class='ocrx_word' id='word_1_705' title='bbox 1230 1999 1303 2023; x_wconf 70' lang='lat' dir='ltr'>praso</span> <span class='ocrx_word' id='word_1_706' title='bbox 1318 2009 1326 2019; x_wconf 84' lang='grc'>.</span> <span class='ocrx_word' id='word_1_707' title='bbox 1351 1990 1460 2030; x_wconf 62' lang='grc' dir='ltr'>σιϊιῗηλῑα</span> <span class='ocrx_word' id='word_1_708' title='bbox 1479 1990 1595 2030; x_wconf 60' lang='grc' dir='ltr'>Ξεξίᾶῦᾶῖ</span> <span class='ocrx_word' id='word_1_709' title='bbox 1608 2011 1615 2023; x_wconf 80' lang='lat'>›</span> 
     </span>
     <span class='ocr_line' id='line_1_52' title="bbox 78 2026 1657 2093; baseline 0.003 -40"><span class='ocrx_word' id='word_1_710' title='bbox 78 2036 133 2065; x_wconf 89' lang='lat' dir='ltr'>quo</span> <span class='ocrx_word' id='word_1_711' title='bbox 153 2026 275 2092; x_wconf 51' lang='lat' dir='ltr'>acgensus</span> <span class='ocrx_word' id='word_1_712' title='bbox 293 2037 399 2093; x_wconf 55' lang='lat' dir='ltr'>quoque</span> <span class='ocrx_word' id='word_1_713' title='bbox 419 2030 511 2059; x_wconf 63' lang='lat' dir='ltr'>dictus.</span> <span class='ocrx_word' id='word_1_714' title='bbox 551 2031 689 2066; x_wconf 66' lang='lat' dir='ltr'>Arcenficm</span> <span class='ocrx_word' id='word_1_715' title='bbox 708 2030 817 2059; x_wconf 69' lang='lat' dir='ltr'>iblitum</span> <span class='ocrx_word' id='word_1_716' title='bbox 837 2033 905 2059; x_wconf 80' lang='lat' dir='ltr'>ciere</span> <span class='ocrx_word' id='word_1_717' title='bbox 925 2032 1030 2060; x_wconf 85' lang='lat' dir='ltr'>Boeotia</span> <span class='ocrx_word' id='word_1_718' title='bbox 1050 2031 1178 2061; x_wconf 88' lang='lat' dir='ltr'>ostendit,</span> <span class='ocrx_word' id='word_1_719' title='bbox 1198 2037 1279 2066; x_wconf 84' lang='lat' dir='ltr'>quam</span> <span class='ocrx_word' id='word_1_720' title='bbox 1298 2028 1445 2056; x_wconf 80' lang='lat' dir='ltr'>comaedmm</span> <span class='ocrx_word' id='word_1_721' title='bbox 1463 2028 1525 2057; x_wconf 82' lang='lat' dir='ltr'>AEln</span> <span class='ocrx_word' id='word_1_722' title='bbox 1544 2028 1596 2057; x_wconf 77' lang='lat' dir='ltr'>effi:</span> <span class='ocrx_word' id='word_1_723' title='bbox 1615 2028 1657 2064; x_wconf 60' lang='lat' dir='ltr'>dig</span> 
     </span>
     <span class='ocr_line' id='line_1_53' title="bbox 78 2074 342 2098; baseline 0.004 -5"><span class='ocrx_word' id='word_1_724' title='bbox 78 2074 156 2098; x_wconf 90' lang='lat' dir='ltr'>cunt,</span> <span class='ocrx_word' id='word_1_725' title='bbox 196 2074 229 2093; x_wconf 89' lang='lat' dir='ltr'>oc</span> <span class='ocrx_word' id='word_1_726' title='bbox 248 2074 294 2093; x_wconf 86' lang='lat' dir='ltr'>ver</span> <span class='ocrx_word' id='word_1_727' title='bbox 307 2076 342 2094; x_wconf 85' lang='lat' dir='ltr'>u:</span> 
     </span>
    </p>

    <p class='ocr_par' dir='ltr' id='par_1_11' title="bbox 177 2104 1043 2144">
     <span class='ocr_line' id='line_1_54' title="bbox 177 2104 1043 2144; baseline 0.005 -13"><span class='ocrx_word' id='word_1_728' title='bbox 177 2140 180 2144; x_wconf 91' lang='lat'>.</span> <span class='ocrx_word' id='word_1_729' title='bbox 388 2104 435 2132; x_wconf 74' lang='lat' dir='ltr'>Ubi</span> <span class='ocrx_word' id='word_1_730' title='bbox 443 2106 556 2141; x_wconf 82' lang='lat' dir='ltr'>primum</span> <span class='ocrx_word' id='word_1_731' title='bbox 569 2109 680 2142; x_wconf 73' lang='lat' dir='ltr'>accenfiu</span> <span class='ocrx_word' id='word_1_732' title='bbox 693 2106 811 2134; x_wconf 76' lang='lat' dir='ltr'>clamarit</span> <span class='ocrx_word' id='word_1_733' title='bbox 823 2106 969 2139; x_wconf 63' lang='lat' dir='ltr'>meridiem,</span> <span class='ocrx_word' id='word_1_734' title='bbox 991 2109 1043 2135; x_wconf 70' lang='grc' dir='ltr'>ἃς.</span> 
     </span>
    </p>

    <p class='ocr_par' dir='ltr' id='par_1_12' title="bbox 79 2141 1660 2372">
     <span class='ocr_line' id='line_1_55' title="bbox 118 2141 1655 2182; baseline 0.002 -14"><span class='ocrx_word' id='word_1_735' title='bbox 118 2144 210 2168; x_wconf 71' lang='lat' dir='ltr'>Limus</span> <span class='ocrx_word' id='word_1_736' title='bbox 234 2143 268 2170; x_wconf 92' lang='lat' dir='ltr'>de</span> <span class='ocrx_word' id='word_1_737' title='bbox 286 2143 429 2171; x_wconf 76' lang='lat' dir='ltr'>decemviris</span> <span class='ocrx_word' id='word_1_738' title='bbox 450 2144 622 2179; x_wconf 70' lang='lat' dir='ltr'>Conffilaribus</span> <span class='ocrx_word' id='word_1_739' title='bbox 634 2157 642 2171; x_wconf 89' lang='lat'>.·</span> <span class='ocrx_word' id='word_1_740' title='bbox 671 2148 752 2173; x_wconf 82' lang='lat' dir='ltr'>Penes</span> <span class='ocrx_word' id='word_1_741' title='bbox 778 2145 933 2181; x_wconf 62' lang='lat' dir='ltr'>praefectum</span> <span class='ocrx_word' id='word_1_742' title='bbox 953 2146 1018 2182; x_wconf 81' lang='lat' dir='ltr'>juris</span> <span class='ocrx_word' id='word_1_743' title='bbox 1037 2144 1182 2172; x_wconf 89' lang='lat' dir='ltr'>duodecim</span> <span class='ocrx_word' id='word_1_744' title='bbox 1201 2141 1282 2171; x_wconf 87' lang='lat' dir='ltr'>fasces</span> <span class='ocrx_word' id='word_1_745' title='bbox 1303 2149 1398 2176; x_wconf 84' lang='lat' dir='ltr'>erant,</span> <span class='ocrx_word' id='word_1_746' title='bbox 1426 2142 1533 2181; x_wconf 89' lang='lat' dir='ltr'>collegis</span> <span class='ocrx_word' id='word_1_747' title='bbox 1552 2152 1655 2172; x_wconf 87' lang='lat' dir='ltr'>novem</span> 
     </span>
     <span class='ocr_line' id='line_1_56' title="bbox 80 2179 1657 2220; baseline 0.001 -12"><span class='ocrx_word' id='word_1_748' title='bbox 80 2179 174 2217; x_wconf 79' lang='lat' dir='ltr'>finguli</span> <span class='ocrx_word' id='word_1_749' title='bbox 193 2180 287 2218; x_wconf 74' lang='lat' dir='ltr'>accensi</span> <span class='ocrx_word' id='word_1_750' title='bbox 301 2181 467 2217; x_wconf 74' lang='lat' dir='ltr'>apparebant.</span> <span class='ocrx_word' id='word_1_751' title='bbox 507 2192 540 2210; x_wconf 65' lang='lat' dir='ltr'>nt</span> <span class='ocrx_word' id='word_1_752' title='bbox 554 2183 639 2210; x_wconf 74' lang='lat' dir='ltr'>Cicero</span> <span class='ocrx_word' id='word_1_753' title='bbox 655 2185 682 2211; x_wconf 90' lang='lat' dir='ltr'>in</span> <span class='ocrx_word' id='word_1_754' title='bbox 697 2184 803 2220; x_wconf 77' lang='lat' dir='ltr'>epistola</span> <span class='ocrx_word' id='word_1_755' title='bbox 816 2184 858 2211; x_wconf 78' lang='lat' dir='ltr'>iila.</span> <span class='ocrx_word' id='word_1_756' title='bbox 875 2183 956 2210; x_wconf 87' lang='lat' dir='ltr'>nobili</span> <span class='ocrx_word' id='word_1_757' title='bbox 971 2186 1002 2210; x_wconf 84' lang='lat' dir='ltr'>ad</span> <span class='ocrx_word' id='word_1_758' title='bbox 1019 2183 1130 2211; x_wconf 87' lang='lat' dir='ltr'>fratrem</span> <span class='ocrx_word' id='word_1_759' title='bbox 1145 2192 1150 2208; x_wconf 88' lang='lat'><strong>:</strong></span> <span class='ocrx_word' id='word_1_760' title='bbox 1178 2182 1226 2209; x_wconf 85' lang='lat' dir='ltr'>His</span> <span class='ocrx_word' id='word_1_761' title='bbox 1238 2182 1314 2210; x_wconf 86' lang='lat' dir='ltr'>rebus</span> <span class='ocrx_word' id='word_1_762' title='bbox 1328 2190 1412 2218; x_wconf 87' lang='lat' dir='ltr'>nuper</span> <span class='ocrx_word' id='word_1_763' title='bbox 1426 2183 1458 2209; x_wconf 94' lang='lat' dir='ltr'>C.</span> <span class='ocrx_word' id='word_1_764' title='bbox 1473 2183 1601 2210; x_wconf 54' lang='lat' dir='ltr'>Octavius</span> <span class='ocrx_word' id='word_1_765' title='bbox 1614 2182 1657 2218; x_wconf 87' lang='lat' dir='ltr'>ju-</span> 
     </span>
     <span class='ocr_line' id='line_1_57' title="bbox 79 2219 1656 2259; baseline 0.001 -13"><span class='ocrx_word' id='word_1_766' title='bbox 79 2219 251 2246; x_wconf 82' lang='lat' dir='ltr'>cundiffimus</span> <span class='ocrx_word' id='word_1_767' title='bbox 271 2219 321 2247; x_wconf 70' lang='lat' dir='ltr'>fuit</span> <span class='ocrx_word' id='word_1_768' title='bbox 335 2240 342 2251; x_wconf 94' lang='lat'>,</span> <span class='ocrx_word' id='word_1_769' title='bbox 369 2220 439 2255; x_wconf 80' lang='lat' dir='ltr'>apud</span> <span class='ocrx_word' id='word_1_770' title='bbox 459 2228 540 2255; x_wconf 84' lang='lat' dir='ltr'>quem</span> <span class='ocrx_word' id='word_1_771' title='bbox 554 2221 652 2254; x_wconf 76' lang='lat' dir='ltr'>primus</span> <span class='ocrx_word' id='word_1_772' title='bbox 671 2222 741 2248; x_wconf 67' lang='grc' dir='ltr'>[κων</span> <span class='ocrx_word' id='word_1_773' title='bbox 760 2223 861 2259; x_wconf 78' lang='lat' dir='ltr'>quievit</span> <span class='ocrx_word' id='word_1_774' title='bbox 874 2242 880 2252; x_wconf 90' lang='lat'>,</span> <span class='ocrx_word' id='word_1_775' title='bbox 901 2222 982 2250; x_wconf 83' lang='lat' dir='ltr'>tacuit</span> <span class='ocrx_word' id='word_1_776' title='bbox 1000 2222 1109 2256; x_wconf 72' lang='lat' dir='ltr'>atcenfhs</span> <span class='ocrx_word' id='word_1_777' title='bbox 1121 2241 1129 2252; x_wconf 91' lang='lat'><em>‚</em></span> <span class='ocrx_word' id='word_1_778' title='bbox 1150 2221 1254 2256; x_wconf 80' lang='lat' dir='ltr'>quoties</span> <span class='ocrx_word' id='word_1_779' title='bbox 1274 2219 1382 2257; x_wconf 87' lang='lat' dir='ltr'>quisque</span> <span class='ocrx_word' id='word_1_780' title='bbox 1400 2219 1485 2248; x_wconf 85' lang='lat' dir='ltr'>voluit</span> <span class='ocrx_word' id='word_1_781' title='bbox 1498 2240 1506 2252; x_wconf 88' lang='lat'>,</span> <span class='ocrx_word' id='word_1_782' title='bbox 1526 2221 1607 2251; x_wconf 84' lang='lat' dir='ltr'>dixit,</span> <span class='ocrx_word' id='word_1_783' title='bbox 1629 2222 1656 2247; x_wconf 76' lang='lat'>&amp;-</span> 
     </span>
     <span class='ocr_line' id='line_1_58' title="bbox 81 2256 1655 2295; baseline 0.001 -13"><span class='ocrx_word' id='word_1_784' title='bbox 81 2265 162 2293; x_wconf 85' lang='lat' dir='ltr'>quam</span> <span class='ocrx_word' id='word_1_785' title='bbox 183 2256 267 2285; x_wconf 78' lang='lat' dir='ltr'>voluit</span> <span class='ocrx_word' id='word_1_786' title='bbox 288 2258 340 2285; x_wconf 87' lang='lat' dir='ltr'>diu.</span> <span class='ocrx_word' id='word_1_787' title='bbox 381 2258 445 2293; x_wconf 86' lang='lat' dir='ltr'>Qo</span> <span class='ocrx_word' id='word_1_788' title='bbox 463 2258 489 2284; x_wconf 87' lang='lat' dir='ltr'>in</span> <span class='ocrx_word' id='word_1_789' title='bbox 508 2257 570 2285; x_wconf 90' lang='lat' dir='ltr'>loco</span> <span class='ocrx_word' id='word_1_790' title='bbox 591 2268 654 2286; x_wconf 88' lang='lat' dir='ltr'>cum</span> <span class='ocrx_word' id='word_1_791' title='bbox 673 2260 707 2287; x_wconf 91' lang='lat' dir='ltr'>de</span> <span class='ocrx_word' id='word_1_792' title='bbox 725 2261 818 2294; x_wconf 71' lang='lat' dir='ltr'>accenso</span> <span class='ocrx_word' id='word_1_793' title='bbox 832 2281 838 2291; x_wconf 89' lang='lat'><strong><em>‚</em></strong></span> <span class='ocrx_word' id='word_1_794' title='bbox 865 2259 963 2290; x_wconf 66' lang='lat' dir='ltr'>tacuit,</span> <span class='ocrx_word' id='word_1_795' title='bbox 990 2259 1073 2290; x_wconf 70' lang='lat' dir='ltr'>dixit,</span> <span class='ocrx_word' id='word_1_796' title='bbox 1101 2257 1229 2295; x_wconf 79' lang='lat' dir='ltr'>significat</span> <span class='ocrx_word' id='word_1_797' title='bbox 1242 2279 1249 2290; x_wconf 89' lang='lat'>,</span> <span class='ocrx_word' id='word_1_798' title='bbox 1275 2256 1366 2295; x_wconf 67' lang='lat' dir='ltr'>nccenfi</span> <span class='ocrx_word' id='word_1_799' title='bbox 1380 2256 1486 2293; x_wconf 80' lang='lat' dir='ltr'>officium</span> <span class='ocrx_word' id='word_1_800' title='bbox 1506 2258 1580 2286; x_wconf 71' lang='lat' dir='ltr'>fuiss‘e</span> <span class='ocrx_word' id='word_1_801' title='bbox 1600 2265 1655 2285; x_wconf 83' lang='lat' dir='ltr'>non</span> 
     </span>
     <span class='ocr_line' id='line_1_59' title="bbox 81 2294 1657 2333; baseline 0.001 -12"><span class='ocrx_word' id='word_1_802' title='bbox 81 2294 166 2321; x_wconf 71' lang='lat' dir='ltr'>tolum</span> <span class='ocrx_word' id='word_1_803' title='bbox 183 2302 213 2321; x_wconf 86' lang='lat' dir='ltr'>ut</span> <span class='ocrx_word' id='word_1_804' title='bbox 232 2295 329 2324; x_wconf 84' lang='lat' dir='ltr'>acciret</span> <span class='ocrx_word' id='word_1_805' title='bbox 347 2296 379 2323; x_wconf 80' lang='lat' dir='ltr'>ad</span> <span class='ocrx_word' id='word_1_806' title='bbox 398 2304 541 2330; x_wconf 80' lang='lat' dir='ltr'>praetorem</span> <span class='ocrx_word' id='word_1_807' title='bbox 555 2315 563 2327; x_wconf 94' lang='lat'>,</span> <span class='ocrx_word' id='word_1_808' title='bbox 583 2298 627 2332; x_wconf 91' lang='lat' dir='ltr'>qui</span> <span class='ocrx_word' id='word_1_809' title='bbox 645 2297 687 2332; x_wconf 86' lang='lat' dir='ltr'>jus</span> <span class='ocrx_word' id='word_1_810' title='bbox 708 2298 868 2333; x_wconf 57' lang='lat' dir='ltr'>poscerent:</span> <span class='ocrx_word' id='word_1_811' title='bbox 893 2296 936 2324; x_wconf 81' lang='lat' dir='ltr'>sed</span> <span class='ocrx_word' id='word_1_812' title='bbox 956 2299 1038 2324; x_wconf 78' lang='lat' dir='ltr'>eriam</span> <span class='ocrx_word' id='word_1_813' title='bbox 1051 2317 1058 2328; x_wconf 97' lang='lat'>,</span> <span class='ocrx_word' id='word_1_814' title='bbox 1079 2304 1108 2324; x_wconf 89' lang='lat' dir='ltr'>ut</span> <span class='ocrx_word' id='word_1_815' title='bbox 1128 2294 1245 2324; x_wconf 81' lang='lat' dir='ltr'>molestis</span> <span class='ocrx_word' id='word_1_816' title='bbox 1265 2295 1502 2332; x_wconf 79' lang='lat' dir='ltr'>interpellatoribus</span> <span class='ocrx_word' id='word_1_817' title='bbox 1522 2296 1657 2323; x_wconf 85' lang='lat' dir='ltr'>filentium</span> 
     </span>
     <span class='ocr_line' id='line_1_60' title="bbox 80 2332 1660 2372; baseline 0.003 -14"><span class='ocrx_word' id='word_1_818' title='bbox 80 2332 241 2368; x_wconf 83' lang='lat' dir='ltr'>imponeret.</span> <span class='ocrx_word' id='word_1_819' title='bbox 281 2334 395 2362; x_wconf 85' lang='lat' dir='ltr'>Libertis</span> <span class='ocrx_word' id='word_1_820' title='bbox 407 2340 498 2362; x_wconf 83' lang='lat' dir='ltr'>autern</span> <span class='ocrx_word' id='word_1_821' title='bbox 511 2333 564 2362; x_wconf 90' lang='lat' dir='ltr'>hoc</span> <span class='ocrx_word' id='word_1_822' title='bbox 577 2336 696 2363; x_wconf 89' lang='lat' dir='ltr'>muneris</span> <span class='ocrx_word' id='word_1_823' title='bbox 709 2337 803 2365; x_wconf 75' lang='lat' dir='ltr'>datum</span> <span class='ocrx_word' id='word_1_824' title='bbox 817 2335 867 2363; x_wconf 81' lang='lat' dir='ltr'>effe</span> <span class='ocrx_word' id='word_1_825' title='bbox 880 2354 887 2367; x_wconf 91' lang='lat'>,</span> <span class='ocrx_word' id='word_1_826' title='bbox 914 2335 988 2364; x_wconf 88' lang='lat' dir='ltr'>idem</span> <span class='ocrx_word' id='word_1_827' title='bbox 1002 2335 1046 2362; x_wconf 91' lang='lat' dir='ltr'>ille</span> <span class='ocrx_word' id='word_1_828' title='bbox 1060 2336 1087 2362; x_wconf 90' lang='lat' dir='ltr'>in</span> <span class='ocrx_word' id='word_1_829' title='bbox 1102 2335 1197 2365; x_wconf 73' lang='lat' dir='ltr'>eadem</span> <span class='ocrx_word' id='word_1_830' title='bbox 1209 2334 1324 2363; x_wconf 89' lang='lat' dir='ltr'>ostendit</span> <span class='ocrx_word' id='word_1_831' title='bbox 1337 2345 1342 2362; x_wconf 88' lang='grc'>;</span> <span class='ocrx_word' id='word_1_832' title='bbox 1363 2335 1479 2370; x_wconf 50' lang='lat' dir='ltr'>decen-sits</span> <span class='ocrx_word' id='word_1_833' title='bbox 1491 2334 1535 2367; x_wconf 81' lang='lat' dir='ltr'>fit,</span> <span class='ocrx_word' id='word_1_834' title='bbox 1556 2334 1642 2372; x_wconf 89' lang='lat' dir='ltr'>inquit</span> <span class='ocrx_word' id='word_1_835' title='bbox 1651 2351 1660 2363; x_wconf 81' lang='lat'>‚</span> 
     </span>
    </p>
   </div>
   <div class='ocr_carea' id='block_1_3' title="bbox 975 2376 1667 2410">
    <p class='ocr_par' dir='ltr' id='par_1_13' title="bbox 975 2376 1667 2410">
     <span class='ocr_line' id='line_1_61' title="bbox 975 2376 1667 2410; baseline 0.004 -8"><span class='ocrx_word' id='word_1_836' title='bbox 975 2376 1052 2410; x_wconf 68' lang='lat' dir='ltr'>Yyy</span> <span class='ocrx_word' id='word_1_837' title='bbox 1073 2383 1088 2402; x_wconf 86' lang='lat'>2</span> <span class='ocrx_word' id='word_1_838' title='bbox 1635 2379 1667 2405; x_wconf 64' lang='lat' dir='ltr'>eo,</span> 
     </span>
    </p>
   </div>
  </div>
 </body>
</html>
