2075 2734
406 113 458 146 678
689 105 1709 141 numquirirunnominrinumL1n.1x.

405 164 486 195 Citius
498 158 599 188 nomine
611 158 668 199 quis
681 158 805 187 astionem
819 159 877 188 dari
883 157 933 197 fibi
948 157 1112 195 postulat-erit
1125 180 1133 193 ‚
1153 160 1175 187 εἰ
1189 178 1196 188 ,
1215 168 1264 198 quo
1278 157 1378 187 nomine
1392 157 1448 197 ugit
1461 178 1468 189 ,
1489 156 1517 186 id
1527 165 1614 186 ratum
1626 157 1714 186 habere
1725 157 1800 194 eum}
1817 161 1856 189 ad
1883 170 1941 190 uem
1959 173 1992 193 ει

405 209 443 226 res
452 199 590 233 pertineret
605 197 659 225 boni
673 197 725 225 viri
736 198 863 225 arbitratu
870 196 987 232 fittitdet.
1029 199 1113 224 Cicero
1127 207 1176 234 pro
1190 197 1338 234 Qinffio:
1357 195 1402 234 Iste
1415 195 1524 232 postulat
1537 218 1544 228 ‚
1568 205 1599 224 ut
1609 196 1757 232 judicatum
1768 198 1835 233 solvi
1862 200 1993 235 atifilaret.

406 236 474 264 Illud
489 238 570 264 etiam
586 237 709 272 praecipui
726 238 809 264 moris
823 235 874 263 fuit
890 236 917 263 in
932 234 1012 262 causis
1026 235 1102 263 bonae
1117 236 1192 267 fidei,
1213 238 1239 264 ἃ
1252 236 1409 267 arbitrariis,
1433 243 1461 263 ut
1469 236 1512 272 qui
1520 235 1662 264 arbitrium
1675 236 1828 274 affigerent,
1848 237 1991 276 aliquando

404 276 545 311 pecuniam
561 275 725 310 deponerent
738 294 745 305 ‚
774 283 831 310 quae
849 271 1043 310 compromissum
1063 274 1206 303 dicebatur.
1247 273 1334 301 Cicero
1346 283 1396 310 pro
1411 275 1457 311 Q
1469 273 1577 301 Roscio.
1618 276 1661 302 De
1672 274 1834 312 compromrffi
1852 285 1942 305 autem
1956 278 1992 306 fic

406 313 505 340 Paulus
520 313 546 340 ff.
560 313 593 339 de
605 319 704 348 recept·
720 313 746 340 &
761 313 805 349 qui
819 312 910 340 arbitr.
930 310 1133 349 compromissirm
1147 313 1179 340 ad
1194 311 1396 340 fimilitudinem
1412 312 1577 348 judiciorum
1593 313 1737 350 redigitur,
1759 316 1785 342 ὃς
1799 314 1920 342 Proculus
1931 335 1940 349 ,
1952 315 1990 354 ffi

399 350 522 385 proficio.
544 350 714 378 Arbitrorum
730 351 785 378 duo
799 350 858 379 sunt
872 359 984 388 genera,
1005 360 1089 378 unum
1104 350 1258 386 hujusmodi
1272 371 1278 382 ,
1299 358 1330 378 ut
1343 349 1397 377 five
1412 359 1516 388 aequum
1531 371 1540 384 ‚
1560 351 1613 378 five
1627 351 1749 388 iniquum
1764 351 1843 384 esset,
1863 353 1888 380 ei
1899 361 1992 389 parere
2026 355 2030 358 “

406 388 540 416 necessum
556 387 635 415 foret.
656 389 727 425 quod
742 396 807 417 tunc
817 389 1020 421 observabatur,
1040 398 1102 416 cum
1116 399 1148 417 ex
1161 387 1325 426 compromiffo
1339 388 1372 416 ad
1386 388 1515 417 arbitrum
1530 388 1600 417 iffet:
1621 390 1733 417 alterum
1749 389 1899 426 ejusmodi,
1921 398 1950 420 ut
1957 393 1991 421 ad

404 426 469 454 boni
483 426 531 453 viri
544 426 684 453 arbitrium
698 426 808 456 deberet
821 428 917 465 redigi.

444 464 494 491 His
509 473 574 491 vero
589 463 666 491 rebus
676 466 802 494 omnibus
816 465 939 494 absolutis
952 487 959 496 .
979 466 1056 494 litem
1072 464 1294 494 contestabantur.
1331 464 1473 501 contestari
1485 473 1576 494 autem
1590 464 1664 494 litem
1677 473 1737 495 tum
1751 467 1910 496 dicebantur
1921 489 1930 501 ,
1951 469 1991 498 in-

405 503 463 540 quit
477 500 576 538 Festus,
597 512 662 530 cum
675 503 801 533 ordinato
811 505 928 540 judicio,
948 511 1060 542 utraque
1072 514 1131 542 pars
1145 504 1265 537 dicebat,
1285 502 1357 542 testes
1368 502 1448 542 estote.
1471 506 1559 541 Atque
1572 504 1613 532 his
1627 505 1740 533 demum
1756 505 1834 535 rebus
1847 506 1987 543 perfestis,

406 547 519 576 uterque
534 540 654 577 litigator
668 541 714 569 fibi
729 542 900 572 denuntiabat
915 543 941 570 in
955 543 1133 579 perendinum
1151 543 1234 570 diem.
1256 543 1330 570 Nam
1344 543 1371 570 in
1385 552 1446 569 eum
1462 543 1543 579 judex
1557 543 1633 571 datus
1648 543 1741 572 fuerat.
1762 545 1842 573 Unde
1852 554 1882 573 ea
1890 546 1990 575 denun-

405 579 482 606 tiatio
495 578 719 612 comperendinatio
732 583 759 610 δε
771 580 891 609 condic‘Jto
905 581 983 609 dista.
1024 582 1066 609 Sic
1081 582 1154 608 enim
1171 582 1296 616 Afionius
1309 591 1317 608 .·
1339 579 1573 615 Comperends'natio
1585 581 1622 608 est
1635 581 1667 608 ab
1682 582 1798 619 utrisque
1813 582 1992 620 litigatoribus

405 616 523 644 invicem
537 616 583 644 fibi
597 618 764 646 denuntiatio
777 620 804 646 in
819 620 997 656 perendinum
1012 619 1084 647 diem
1096 630 1103 646 :
1124 629 1241 656 namque
1255 629 1319 647 cum
1335 621 1361 647 in
1380 629 1437 647 rem
1453 619 1569 657 aliquam
1582 626 1694 656 agerent
1707 620 1869 658 litigatore5‚
1891 624 1918 650 &
1931 632 1991 659 poe-

406 664 439 683 na
451 654 477 682 se
491 654 648 683 sacramenti
662 664 783 693 peterent
795 679 802 689 ‚
823 657 966 694 poscebant
978 658 1096 695 judicem
1108 679 1116 689 ,
1139 659 1183 696 qui
1198 657 1308 686 dabatur
1324 659 1382 694 post
1396 659 1506 686 tertium
1520 658 1594 685 diem
1609 679 1616 690 ‚
1636 667 1691 694 quo
1704 658 1767 686 dato
1781 678 1789 690 ,
1809 659 1906 688 deinde
1920 662 1992 689 inter

404 692 431 720 se
446 693 473 720 in
486 695 662 729 perendinum
679 695 769 726 diem,
789 703 819 724 ut
831 697 863 724 ad
877 696 1009 732 judicium
1024 697 1371 728 venirent,denuntiabant.
1391 697 1425 725 Et
1434 695 1533 734 Festus.-
1554 695 1684 723 condiano
1697 697 1733 723 est
1748 697 1776 724 in
1792 697 1864 725 diem
1878 700 1991 727 tertium

408 731 464 767 ejus
479 732 517 759 rei
534 741 592 769 quae
605 733 691 770 agitur
703 754 710 765 ,
730 734 898 761 denuntiatio.
939 735 1019 771 Qod
1036 735 1053 762 fi
1069 745 1131 763 cum
1147 735 1289 772 peregrino
1302 745 1342 762 res
1355 735 1417 762 effet
1427 756 1434 767 ,
1456 734 1499 762 ille
1511 733 1563 761 dies
1576 733 1664 772 status
1675 734 1829 767 dicebatur,
1849 736 1915 763 teste
1929 742 1990 764 Ma-

403 768 466 796 crob.
477 769 522 797 lib.
538 780 558 797 1.
574 771 699 799 Saturnal.
713 781 770 808 cap.
782 776 822 800 16.
841 771 911 800 Stati
923 773 990 804 dies,
1011 772 1058 811 qui
1073 772 1162 805 judicii
1179 774 1251 807 ιαμβι
1270 783 1326 800 cum
1342 772 1470 809 peregrino
1489 771 1657 809 instituuntur
1672 783 1680 798 :
1700 775 1727 801 δε
1740 772 1831 800 Plauto
1845 773 1872 800 in
1888 774 1990 802 Curcu-

405 807 495 836 lione:
513 812 605 835 Status
618 809 746 837 condictus
757 820 813 837 cum
828 809 890 848 hoste
903 810 964 838 dies.
994 810 1077 844 Hostis
1090 821 1162 839 nunc
1177 821 1252 839 more
1267 812 1350 839 veteri
1364 811 1491 848 significat
1498 810 1668 848 peregrinum.
1693 811 1771 846 Apud
1788 810 1896 838 Probum
1909 813 1992 841 etiam

406 845 454 873 illae
471 853 542 874 nota:
557 857 708 874 1.n.¹r.s.r›.
724 849 751 875 in
766 849 913 877 aetionibus
928 857 1113 885 exponuntur,
1134 851 1160 876 in
1174 847 1373 877 diem‘tertium
1389 870 1397 881 ‚
1418 849 1470 876 five
1484 850 1670 884 perendinum.
1710 850 1754 876 Est
1769 856 1859 877 autem
1875 850 1938 878 illud
1954 852 1994 878 in-

405 883 581 921 telligendum
597 904 603 915 ‚
624 885 773 914 universam
787 887 878 922 judicii
894 888 989 923 privati
1004 887 1121 914 formam
1137 888 1190 915 live
1202 887 1303 924 legibus
1319 908 1325 919 ‚
1354 887 1407 914 five
1422 886 1543 915 moribus
1563 887 1637 914 fuiss‘e
1651 895 1807 915 contentam
1822 908 1829 919 ,
1856 888 1993 926 quousque

407 920 541 959 Augustus
556 925 707 958 Imperator,
729 934 790 951 cum
806 935 859 952 rezr
868 925 1000 961 publicam
1017 926 1188 953 constitueret
1202 946 1208 957 ‚
1228 929 1306 962 tegrin
1318 925 1417 957 Juliam
1433 926 1508 956 tulit,
1529 934 1580 962 qua
1594 925 1745 961 diligentius
1758 925 1814 953 haec
1827 927 1920 954 omnia
1933 927 1990 955 san-

407 961 461 990 xit,
483 960 557 996 cujus
571 960 636 997 legis
650 962 777 990 meminit
792 963 876 1000 Agell.
891 963 935 990 hb.
948 971 988 995 ¹4·
1010 963 1146 997 Ulpianus.
1168 965 1234 991 item
1248 961 1409 1000 Callistratus
1418 962 1453 1001 ff.
1467 964 1498 990 de
1510 962 1618 997 receptes.

448 998 501 1026 Ubi
519 1008 584 1025 vero
600 999 656 1026 dies
669 1007 763 1029 tertius
777 1001 896 1032 accersit,
918 1009 975 1028 tum
991 1002 1121 1037 judicium
1143 1001 1243 1029 sudium
1257 1001 1293 1028 est
1306 1021 1312 1029 ,
1336 1001 1383 1028 nisi
1398 1010 1442 1028 aut
1454 1001 1536 1037 judex
1550 1021 1557 1032 ‚
1577 1009 1621 1029 aut
1635 1000 1700 1028 alter
1713 1000 1880 1038 litigatorum
1895 1002 1990 1030 abfuit.

409 1036 492 1071 Qod
507 1036 526 1063 fi
539 1035 612 1063 causa
626 1037 748 1066 absentiae
763 1038 814 1067 fuit
829 1038 939 1067 morbus
959 1039 1020 1073 (lex
1040 1048 1070 1067 Χ]
1082 1048 1103 1065 1.
1119 1040 1266 1067 tabularum
1276 1060 1284 1070 ‚
1306 1038 1414 1069 Paulus,
1437 1038 1568 1075 Agellius.
1589 1042 1615 1067 ὃ(
1630 1038 1672 1065 alii
1685 1038 1902 1074 pluresffimrcum
1915 1040 1992 1068 illum

409 1073 523 1101 morbum
538 1075 681 1110 dixerunt)
703 1077 758 1104 dies
770 1077 864 1113 judicii
878 1077 996 1112 prolatus
1010 1078 1056 1104 est.
1077 1078 1120 1104 Sic
1133 1079 1207 1105 enim
1223 1077 1264 1105 lex
1277 1086 1308 1104 xi
1320 1087 1339 1103 ¹.
1352 1077 1500 1104 tabularum
1516 1086 1521 1102 :
1547 1076 1576 1102 Si
1583 1077 1668 1111 judex
1680 1096 1688 1107 ‚
1707 1078 1804 1104 alterve
1815 1089 1846 1105 ex
1856 1077 1994 1115 litigatori-

407 1110 455 1138 bus
467 1111 549 1139 morbo
555 1112 648 1147 sontico
661 1112 826 1148 impediatur,
839 1114 932 1150 judicitv
944 1115 1000 1142 dies
1011 1114 1106 1151 dfflus
1116 1114 1175 1149 esto,
1196 1124 1246 1153 qua
1261 1116 1294 1142 de
1307 1114 1378 1142 alibi.
1420 1115 1559 1151 Postquam
1579 1123 1670 1143 autem
1683 1113 1764 1150 judex
1778 1118 1867 1147 venit,
1889 1124 1992 1144 extem-

410 1151 456 1186 plo
473 1150 504 1178 ad
518 1151 662 1186 jurandum
677 1153 796 1184 acceffit,
817 1152 843 1180 se
855 1163 887 1181 ex
902 1153 961 1191 lege
973 1154 1164 1190 judicaturum.
1206 1153 1314 1181 Arbiter
1327 1153 1400 1180 enim
1416 1162 1470 1180 non
1487 1153 1594 1188 juravit.
1633 1152 1759 1180 Formula
1771 1153 1942 1190 jurisjurandi
1953 1154 1994 1183 so-

409 1188 493 1215 lenni<
509 1188 572 1216 fuit:
593 1193 633 1215 Ex
648 1188 727 1217 animi
733 1190 879 1224 μβἠιεηήα,
899 1195 984 1218 Cicero
998 1192 1024 1219 in
1041 1192 1163 1220 Lucullo,
1185 1193 1210 1220 ἃ
1220 1189 1398 1228 Justiniaxus.
1419 1193 1505 1218 Iocus
1521 1192 1546 1218 in
1555 1191 1669 1218 comitio
1682 1192 1713 1219 ad
1725 1202 1801 1218 aram
1811 1212 1819 1225 ‚
1838 1201 1896 1229 quae
1904 1192 1996 1227 puteal

407 1226 508 1253 ιηάωὲ
523 1226 667 1254 dicebatur.
705 1229 769 1255 Erat
784 1237 873 1257 autem
883 1229 975 1265 puteal
985 1228 1088 1256 Libonis
1102 1239 1144 1257 ara
1159 1230 1186 1257 in
1201 1230 1315 1257 comitio
1330 1249 1337 1258 ,
1356 1230 1382 1256 in
1399 1230 1523 1266 gradibus
1536 1229 1595 1267 ipsis
1609 1250 1617 1263 ‚
1637 1229 1668 1256 ad
1682 1228 1774 1256 laevam
1789 1230 1866 1257 curiae
1879 1230 1925 1258 fita
1938 1251 1945 1262 ‚
1964 1232 1994 1260 in

408 1272 489 1300 quani
510 1265 592 1299 jurari
607 1264 704 1293 solebat
719 1287 726 1297 ,
747 1267 781 1294 iic
795 1268 866 1295 dieta
883 1268 896 1296 a
911 1277 994 1304 puteo
1007 1289 1014 1299 ‚
1045 1269 1072 1295 in
1087 1277 1141 1304 quo
1154 1267 1227 1295 Accii
1239 1266 1321 1294 Narii
1336 1268 1464 1295 novacula
1484 1277 1545 1295 cum
1561 1275 1622 1295 cote
1634 1267 1734 1294 defofla
1747 1268 1840 1295 fuerat.
1878 1269 1993 1297 Solenne
2010 1273 2012 1277 ’

410 1310 500 1329 autem
515 1303 702 1339 jusjurandum
716 1313 786 1337 erat,
806 1306 894 1341 jurare
906 1308 1004 1344 Jovem
1018 1306 1149 1343 lapidem:
1160 1305 1192 1345 fi
1201 1317 1243 1344 ego
1256 1306 1434 1342 tefitenssallo
1449 1327 1456 1338 ‚
1476 1306 1514 1333 im
1529 1317 1568 1332 me
1579 1305 1662 1339 ejurat
1675 1308 1798 1341 Diespiter
1810 1306 1877 1332 bomo
1889 1328 1898 1338 ‚
1911 1308 1992 1343 salva

410 1340 489 1369 Urbe,
511 1340 552 1373 Θ
566 1351 634 1372 arce,
655 1350 685 1369 ut
699 1352 740 1380 ego
752 1343 815 1370 hunc
828 1343 945 1379 lapidem.
985 1345 1086 1382 Jurass'c
1102 1353 1193 1372 autem
1207 1354 1279 1372 aram
1295 1352 1431 1376 tenentes,
1451 1346 1566 1372 ossendit
1580 1343 1663 1370 Cicero
1675 1353 1725 1379 pro
1738 1345 1831 1372 Flacco
1843 1343 1884 1372 his
1892 1345 1992 1374 verbis:

410 1378 484 1416 Ergo
496 1380 531 1410 is,
552 1380 608 1411 cui,
631 1380 649 1408 fi
663 1390 736 1409 aram
752 1389 844 1410 tenens
856 1383 968 1419 juraret,
990 1384 1111 1411 crederet
1124 1393 1219 1414 nemo,
1241 1392 1289 1419 per
1303 1382 1439 1418 epistolam
1454 1384 1526 1420 quod
1539 1381 1623 1413 volet,
1639 1382 1767 1418 injuratus
1780 1382 1920 1419 probabit?
1940 1384 1992 1412 Sed

407 1425 518 1454 pergam
535 1419 566 1445 ad
582 1417 688 1455 reliqua.
731 1420 813 1458 Qod
828 1420 845 1447 fi
859 1421 941 1456 judex
955 1422 1041 1451 venit,
1063 1420 1229 1457 litigatorum
1244 1427 1334 1449 autem
1350 1420 1415 1447 alter
1428 1431 1483 1448 non
1498 1421 1583 1453 venit,
1605 1429 1692 1457 neque
1705 1421 1834 1449 morbum
1848 1421 1992 1454 excusavit,

405 1463 464 1482 tum
479 1463 577 1490 praetor
589 1456 784 1491 peremptorium
803 1458 915 1485 edfflum
936 1459 963 1486 in
985 1468 1046 1486 tum
1063 1459 1154 1486 edidit.
1195 1460 1236 1486 De
1249 1468 1304 1495 quo
1316 1458 1350 1485 fic
1365 1458 1463 1492 Ulpian.
1483 1458 1514 1497 ff.
1530 1459 1680 1492 dejudrm‘s.
1720 1460 1761 1486 Ad
1775 1461 1991 1495 peremptorium

406 1493 539 1528 judicium
556 1493 608 1521 hoc
623 1496 719 1522 ordine
736 1497 854 1527 venitur,
874 1504 903 1523 ut
916 1497 1006 1532 primo
1023 1498 1081 1532 quis
1093 1504 1166 1532 petat
1186 1497 1244 1533 post
1259 1496 1404 1523 absentiam
1423 1496 1561 1523 adverl'mii
1576 1496 1695 1523 edietum
1709 1497 1830 1532 primum
1845 1516 1852 1527 ,
1873 1506 1939 1525 mox
1952 1498 1990 1525 al-

407 1537 496 1557 terum
510 1548 517 1561 ,
538 1533 564 1559 &
579 1532 701 1559 tertium.
741 1533 845 1568 Qibus
859 1534 999 1569 propositis
1014 1555 1020 1563 ‚
1043 1543 1106 1562 tunc
1116 1533 1311 1568 peremptorium
1329 1535 1458 1569 impetret
1471 1555 1479 1566 ,
1498 1535 1571 1570 quod
1586 1535 1648 1561 inde
1666 1533 1718 1561 hoc
1739 1544 1841 1561 nomen
1862 1533 1987 1571 sumptir,

407 1569 478 1604 quod
489 1568 624 1602 perimeret
637 1570 853 1603 diffamationem,
862 1571 914 1598 hoc
928 1572 977 1602 est,
998 1572 1066 1599 ultra
1079 1582 1133 1599 non
1145 1579 1280 1608 pateretur
1292 1571 1469 1599 adversarium
1485 1571 1659 1609 tergiverlari.
1679 1573 1710 1599 In
1718 1581 1883 1606 peremptorio
1896 1582 1987 1601 autem

406 1607 592 1635 comminatur
606 1607 642 1639 is,
662 1609 707 1644 qui
720 1609 838 1636 edietum
855 1610 943 1641 dedit,
964 1611 1046 1637 etiam
1060 1609 1166 1637 absente
1178 1609 1278 1637 diversa
1290 1617 1364 1645 parte
1376 1611 1547 1648 cogniturum
1559 1610 1599 1641 se,
1609 1612 1888 1646 &pronuntiatururm
1910 1613 1989 1639 Non-

405 1653 543 1681 nunquam
563 1644 616 1672 hoc
633 1646 751 1674 ediftum
773 1648 831 1684 post
849 1655 891 1676 tot
911 1657 1026 1676 numero
1045 1648 1145 1678 edi&a,
1167 1657 1224 1684 quae
1236 1648 1427 1684 praecesserint‚
1447 1648 1542 1679 datur3
1563 1657 1757 1685 nonnunquam
1771 1649 1829 1684 post
1847 1657 1931 1677 unum
1947 1649 1989 1677 vel

405 1682 519 1711 alterum
529 1703 536 1714 ‚
556 1692 749 1722 nonnunquam
764 1686 850 1713 statim
860 1707 866 1719 ,
888 1686 959 1723 quod
974 1686 1119 1724 appellatur
1132 1695 1215 1714 unum
1231 1694 1281 1722 pro
1294 1685 1429 1713 omnibus.
1471 1689 1536 1714 Haec
1549 1695 1639 1714 autem
1653 1687 1781 1714 aestimare
1792 1695 1901 1723 oportet
1914 1697 1988 1720 eum,

406 1723 453 1758 qui
465 1721 508 1757 jus
520 1721 598 1753 dicit,
619 1724 644 1750 ὃς
658 1731 709 1758 pro
723 1724 878 1752 conditione
890 1725 983 1756 causae,
1005 1724 1046 1752 vel
1060 1723 1192 1761 personae,
1213 1723 1255 1752 vel
1268 1724 1417 1760 temporis:
1437 1723 1606 1759 itaordinem
1619 1725 1787 1757 edietorum,
1807 1724 1850 1753 vel
1857 1735 1988 1763 compen-

405 1760 480 1788 dium
496 1759 640 1790 moderari.
663 1761 797 1788 Hastenus
811 1762 939 1797 Ulpianus.
1508 1760 1511 1766 ’

445 1797 500 1825 Ubi
514 1807 579 1825 vero
593 1806 704 1836 uterque
716 1799 835 1836 litigator
847 1801 970 1832 advenit,
991 1800 1071 1834 judex
1084 1808 1230 1837 utrumque
1242 1801 1329 1837 jurare
1340 1800 1420 1837 jussit.
1464 1801 1493 1827 Id
1509 1800 1695 1836 jusjurandum
1711 1800 1837 1827 calumnie
1847 1801 1985 1834 juramen-

404 1844 462 1864 tum
474 1835 648 1872 appellarunt.
688 1838 761 1864 Nam
777 1838 852 1866 aCtor
864 1839 973 1876 quidem
986 1838 1100 1874 juravit,
1120 1837 1147 1865 se
1159 1848 1214 1866 non
1226 1839 1351 1866 calumnia
1368 1837 1442 1867 causa
1455 1839 1577 1866 inficiari.
1596 1840 1710 1866 Ciceroni
1724 1848 1773 1875 pro
1788 1839 1931 1871 Milone‚&
1946 1842 1993 1878 Q

407 1875 506 1902 Roscio
519 1874 608 1910 jurare
620 1874 648 1902 in
660 1874 732 1903 litem
746 1876 852 1905 dicitur.
879 1878 909 1904 ld
920 1885 1008 1905 autem
1023 1876 1407 1913 interpretanturjuriftansnlti
1420 1897 1428 1907 ,
1450 1877 1570 1904 actorem
1583 1877 1692 1914 jurasse,
1712 1881 1738 1904 1e
1753 1877 1828 1904 litem
1847 1888 1879 1905 ex
1893 1887 1983 1915 aequo,

408 1915 435 1941 ὃ(
449 1913 523 1941 bono
537 1913 737 1941 aestimaturum.
777 1917 866 1952 Atque
879 1925 945 1943 unus
958 1916 1067 1953 quidem
1084 1915 1163 1951 judex
1178 1914 1196 1941 fi
1211 1915 1260 1942 fuit
1275 1935 1282 1947 ,
1302 1917 1323 1943 is
1336 1924 1421 1943 unum
1436 1935 1442 1945 ‚
1464 1923 1509 1942 aut
1522 1916 1588 1943 duos
1605 1915 1697 1951 judicii
1713 1915 1798 1942 socios
1816 1915 1985 1952 jurisperitos

406 1951 453 1979 fibi
471 1951 608 1988 adjunxit,
628 1952 672 1989 qui
687 1953 797 1989 quidem
814 1963 868 1981 non
886 1953 931 1990 ipfi
945 1954 1097 1990 judicarunt
1111 1971 1117 1983 ‚
1137 1953 1179 1980 sed
1200 1953 1338 1981 confilium
1354 1955 1597 1983 communicarunt.
1633 1954 1720 1992 Judex
1734 1962 1824 1983 autem
1837 1953 1904 1991 saepe
1918 1955 1986 1983 stms

405 1989 548 2025 judicavit,
570 1988 613 2018 sed
630 1997 659 2018 ut
674 1991 814 2019 verisimile
829 1993 947 2024 videtur,
969 1992 1003 2019 de
1017 2001 1045 2019 re
1057 2000 1145 2028 parva.
1176 1990 1259 2018 Cicer.
1274 1992 1300 2019 in
1316 1993 1406 2020 Bruto.
1446 1993 1689 2029 Qemadmodum
1703 1999 1793 2020 autern
1807 1991 1871 2021 tales
1882 1994 1986 2029 judices

406 2027 596 2064 cognoscerent
610 2049 618 2060 ,
639 2031 728 2064 paucis
743 2031 853 2066 exponit
874 2029 957 2057 Titius
978 2031 1005 2057 in
1019 2030 1142 2057 oratione
1159 2030 1228 2066 apud
1242 2030 1397 2058 Macrobium
1410 2030 1455 2058 lib.
1470 2041 1494 2068 3.
1508 2031 1678 2059 Saturnalior.
1692 2039 1749 2067 cap.
1765 2034 1808 2059 16.
1825 2031 1937 2068 loquen‘s
1950 2032 1985 2060 de

407 2065 538 2101 judicibus
555 2065 592 2093 sui
603 2069 749 2103 temporis:
770 2068 894 2101 Veniunt,
915 2067 1051 2105 inquit,in
1063 2067 1196 2095 comitium
1208 2066 1301 2105 tristes,
1316 2068 1407 2102 jubent
1421 2068 1515 2101 dicere,
1534 2079 1643 2108 quorum
1656 2069 1782 2107 negotium
1796 2068 1845 2105 est,
1865 2078 1982 2098 narrant.

408 2101 503 2139 Judex
517 2102 586 2139 testes
594 2104 675 2138 poJc‘t't.
694 2107 743 2140 Ipse
756 2115 777 2133 tt
789 2115 914 2134 minctum
922 2128 930 2139 ,
950 2106 991 2134 ubi
1004 2106 1070 2133 redit
1078 2126 1085 2137 ,
1104 2107 1176 2140 mese
1187 2105 1270 2133 omnia
1283 2105 1417 2143 audirffi,
1439 2105 1538 2133 tabulas
1545 2109 1632 2142 poscit,
1652 2108 1739 2135 literas
1751 2108 1856 2142 inspicit,
1877 2106 1925 2135 vix
1935 2117 1984 2142 prae

407 2139 573 2174 vinofitstmet
582 2141 721 2175 palpebras,
736 2146 797 2177 [ey-c,

448 2179 520 2205 Cum
535 2186 622 2204 :uitem
636 2180 798 2216 litigatores,
818 2183 871 2211 five
883 2185 989 2220 patroni
1003 2192 1097 2211 eorum
1112 2183 1172 2218 juffi
1183 2182 1264 2210 effent
1278 2182 1379 2214 dicere,
1400 2189 1459 2211 tum
1476 2192 1540 2211 vero
1550 2183 1652 2212 duobus
1667 2184 1756 2211 modis
1768 2184 1906 2213 dixerunt:
1928 2194 1983 2214 uno

402 2216 506 2252 paucio,
526 2215 608 2243 altero
616 2216 726 2249 pluribus
741 2222 834 2249 verbis.
874 2223 989 2250 Brevem
1008 2221 1201 2258 expositionem
1216 2220 1379 2258 appellarunt
1396 2226 1470 2254 causa
1482 2224 1670 2257 conjectione-m,
1691 2224 1724 2250 de
1739 2232 1789 2259 qua
1804 2222 1840 2250 fic
1851 2223 1984 2257 Astom'us:

408 2257 480 2284 Cum
501 2253 646 2290 litigatores
665 2256 696 2282 ad
717 2258 835 2292 judicem
855 2260 998 2294 venissent,
1017 2267 1161 2297 antequam
1182 2259 1257 2287 caula
1275 2260 1308 2287 ad
1327 2259 1447 2295 judicem
1468 2268 1604 2297 ageretur,
1626 2260 1698 2298 quafi
1717 2270 1764 2297 per
1784 2262 1900 2288 indicem
1920 2270 1980 2288 rem

406 2291 592 2330 exposuerunt.
634 2293 720 2329 Atque
740 2297 765 2324 id
786 2297 871 2332 ipsum
891 2298 995 2326 dietum
1015 2298 1052 2325 est
1070 2298 1142 2333 cause
1159 2298 1285 2332 conjectio,
1305 2297 1374 2335 quafi
1394 2296 1474 2326 causae
1494 2299 1544 2326 stiae
1562 2299 1589 2327 in
1607 2299 1689 2327 breve
1707 2299 1820 2327 coaffio.
1860 2299 1978 2335 Longio-

405 2334 442 2360 ris
457 2329 766 2372 expofitionisexemplo
786 2335 835 2363 lint
849 2335 928 2363 causae
942 2336 955 2363 ὲ
968 2335 1084 2363 Cicerone
1097 2335 1209 2368 defensae
1224 2340 1254 2364 P.
1266 2335 1383 2375 Qinctii
1397 2338 1424 2364 ὃ(
1439 2339 1492 2373 Q.
1507 2337 1594 2371 Rostri.
1634 2337 1716 2365 Causa
1729 2346 1793 2364 vero
1806 2337 1862 2365 aeta
1875 2338 1911 2364 ita
1925 2336 1979 2369 est,

404 2378 433 2400 ut
447 2368 553 2399 testibus
570 2367 651 2397 literis
665 2370 691 2398 δε
706 2374 867 2409 argumentis
880 2383 912 2401 ex
926 2374 979 2410 ipsa
992 2383 1035 2406 re,
1056 2383 1108 2412 qua
1120 2374 1154 2402 de
1167 2374 1291 2412 agebatur
1305 2374 1486 2411 depromptis,
1505 2376 1631 2413 utrinque
1646 2383 1776 2404 certatum
1789 2374 1830 2402 fit.
1862 2374 1927 2410 Ejus
1941 2377 1981 2403 rei

1915 2421 1981 2440 con-
