2075 2734
415 140 492 171 694.
713 127 1529 162 Arx-riQuirnrumRoiuAn-Anumt
1570 126 1725 154 Lrn..IX.

418 187 491 212 hain
506 183 601 218 injussu
615 190 679 210 vero
692 179 755 208 cnm
770 180 851 209 dixit,
872 179 977 217 populi,
999 187 1053 206 non
1066 177 1149 214 plebis
1161 176 1304 205 intellexit:
1326 177 1425 205 etenim
1442 175 1526 204 Cicero
1541 184 1599 206 tum
1616 175 1711 214 agebat
1724 176 1756 205 ad
1766 177 1898 215 'populum
1915 184 2003 223 effru-

415 220 503 249 riatim
519 229 696 249 convocatum
714 229 738 246 in
750 218 854 255 judicio
869 217 1055 253 perduellionis
1069 236 1075 247 ‚
1095 215 1197 243 mbnm
1212 223 1302 244 autem
1314 215 1423 243 comitiis
1445 215 1491 243 soli
1507 217 1624 244 minores
1640 214 1805 251 magistratus
1823 224 1949 252 egerunt,
1971 224 2004 248 ut

418 259 515 288 tribuni
531 259 621 295 plebis,
637 258 723 285 aediles
739 255 855 284 curules.
873 258 898 284 ὅ(
912 255 1000 284 aediles
1012 254 1101 292 pit-bis.
1130 258 1171 281 De
1184 253 1292 280 tribuna
1307 263 1403 281 omnes
1417 254 1570 291 loquuntur.
1600 257 1637 281 De
1651 251 1758 280 edihbus
1776 254 1906 282 curulibus
1919 256 2003 288 docet

417 297 528 326 Valerius
541 306 597 332 cap.
613 297 645 323 dc
665 295 806 326 rudicitia,
826 300 887 322 cum
900 295 999 331 inquit,
1024 296 1061 322 M.
1071 292 1226 321 Marcellum
1236 313 1242 322 ,
1264 292 1367 319 aedilem
1383 293 1500 320 curulem
1516 294 1548 318 C.
1562 292 1699 319 Scantinio
1710 290 1816 319 tribuno
1830 292 1912 328 plebis
1924 294 2000 322 diem

418 337 450 363 ad
464 337 592 371 populum
608 334 698 362 dixisse·
717 355 725 365 ,
751 333 824 370 quod
841 333 923 360 filium
936 332 1015 360 fitum
1031 333 1064 359 de
1078 332 1167 366 slupro
1180 329 1330 365 appellaliet
1341 351 1348 361 ‚
1377 333 1403 359 ὅ(
1418 331 1445 358 Ρ.
1460 330 1586 357 clodium
1603 329 1706 357 aedilem
1721 330 1839 358 curulem
1855 331 1952 360 Miloni
1965 333 2002 361 de

418 376 443 401 vi
458 374 488 400 ad
502 373 628 409 nnpuium
647 373 719 399 diem
735 371 840 404 dixitse,
862 370 946 398 Cicero
954 370 1031 399 *testis
1045 370 1089 397 est.
1108 370 1150 395 De
1163 368 1280 395 aedilibus
1294 367 1377 403 plebis
1390 389 1398 400 ,
1421 367 1510 395 Livius
1526 368 1596 395 libro
1611 378 1635 394 2.
1650 368 1695 404 qui
1709 368 1840 400 Veturio,
1860 369 2000 406 postquam

418 402 562 439 Constilatu
577 412 654 438 abiit.
676 412 707 437 ab
723 412 754 437 Cv
770 410 865 438 Alieno
880 409 946 436 aedili
962 409 1059 445 plebis,
1082 408 1154 434 diem
1169 407 1286 437 dietam,
1306 415 1337 432 eu
1352 415 1422 443 nque
1436 417 1461 434 x.
1475 406 1593 434 millibus
1605 408 1661 433 aeris
1675 407 1832 434 damnatum
1846 406 1947 438 scribit,
1971 410 1999 437 &c

420 449 545 485 Agellum,
566 451 610 485 qui
626 448 743 475 Claudiae
756 449 768 475 a
785 450 816 475 C.
833 448 983 485 FundaniO,
1005 449 1078 475 &-T.
1094 445 1255 481 Sempronio
1269 444 1386 472 aenlibus
1400 444 1483 480 plebis
1498 444 1627 472 multitam
1641 445 1697 472 :eris
1710 445 1797 482 gravis
1810 455 1870 473 xxm
1883 444 1999 475 millium

420 488 535 517 dietam,
557 497 589 514 ex
605 487 738 522 Capitone
752 485 842 513 refert.
886 501 888 503 ·
990 491 995 497 ·
1469 503 1472 505 -

457 525 574 552 Comitis&
588 534 677 552 autern
691 523 839 551 centuriatis
852 531 965 560 egerunt
979 521 1118 552 Consules,
1141 528 1279 556 praetoreS.
1300 522 1325 548 &
1339 521 1489 558 quaestores-
1530 522 1573 549 De
1587 520 1733 555 Conffilibus
1747 524 1772 550 ὃ(
1782 520 1925 556 praetoribus
1937 529 2002 552 nota

419 573 459 592 res
473 565 517 591 est.
539 565 578 591 De
588 562 740 602 qteaestorrbus
752 563 847 591 author
860 563 895 589 est
910 561 1000 588 Limus
1017 561 1060 588 lib.
1070 570 1094 587 2.
1110 568 1176 595 quos
1190 559 1264 586 diem
1278 555 1369 586 dixin‘e
1382 560 1425 595 Sp.
1441 559 1528 586 Cassio
1541 558 1577 585 ob
1591 559 1739 588 affectatam
1754 561 1924 596 tyrannidem
1938 560 2002 589 scri.-

420 602 466 630 bit⁴
488 602 644 637 Quinetiam
661 602 732 628 idern
750 601 818 627 libro
832 603 856 627 6.
871 599 966 627 author
980 600 1030 630 est,
1053 596 1248 630 trtbunosplebis
1262 596 1389 624 acculass'e
1405 599 1439 625 T.
1454 596 1586 624 Manliu'm
1600 598 1700 633 populo
1713 597 1879 625 centurmtim
1892 600 1919 627 in
1927 609 2001 627 cam-

418 650 456 677 po
466 641 562 668 citato:
584 650 678 667 verum
693 638 895 676 intelligendum
909 638 957 668 est,
978 638 1061 674 petita
1075 636 1088 663 ἐι
1104 635 1260 663 Consulibus
1272 636 1416 672 potestate:
1437 636 1669 673 quemadmodum
1682 636 1756 664 idem
1768 635 1837 664 libro
1853 640 1894 665 26.
1908 645 2001 674 aperte
2023 648 2029 650 ⁷

420 678 555 714 explicuit.

462 718 550 750 Atque
564 717 657 744 ordine
668 717 777 752 quidem
792 715 889 751 privati
903 721 1006 742 tantum
1024 713 1050 739 in
1063 712 1194 747 judicium
1209 711 1315 747 adQffi
1329 711 1396 739 sunt.
1424 713 1517 748 Itaque
1530 716 1562 739 T.
1576 712 1720 744 Menenitts3
1740 716 1782 746 Sp.
1793 712 1927 747 Servilius,
1947 717 2003 748 Ap.
2034 719 2043 749 ss

421 754 560 783 Claudtus.
583 759 613 781 C.
626 753 803 787 Sempronius.
824 754 961 790 postquam
978 750 1120 778 Consulatu
1136 771 1142 781 ‚
1163 757 1206 777 aut
1222 750 1405 777 decemviratu
1424 749 1542 778 abiissent
1558 771 1564 780 ‚
1584 750 1686 785 judicio
1702 750 1715 777 τὶ
1729 750 1841 779 tribunis
1854 750 1938 786 plebis
1952 760 2001 787 op-

420 795 531 828 pugnati
545 792 612 820 sunt.
654 793 734 818 Extra
748 793 974 819 ordinem'autezn
990 790 1070 816 etiarn
1088 788 1253 824 magistratus
1267 789 1360 815 tentati
1376 808 1383 818 ,
1404 795 1432 815 ut
1447 789 1594 815 Scantinius
1606 788 1727 816 tribunus
1742 788 1825 824 plebis
1843 787 1856 815 ὲ
1873 789 2002 816 Marcello

420 831 489 857 aedili
510 830 592 858 curuli
610 831 678 865 apud
700 828 840 855 Valerium:
863 831 889 856 Sc
912 830 941 855 L.
962 827 1070 855 Flacco,
1090 827 1156 854 aedili
1176 825 1266 854 curuli.
1280 826 1410 853 Decianus
1431 825 1549 854 tribunus
1568 826 1650 862 plebis
1669 827 1743 854 diem
1762 827 1829 854 dixit
1847 827 1915 862 apud
1935 826 2004 859 Cice-

419 878 503 894 ronem
523 876 570 904 pro
592 868 703 895 Flacc'o:
733 870 758 895 ὅς
781 866 907 896 Claudio,
929 865 1104 901 Gracchoque
1123 863 1272 892 censoribus
1291 864 1390 891 tribuni
1410 863 1493 899 plebis
1514 865 1582 899 apud
1601 864 1721 897 Livium,
1741 864 1785 891 lib.
1805 873 1851 900 45.
1889 865 1929 893 Ex
1947 874 2002 902 quo

420 906 567 934 declaratur
580 925 587 937 ,
623 905 675 933 hoc
700 905 810 932 arbitrio
829 904 996 941 magistratus
1016 902 1173 939 permiss'um
1189 922 1196 933 ‚
1228 909 1256 929 ut
1275 902 1411 937 privatum
1433 904 1459 929 &z
1479 902 1660 938 magistratum
1683 903 1752 938 apud
1777 902 1908 939 populum
1928 912 2019 931 accu--

421 942 461 970 fir
478 953 516 971 nt.
1992 969 1995 973 ,

460 954 596 1008 ⁶eaeternm
611 982 680 1008 ordo
697 980 792 1017 agendi
806 1000 813 1012 ,
835 979 888 1006 five
903 977 1006 1005 tributis
1019 998 1026 1007 ‚
1052 977 1105 1004 five
1118 976 1267 1004 centuriatis
1285 976 1390 1004 comitiis
1404 977 1504 1015 legibus
1518 986 1562 1006 aut
1577 977 1698 1005 moribus
1713 965 1869 1006 constitutus
1886 979 1929 1006 hic
1944 978 2003 1007 fuit.

421 1018 585 1056 Magtstmtus
600 1020 645 1055 qui
657 1028 732 1046 reum
749 1018 835 1045 facere
850 1037 856 1047 ‚
883 1025 927 1044 aut
942 1014 1060 1043 accusare
1076 1015 1223 1056 voluit.4i11
1239 1015 1320 1042 rostra
1334 1015 1450 1043 ascendit
1465 1037 1469 1043 .
1491 1018 1517 1043 ἃ
1532 1017 1632 1052 populo
1645 1025 1692 1052 pcr
1706 1024 1856 1051 praeconem
1871 1017 2005 1044 advocato

421 1057 494 1084 diem
514 1058 552 1088 ei,
575 1066 657 1093 quem
670 1067 747 1083 reum
763 1056 847 1082 tacere
863 1056 1041 1091 cogitaverat,
1061 1054 1092 1080 ad
1109 1055 1302 1080 accurationem
1315 1054 1473 1081 audiendam
1490 1054 1620 1089 praedixir.
1661 1054 1714 1080 Ubi
1729 1063 1794 1081 vero
1810 1054 1934 1091 praedidta
1948 1056 2005 1083 dies

423 1096 496 1122 venit
537 1096 602 1122 item
620 1094 633 1121 e
648 1095 736 1122 rostris
754 1103 829 1121 reum
848 1101 896 1128 pcr
909 1101 1059 1128 praeconem
1078 1092 1167 1118 citavit
1181 1112 1188 1123 ,
1207 1098 1286 1127 atque
1299 1090 1493 1118 accusationem
1509 1091 1641 1122 instituit,
1662 1100 1775 1127 eamque
1796 1100 1836 1119 ter
1856 1093 2003 1121 intermissa
2036 1103 2038 1105 ’

421 1133 464 1160 die
479 1134 590 1170 peregit.
632 1132 678 1159 Ubi
690 1143 746 1159 vero
760 1141 799 1158 ter
811 1131 938 1165 accufizvtt
955 1151 962 1161 ,
992 1138 1049 1157 tum
1067 1129 1235 1165 rogationem
1254 1138 1301 1164 per
1314 1129 1395 1156 trinas
1415 1129 1545 1156 nundinas
1558 1128 1757 1166 promulgatam
1779 1129 1870 1157 habuit
1883 1151 1890 1162 ‚
1911 1132 1938 1158 in
1952 1135 2004 1168 qua

421 1172 526 1199 crimen
540 1174 566 1200 &c
580 1180 689 1207 poenam
703 1171 824 1198 criminis
838 1168 1057 1204 comprehcndit,
1077 1177 1107 1195 ac
1120 1168 1204 1194 tertiis
1219 1167 1342 1194 nundinis
1355 1174 1475 1204 quartam
1489 1168 1683 1194 accutationem
1699 1167 1802 1199 intulit,
1822 1178 1851 1195 ac
1865 1178 1912 1196 reo
1925 1168 2006 1197 causae
2031 1177 2049 1206 j

422 1209 540 1236 diccndae
552 1209 710 1245 potestatem
726 1208 804 1241 fecit,
825 1216 903 1243 atque
918 1207 980 1234 inde
993 1206 1065 1233 diem
1075 1205 1195 1241 pra-‘dixit
1204 1225 1210 1235 ,
1231 1214 1282 1241 qua
1290 1205 1332 1232 die
1346 1207 1377 1233 ad
1390 1205 1520 1242 populum
1530 1206 1563 1232 de
1574 1214 1654 1241 poena
1668 1206 1824 1233 certandum
1837 1214 1900 1234 erat.
1921 1207 2005 1246 Qod

422 1247 440 1274 fi
456 1256 507 1282 qua
521 1257 560 1274 res
580 1247 655 1274 illurn
670 1247 742 1274 diem
761 1254 806 1274 aut
825 1245 943 1280 auspiciis
959 1266 966 1276 ‚
995 1253 1040 1271 aut
1054 1242 1221 1271 excusatione
1235 1243 1370 1271 iustulislet
1384 1264 1391 1274 ,
1409 1243 1542 1279 judicium
1557 1242 1687 1271 sublatum
1702 1252 1765 1272 erat.
1806 1245 1861 1280 Qui
1877 1243 1951 1272 citati
1970 1245 2004 1273 ad

422 1285 494 1311 diem
511 1295 566 1312 non
581 1284 728 1315 affuissent.
751 1294 837 1321 neque
853 1282 967 1310 excusati
982 1282 1062 1310 ess'ent
1077 1302 1084 1313 ‚
1105 1283 1136 1309 iis
1156 1281 1264 1308 exilium
1284 1281 1434 1316 jubebatur.
1474 1282 1540 1309 Inde
1554 1280 1654 1319 'rogatio
1670 1282 1707 1308 ad
1721 1281 1839 1316 populum
1853 1281 2002 1316 ferebatur,

422 1322 507 1359 dequ:
521 1333 550 1350 ea
564 1320 825 1361 populoficffrqgmm
840 1321 1054 1357 permittebatur.
1095 1319 1227 1357 Dionyfim
1246 1319 1290 1346 lib.
1306 1330 1330 1355 7.
1346 1321 1379 1348 de
1392 1320 1496 1355 judicio
1509 1320 1647 1347 Coriolani
1661 1341 1670 1352 ,
1693 1322 1718 1348 3:
1734 1324 1818 1347 Cicero
1832 1321 1859 1347 in
1874 1322 2006 1349 Oratione

422 1369 472 1396 pro
487 1362 588 1388 Domo,
617 1363 680 1388 Haec
693 1370 757 1388 vero
772 1360 870 1398 fingula
885 1359 1007 1396 quamvis
1020 1360 1048 1386 in
1061 1357 1129 1386 libro
1143 1358 1176 1386 de
1187 1357 1292 1385 comitiis
1307 1358 1417 1386 traChata
1430 1357 1519 1395 aliquo
1534 1359 1620 1386 niodo
1634 1358 1683 1387 fint
1697 1378 1704 1390 ,
1725 1358 1843 1395 pluribus
1857 1366 1950 1388 tamen
1965 1360 2003 1389 vi-

422 1398 519 1427 dentur
532 1399 582 1426 effe
598 1399 760 1444 explicanda.
1303 1410 1305 1412 ·

1043 1470 1050 1477 ⁸
1075 1467 1099 1493 C
1126 1476 1142 1492 A
1170 1475 1193 1492 r.
1243 1466 1369 1494 XXIX.

511 1529 564 1562 De
580 1527 631 1561 die
647 1529 829 1575 accufittioni
844 1527 994 1569 dicenda,
1021 1527 1058 1560 de
1075 1529 1220 1560 citatione
1237 1529 1300 1567 rei,
1328 1528 1448 1575 triplici
1465 1528 1670 1573 accusatione,
1697 1528 1912 1575 anquffitione,

932 1583 977 1610 <7⁸
1003 1575 1117 1609 mulfflae
1139 1586 1266 1622 poenaeve
1289 1578 1483 1622 irrogatione.

491 1657 623 1692 uicunque
637 1656 719 1692 igitur
729 1656 895 1692 magistratus
908 1655 1020 1683 alterum
1036 1664 1111 1681 reum
1128 1655 1159 1680 ad
1176 1653 1305 1689 populum
1321 1654 1406 1682 facere
1420 1655 1565 1691 cogitavit,
1586 1656 1612 1682 in
1626 1656 1720 1686 rostra,
1742 1662 1771 1682 ut
1785 1655 1854 1686 dixi,
1875 1654 2005 1684 ascendit:

509 1704 539 1721 ac
552 1695 683 1721 concione
699 1694 841 1724 advocata,
862 1693 949 1729 palam
965 1693 1070 1719 testatus
1084 1692 1134 1721 est,
1155 1692 1180 1719 se
1197 1700 1281 1722 certa,
1303 1701 1381 1728 quam
1399 1692 1555 1720 nominabat
1568 1713 1577 1724 ‚
1600 1695 1656 1727 die,
1677 1693 1709 1720 de
1722 1700 1811 1723 certo,
1831 1693 1902 1730 quod
1917 1695 2006 1722 nomi-

515 1731 609 1763 nabat,
631 1732 758 1762 crimine,
780 1740 900 1763 certum,
922 1740 1001 1768 quem
1017 1729 1185 1762 nominabat,
1207 1729 1348 1757 hominem
1363 1730 1543 1758 accusaturum
1560 1731 1624 1762 esse,
1646 1741 1676 1759 ac
1689 1732 1802 1768 proinde
1815 1732 1853 1762 ei,
1874 1740 1903 1758 ut
1914 1732 1945 1758 ad
1961 1742 2006 1760 au-

425 1767 549 1798 diendam
566 1770 603 1797 lui
617 1768 809 1797 accuiationern
825 1769 938 1802 adesset,
960 1769 1135 1796 denuntiavit.
1173 1770 1237 1795 Haec
1250 1776 1340 1795 autem
1355 1768 1425 1795 aestio
1439 1789 1445 1799 ,
1467 1767 1520 1795 diei
1533 1767 1609 1796 dic'i‘io
1621 1790 1627 1800 ‚
1652 1772 1678 1797 &
1693 1769 1737 1806 qui
1755 1769 1791 1796 ita
1805 1769 1898 1805 agebat
1910 1789 1918 1800 ‚
1935 1770 2004 1796 dtem

424 1806 517 1839 dxtere,
538 1807 681 1835 dicebatur.
701 1806 788 1833 Livius
803 1806 892 1834 multis
903 1808 975 1835 locis.
1018 1807 1132 1834 Videtur
1146 1814 1236 1833 autem
1249 1805 1300 1832 dmi
1312 1805 1410 1832 dicendt
1417 1805 1530 1841 formula
1542 1806 1597 1833 haec
1611 1806 1697 1834 fuisse:
1718 1809 1772 1839 Ap.
1784 1807 1892 1838 claudx,
1912 1808 1958 1834 huc
1969 1807 2006 1835 ad

426 1853 466 1870 me
481 1846 560 1873 Nonis
574 1843 723 1878 Septembris
735 1844 816 1882 adesto
824 1866 831 1876 ,
851 1853 880 1871 ut
893 1854 918 1871 te
931 1843 1038 1878 accusari
1050 1844 1153 1874 audms,
1173 1843 1242 1881 qnod
1251 1842 1374 1870 vindicias
1387 1852 1471 1870 contra
1482 1842 1624 1870 ltbermtem
1638 1842 1742 1870 dederis.

467 1885 546 1911 Dicta
560 1885 586 1911 in
601 1884 671 1911 hunc
685 1883 798 1910 modum
814 1883 857 1911 die
869 1883 896 1910 in
909 1882 985 1910 rebus
1000 1881 1152 1918 capitalibus
1165 1882 1257 1913 vades,
1278 1882 1305 1908 in
1319 1881 1418 1909 mulcta
1427 1881 1518 1915 prades
1532 1882 1563 1909 ab
1578 1881 1794 1919 reisvposcebant.
1823 1883 1860 1910 Hi
1875 1889 1950 1910 erant
1965 1881 2004 1910 lo-

427 1921 543 1957 cupletes
559 1921 695 1958 sponsores
709 1922 747 1948 rei
762 1922 788 1948 in
801 1921 902 1955 judicio
918 1922 949 1948 ad
965 1921 1038 1948 diem
1051 1920 1150 1947 dietam
1167 1919 1283 1948 sistendi,
1302 1928 1346 1947 aut
1360 1920 1505 1952 mulctam,
1515 1928 1564 1956 qua
1573 1921 1712 1947 damnatus
1725 1920 1788 1948 effet
1796 1919 1924 1948 solvendi.
1946 1921 2001 1958 Qi

429 1959 448 1986 fi
461 1961 515 1988 dati
531 1969 586 1987 non
601 1959 683 1987 essent
694 1980 701 1991 ‚
721 1969 781 1986 reos
795 1959 820 1986 in
834 1968 969 1987 carcerem
984 1958 1163 1993 conjiciebant
1177 1977 1183 1988 ‚
1205 1966 1285 1994 atque
1299 1957 1334 1984 ibi
1348 1968 1394 1985 eos
1408 1957 1491 1994 usque
1504 1958 1536 1985 ad
1556 1960 1627 1986 diem
1647 1958 1739 1994 judicii
1750 1958 1922 1986 asservabant.
1962 1960 2005 1987 De

429 1998 538 2025 vadibus
550 1999 638 2025 Limus
646 1997 690 2026 lib.
700 2007 724 2026 2.
738 1997 772 2025 de
787 1997 888 2034 judicio
901 1999 952 2034 Ap.
964 1996 1078 2026 Claudii.
1097 1997 1141 2030 De
1153 1996 1283 2032 praedibus
1300 1996 1418 2032 Agellncs
1429 1996 1507 2032 lib.7.
1522 2006 1554 2024 ex
1568 2004 1656 2025 vetere
1671 1996 1777 2024 historia
1789 1996 1886 2025 scribit.

1059 2062 1113 2094 De
1136 2062 1281 2094 citatione
1304 2063 1359 2095 rei.
1908 2058 1928 2074 ⁹

469 2122 609 2158 Postquam
623 2130 713 2151 autem
735 2124 789 2151 dies
803 2124 873 2151 dicta
888 2124 961 2152 venit
976 2143 982 2152 .
1003 2121 1139 2151 accusator
1154 2124 1180 2150 in
1196 2123 1275 2149 rostra
1289 2121 1430 2149 ascendens
1444 2142 1451 2153 ‚
1471 2130 1548 2149 reum
1563 2129 1611 2156 per
1625 2131 1777 2158 praeconem
1793 2132 1826 2151 ex
1840 2123 1928 2151 rostris
1941 2124 2005 2152 cita-

430 2158 479 2187 vit.
498 2162 586 2185 [Λύκε
601 2161 633 2187 de
646 2162 747 2196 judicio
763 2163 901 2198 Scipionis.
924 2162 1012 2189 Potuit
1026 2169 1115 2189 autem
1129 2168 1174 2188 aut
1190 2169 1293 2195 major,
1314 2168 1358 2188 aut
1375 2169 1421 2196 par
1437 2160 1603 2197 magistratus
1617 2161 1797 2193 intercedere,
1817 2171 1851 2189 ne
1865 2163 2003 2192 citaretur,

433 2199 459 2224 &
473 2196 491 2223 fi
505 2196 594 2223 abiens
608 2198 657 2225 fuit
670 2219 676 2228 ,
698 2201 785 2233 potuit
797 2200 921 2228 excusari.
962 2200 1043 2237 Qod
1057 2199 1076 2226 fi
1090 2200 1198 2228 citatus,
1219 2207 1305 2234 neque
1321 2197 1456 2225 excniatus
1470 2218 1477 2229 ‚
1499 2207 1554 2225 non
1569 2197 1690 2226 adfuisset
1701 2219 1710 2232 ,
1731 2208 1782 2236 pro
1794 2201 1905 2228 arbitrio
1920 2200 2005 2236 magi-

431 2234 536 2265 stratuS,
557 2236 645 2271 potuit
658 2237 681 2262 ei
696 2246 775 2272 poena
791 2239 910 2275 irrogari.
929 2241 1006 2265 Varro
1020 2237 1088 2273 apud
1103 2236 1252 2274 Agellium‚
1274 2238 1300 2264 ὅ(
1315 2237 1443 2269 Asc‘ontus.
1902 2271 1916 2284 .

1017 2294 1068 2328 De
1092 2295 1208 2341 triplici
1232 2292 1426 2338 accufiztione.

469 2348 524 2376 Ubi
538 2358 601 2376 vero
616 2349 736 2384 primum
752 2351 836 2379 adesse
849 2353 929 2388 jussus
945 2374 951 2383 ‚
975 2354 1071 2382 deinde
1085 2353 1198 2382 secunda
1216 2354 1321 2381 actione
1336 2353 1430 2381 citatus
1444 2353 1521 2383 affuit
1534 2375 1540 2386 ‚
1561 2362 1621 2383 tum
1639 2366 1704 2384 vero
1716 2356 1828 2384 accusari
1840 2356 1876 2384 est
1890 2361 2006 2391 coeptus.

427 2387 512 2415 cicero
523 2395 573 2423 pro
589 2388 695 2420 Domo,
718 2386 762 2415 ubi
777 2390 831 2425 agit
844 2392 876 2418 de
889 2391 992 2426 judicio
1002 2391 1058 2419 fiio.
1095 2392 1230 2426 Accufim‘o
1246 2401 1309 2420 vero
1323 2392 1413 2426 trrptex
1428 2391 1479 2420 fuit
1496 2402 1503 2418 :
1524 2393 1654 2430 fiquidem
1669 2394 1822 2422 intermiffis
1833 2394 1922 2422 diebus
1934 2414 1942 2426 ‚
1963 2397 2022 2422 ter‘'

1966 2432 2004 2460 est
