2075 2734
387 113 443 141 532
678 100 1697 133 AuriQur‘rArumRomnunnumLm-VII.

432 152 472 181 Ad
488 152 604 187 primam
619 151 695 186 hujus
710 151 783 178 vocis
796 150 1015 187 significationem
1030 151 1102 189 quod
1116 153 1212 180 attinet
1228 172 1234 182 ,
1254 152 1357 187 primus
1370 150 1502 188 ejusmodi
1515 152 1644 186 proconfial
1654 151 1703 180 fuit
1718 156 1754 190 Q.
1769 152 1894 181 Publilius
1908 154 1968 183 Phi-

392 192 414 218 lo
427 210 433 218 .
458 197 486 216 ut
508 190 535 216 in
554 189 646 215 tabula
667 187 815 222 Capitolinos
834 197 906 217 extat
921 211 927 221 ,
949 192 975 218 ὃ(
996 190 1023 217 in
1037 189 1109 217 Livio
1124 190 1168 218 lib.
1180 192 1205 219 8.
1219 190 1293 225 cujus
1307 189 1386 217 verba
1399 191 1426 217 in
1441 189 1546 217 historia
1560 189 1627 216 Belli
1643 190 1810 225 Palaepoltmni
1823 191 1877 220 haec
1895 193 1967 221 sunt:

394 230 486 265 ltaque
505 236 566 254 curn
583 229 608 255 ὃ(
627 228 802 255 comitiorum
817 228 871 254 dies
884 228 1008 260 instaret,
1030 230 1056 256 ὅ(
1077 228 1217 255 Publtlzum
1231 228 1422 254 imminentem
1436 227 1551 255 hostium
1567 229 1650 255 muris
1664 230 1768 256 avocari
1782 228 1793 255 a
1809 229 1851 265 spe
1864 234 1968 267 capien-

395 266 434 292 dae
447 266 528 293 indies
544 265 613 291 urbis
626 285 633 295 ‚
652 264 720 293 haud
735 263 749 291 ἐ
763 265 898 301 republica
912 266 975 294 effet
987 287 994 298 ‚
1015 266 1105 294 aetum
1120 275 1182 294 cum
1196 266 1308 293 tribunis
1326 266 1376 296 est,
1399 266 1430 293 ad
1445 266 1574 303 populum
1590 265 1705 294 ferrent,
1727 274 1756 294 ut
1770 269 1971 296 cuthublslms

396 304 468 330 Philo
482 302 624 330 Consulatu
639 302 751 333 abiiliet,
766 304 892 338 proconfiel
902 313 959 331 rem
975 312 1095 342 gereret,
1117 304 1203 341 quoad
1217 303 1376 331 debellatum
1391 313 1452 331 cum
1468 305 1567 332 Graecis
1579 303 1656 335 esset,
1678 306 1728 332 &a
1763 305 1847 332 Unde.
1855 308 1971 338 constat,

392 340 552 376 proconjnles,
574 341 664 375 primo
680 339 753 367 fuisse
767 351 827 373 cos,
847 342 939 379 quibus
950 343 1007 379 post
1020 343 1183 377 Corficlatum
1197 340 1359 379 magistratus
1374 350 1532 379 prorogatus
1545 342 1616 370 effet.

436 379 496 407 Alio
518 382 601 405 modo
608 378 757 412 proconficles
771 379 849 411 dieti,
872 380 917 417 qui
931 389 962 407 ex
976 381 1100 417 privatis,
1119 380 1192 408 nullo
1206 388 1267 407 ante
1279 380 1354 416 gesto
1369 381 1520 416 magistratu
1534 380 1650 411 urbano,
1671 381 1703 408 ad
1716 379 1814 409 bellum
1830 381 1972 411 mitteban-

394 425 452 448 tur,
473 416 554 452 qualis
569 415 618 443 fuit
633 420 662 442 P.
675 417 803 445 Corneltus
816 416 908 452 Scipio,
928 419 961 446 de
975 427 1028 455 quo
1043 417 1133 446 Livius
1145 418 1191 446 lib.
1202 422 1245 446 26.
1273 418 1305 445 Et
1319 416 1367 444 hos
1380 418 1489 454 quidem
1503 428 1564 446 vere
1579 416 1739 456 magistratus
1751 418 1840 450 fuisse,
1861 429 1905 449 aut
1920 422 1973 449 dici

396 454 521 491 potuiil‘e,
542 452 661 491 Sigonius
674 463 761 491 negat.
783 456 842 483 Nec
856 457 935 485 etiam
951 456 1014 484 alius
1026 464 1086 484 ante
1098 457 1169 485 hunc
1181 454 1318 491 Scipionem
1333 456 1359 482 in
1376 456 1500 484 Romana
1513 456 1618 484 historia
1631 458 1776 492 reperitur,
1797 458 1838 484 cui
1852 459 1971 494 privato,

395 492 494 528 quique
513 500 589 519 antea
607 492 709 521 nullum
729 494 756 520 in
777 494 850 521 Urbe
870 495 1053 531 magistratum
1073 495 1185 532 gessiffet
1197 515 1203 526 ‚
1223 493 1407 528 procozfitlatus
1419 493 1472 521 hoc
1486 495 1569 522 modo
1583 494 1663 523 fuerit
1677 494 1811 523 conceffus
1823 515 1831 528 ‚
1859 497 1886 524 id
1901 498 1973 534 quod

395 530 478 558 enam
493 529 596 556 Carolus
610 532 726 567 Stgom'us
740 532 766 558 in
780 533 919 567 posteriori
932 542 994 560 curn
1009 532 1124 560 Gracchio
1137 532 1313 569 disputatione
1327 531 1432 559 fatetur.
1796 544 1804 545 r

439 569 534 596 Tertio
550 568 634 595 modo
646 590 654 600 ,
674 569 824 603 proconficles
836 570 901 598 dieti
916 569 1022 598 fuerunt
1036 591 1042 601 ,
1069 572 1113 607 qui
1126 571 1252 607 proximo
1266 570 1322 605 post
1335 569 1501 604 Consulatum
1516 570 1543 597 in
1558 570 1631 598 Urbe
1642 572 1744 608 gestum
1759 582 1829 600 anno
1844 593 1851 604 ,
1872 573 1898 600 in
1912 582 1974 610 pro·-

399 607 509 634 vincias
519 605 666 640 Confi-clares
679 606 794 643 profeeti
808 607 881 640 sunt,
900 608 993 645 easque
1001 617 1046 642 pro
1060 608 1204 644 Conficltbus
1215 607 1404 646 gubernarunt.
1444 608 1503 635 Fuit
1516 609 1588 635 enim
1604 610 1776 638 constitutum
1790 610 1847 648 lege
1861 615 1891 637 C.
1903 616 1975 638 Sem-

393 643 480 678 promi
499 644 601 671 Gracchi
613 665 621 676 ,
647 652 726 682 atque
744 646 832 682 postea
851 646 931 683 usque
944 648 976 674 ad
992 646 1103 684 Augusti
1116 648 1262 683 imperium
1276 645 1444 673 observatum
1459 666 1466 677 ,
1494 653 1523 674 ut
1537 654 1678 683 antequam
1692 649 1757 676 novi
1770 649 1884 683 consides
1897 656 1977 685 atque

395 690 511 716 pretores
532 682 728 719 designarentur
741 704 748 716 ,
776 685 920 720 provinciae
940 686 997 713 duae
1013 685 1159 720 Conficlares
1174 687 1200 714 Sc
1215 685 1258 711 sex
1272 684 1314 712 vel
1329 684 1393 711 octo
1408 704 1415 715 ,
1442 684 1483 711 vel
1495 684 1581 720 plures
1598 684 1715 718 prataria
1726 707 1734 717 ,
1760 694 1838 722 prout
1851 696 1978 716 numerus

402 728 549 756 praetorum
570 720 716 756 postulabat
728 742 735 753 ,
760 721 774 748 a
787 721 876 751 senatu
889 722 981 751 futuris
995 723 1151 752 Consulibus
1164 744 1171 755 ,
1198 725 1225 751 δί
1238 721 1394 759 praetoribus
1409 722 1614 750 decernerentur
1625 742 1633 754 ,
1660 732 1723 760 quas
1736 724 1772 751 illi
1786 724 1911 761 designati
1924 725 1979 753 sor-

402 759 517 786 tirentur
527 775 535 788 ‚
553 758 595 785 vel
609 759 678 786 inter
691 758 717 786 se
731 767 917 797 compararent
930 781 936 792 ‚
956 762 992 788 ita
1007 769 1036 788 ut
1051 762 1127 789 finito
1141 770 1229 789 annuo
1243 761 1395 797 magistratu
1408 759 1510 788 urbano
1525 762 1552 788 in
1566 770 1608 788 eas
1621 761 1866 796 proficiscerentur:
1886 764 1978 796 Confic-

400 795 437 823 les
455 796 565 833 quidem
585 798 612 823 in
634 796 778 831 Consiclnres
789 819 797 830 ,
823 799 893 826 unde
907 799 1057 833 proconftdes
1073 814 1080 833 3
1102 807 1216 833 praetores
1233 806 1324 827 autem
1344 799 1371 825 in
1384 798 1510 832 pratorias
1525 820 1533 831 ‚
1556 799 1627 827 unde
1641 807 1796 833 propraetores
1815 800 1979 837 appellabam

401 841 460 865 tur,
480 834 520 862 uti
533 843 566 861 ex
579 834 670 863 multis
682 835 842 871 scriptorum
857 845 980 865 veterum
993 837 1057 865 locis
1071 836 1240 865 manifestum
1247 836 1298 864 ‘est.
1337 838 1424 873 Atque
1437 836 1490 864 haec
1504 845 1563 865 tum
1577 837 1709 865 ordimria
1722 838 1918 874 provinciarum
1934 839 1980 867 ad-

405 872 565 899 ministratio
584 871 643 900 fuit.
684 874 765 908 Qod
783 873 801 900 si
815 875 859 910 qui
873 884 928 901 non
941 877 1067 911 proximo
1081 885 1150 903 anno
1165 875 1178 902 a
1190 874 1327 910 Consulatu
1340 875 1367 901 in
1382 874 1454 902 Urbe
1466 876 1540 911 gesto
1550 896 1558 906 ,
1579 876 1811 912 quemadmodum
1823 875 1890 913 saepe
1902 876 1981 905 fiebat

401 911 432 937 in
447 911 557 946 quinte,
578 909 620 937 vel
635 910 722 942 sexte,
743 911 785 939 vel
799 912 850 939 alio
863 913 921 949 post
935 913 1097 947 Confhlatum
1112 923 1182 941 anno
1196 914 1223 940 in
1238 913 1387 949 provincias
1401 912 1631 949 proficiscerentur
1645 923 1650 939 :
1670 913 1688 940 si
1702 914 1784 941 etiam
1795 923 1913 948 pretores
1926 924 1982 942 non

403 946 557 984 proximoa
572 949 642 985 gesta
655 949 682 976 in
697 949 770 976 Urbe
779 957 904 982 pratum,
924 949 967 977 sed
982 950 1117 988 aliquanto
1130 952 1187 988 post
1202 952 1229 978 in
1244 951 1394 987 provincias
1406 950 1650 986 proficiicerentur,
1670 958 1726 978 tum
1743 952 1837 989 privati
1851 952 1983 986 inprom-

404 986 456 1013 cias
479 986 518 1013 ire
536 985 691 1014 dicebantur
704 1007 711 1018 ‚
737 986 769 1014 ab
788 987 927 1014 ordinariis
945 997 1010 1015 vero
1032 987 1209 1023 proconJulibus
1222 1010 1229 1021 ,
1252 995 1297 1016 aut
1316 987 1498 1022 propretoribus
1517 989 1581 1016 nihil
1600 988 1790 1025 discrepabant.
1828 991 1982 1027 Antequam

405 1031 497 1052 aut-em
523 1024 555 1050 ad
575 1032 698 1061 quartum
718 1024 842 1052 ordinem
862 1025 1030 1059 proconficlum
1049 1027 1205 1055 accedamus
1219 1047 1225 1058 ,
1251 1026 1371 1063 quaedam
1397 1025 1430 1053 de
1449 1025 1489 1053 his
1509 1028 1554 1064 qui
1574 1036 1605 1054 ex
1631 1027 1765 1061 Confidam
1788 1028 1815 1055 in
1834 1030 1985 1065 provincias

404 1060 465 1090 sunt
484 1061 598 1098 profecti
610 1083 617 1095 ,
638 1072 731 1090 eorum
752 1064 886 1092 creatione
900 1084 907 1095 ‚
929 1063 969 1091 vel
990 1064 1134 1097 eleffione,
1152 1065 1295 1102 potestate,
1315 1064 1431 1100 imperio
1443 1084 1451 1095 ‚
1472 1066 1498 1093 δε
1520 1064 1574 1092 aliis
1593 1064 1644 1093 huc
1662 1067 1855 1102 pertinentibus
1874 1067 1986 1095 dicenda

406 1100 485 1128 nobis
498 1099 565 1129 sunt.

447 1139 489 1166 Ad
503 1140 667 1167 creationem
682 1142 762 1178 igitur
776 1150 870 1170 eorum
885 1142 956 1179 quod
972 1143 1068 1171 attinet
1083 1164 1090 1175 ,
1117 1153 1172 1171 non
1187 1142 1351 1180 eligebantur
1365 1141 1378 1170 a
1391 1142 1492 1179 populo
1505 1163 1514 1175 ,
1542 1141 1584 1170 vel
1598 1141 1674 1179 plebe
1687 1141 1835 1170 centuriatis
1848 1164 1855 1175 ‚
1881 1152 1926 1173 aut
1937 1147 1986 1171 tri.

406 1174 474 1203 batis
497 1180 602 1205 comitas
611 1199 618 1210 ,
646 1181 684 1207 uti
708 1180 740 1207 de
764 1184 808 1218 Q
828 1180 932 1207 Publilio
960 1181 1061 1207 Phtlone
1074 1202 1080 1212 ‚
1108 1184 1135 1210 ὃς
1160 1185 1191 1207 Ρ.
1211 1180 1317 1215 sapione
1340 1180 1456 1216 legimus
1469 1191 1477 1207 ε
1502 1180 1546 1208 sed
1570 1181 1676 1217 quando
1693 1180 1801 1208 comitiis
1819 1182 1967 1210 centuriatis
1976 1200 1984 1211 ‚

407 1214 536 1243 Consules
555 1216 582 1242 in
600 1225 700 1244 annum
719 1216 874 1254 sequentem
895 1219 927 1246 de
940 1220 1021 1256 ignati
1040 1227 1128 1250 erant,
1149 1227 1208 1247 tum
1225 1219 1292 1246 ulter
1310 1217 1442 1252 Confidam
1462 1220 1508 1254 qui
1525 1219 1705 1255 magistratum
1721 1219 1845 1255 gerebat,
1865 1222 1897 1248 ad
1914 1220 1985 1248 sena-

408 1259 467 1280 tum
482 1253 516 1280 de
528 1254 673 1289 provinciis
687 1254 816 1285 referebat
830 1278 837 1289 ,
862 1266 918 1294 quae
932 1257 1024 1284 futurae
1040 1257 1186 1290 Conficlares
1199 1277 1207 1288 ,
1231 1266 1289 1294 quae
1296 1255 1413 1291 prataria
1426 1255 1516 1285 essent.
1556 1257 1637 1292 Qod
1657 1256 1702 1284 ubi
1718 1258 1891 1286 constitutum
1906 1258 1989 1290 esset,

408 1298 467 1318 tum
489 1291 551 1322 illae,
573 1300 630 1328 quae
651 1292 796 1328 ConJislares
817 1302 905 1326 erant,
926 1294 1069 1329 ConJiclrbus
1088 1295 1226 1332 designatis
1246 1294 1455 1322 decernebantur
1468 1315 1475 1325 ,
1496 1301 1525 1322 ut
1546 1304 1588 1322 eas
1606 1293 1647 1321 vel
1666 1294 1836 1327 sortirentur,
1857 1296 1899 1323 vel
1917 1297 1987 1324 inter

409 1327 436 1355 1e
451 1338 654 1365 compararent,
675 1340 762 1359 utram
780 1332 890 1369 quisque
904 1342 935 1360 ex
951 1333 1088 1366 Consulum
1101 1334 1244 1361 obtineret.
1285 1333 1348 1369 Qo
1368 1332 1454 1364 fafito,
1474 1333 1622 1367 Conscklsttus
1640 1332 1678 1359 sui
1697 1340 1820 1370 tempore
1833 1343 1913 1371 quern
1930 1336 1987 1361 Ro-

408 1375 461 1394 mae
475 1367 597 1404 gerebat,
617 1367 705 1406 legem
721 1371 752 1397 ad
768 1372 897 1407 populum
915 1380 962 1407 per
974 1371 1056 1410 curias
1069 1380 1263 1408 congregatum
1279 1369 1398 1399 ferebant
1411 1371 1445 1398 de
1459 1372 1575 1406 imperio
1589 1370 1714 1402 militari,
1735 1371 1786 1399 fine
1800 1381 1851 1408 qua
1864 1372 1923 1409 lege
1933 1372 1997 1399 bel--

406 1404 465 1432 lum
485 1414 579 1442 gerere
598 1416 653 1434 non
672 1414 817 1443 poterant,
837 1416 895 1436 tum
911 1418 1040 1442 provmclae
1049 1409 1257 1443 ftnatufion(islto
1274 1407 1442 1435 ornabantur.
1482 1408 1650 1436 Pertinebant
1669 1416 1757 1436 autem
1778 1410 1810 1436 ad
1830 1417 1988 1437 ornamenta

408 1443 451 1470 illa
466 1464 473 1475 ‚
493 1444 605 1471 latitudo
625 1445 781 1480 provinciae,
803 1447 962 1484 magnitudo
982 1448 1125 1479 exercitus,
1147 1447 1306 1484 stipendium
1326 1447 1354 1473 in
1374 1446 1472 1474 milites
1486 1466 1492 1477 ,
1513 1447 1638 1473 viaticum
1658 1446 1685 1472 in
1705 1445 1804 1483 legatos
1818 1467 1824 1477 ‚
1845 1450 1871 1475 ἃ
1892 1448 1987 1475 cohor-

410 1489 485 1513 tem,
505 1483 650 1509 comitatus
671 1485 696 1511 &
717 1492 809 1511 caetera
828 1485 933 1522 generis
954 1483 1086 1519 ejusdem:
1107 1494 1164 1521 quae
1184 1485 1309 1521 quidem,
1331 1484 1459 1520 quoniam
1476 1493 1531 1510 non
1551 1483 1676 1510 omnibus
1688 1486 1781 1511 eadem
1796 1485 1986 1521 amplitudine,

412 1527 580 1554 numeroque
599 1521 719 1547 concessa
738 1521 796 1548 sunt
809 1543 815 1552 ,
836 1530 992 1558 propterea,
1013 1531 1075 1549 cum
1095 1532 1126 1550 ea
1145 1522 1303 1550 decernebat
1318 1523 1433 1555 senatus,
1454 1529 1513 1549 tum
1533 1522 1697 1557 Provincias,
1717 1530 1760 1550 aut
1780 1523 1898 1558 praendes
1917 1522 1986 1559 ipsos

410 1556 611 1592 provinciarum
631 1567 726 1584 ornare
743 1558 889 1587 dicebatur.
928 1560 969 1586 Ad
989 1560 1115 1587 viaticum
1135 1560 1283 1596 pertinebat
1300 1558 1408 1585 annulus
1426 1569 1534 1590 aureus,
1555 1560 1614 1594 qui,
1634 1560 1699 1586 teste
1718 1563 1832 1590 Zonara,
1854 1561 1990 1596 magistra-

412 1594 483 1622 tibus
501 1603 612 1631 peregre
630 1595 856 1632 proficiscentibus
876 1598 910 1625 de
928 1596 1035 1633 publico
1055 1598 1164 1626 dabatur
1177 1618 1185 1629 ‚
1204 1599 1271 1626 item
1291 1597 1390 1628 vestes,
1409 1596 1481 1627 vasa,
1502 1595 1631 1627 vehicula,
1654 1597 1741 1628 muli,
1760 1597 1939 1630 tabernacula,
1961 1601 1989 1627 δε

412 1633 513 1669 ,reliqua
534 1632 590 1668 ejus
608 1634 712 1669 generis
726 1655 733 1666 ‚
760 1643 817 1671 quae
835 1636 1009 1663 instrumenta
1028 1634 1113 1664 locata
1127 1636 1200 1664 fuiffe
1211 1656 1219 1668 ,
1246 1635 1345 1663 indicio
1360 1635 1395 1661 est
1411 1638 1441 1661 P.
1456 1633 1585 1661 Ventidius
1597 1654 1605 1666 ‚
1631 1635 1696 1671 qui,
1721 1642 1750 1661 ut
1765 1635 1875 1672 Agellius
1888 1636 1933 1664 lib.
1947 1646 1956 1663 1
1962 1646 1989 1672 ς’.

413 1680 470 1707 cap.
483 1679 510 1706 4.
530 1669 619 1698 scribit
632 1692 639 1703 ‚
665 1672 767 1699 vidtum
788 1673 904 1710 quaefivit
923 1675 1109 1710 comparandis
1128 1673 1207 1701 mulis
1219 1695 1225 1705 ‚
1253 1677 1279 1701 δε
1298 1671 1417 1700 vehicula
1436 1670 1620 1709 magistratibus
1636 1692 1643 1703 ‚
1669 1673 1715 1709 qui
1733 1671 1820 1701 sortiti
1840 1675 1988 1710 provincias

413 1708 507 1738 forent
518 1729 525 1741 ,
551 1709 690 1746 praebenda
701 1710 805 1746 publice
818 1713 953 1740 conduxit.
996 1712 1089 1749 Itaque
1102 1713 1183 1740 ctiam
1198 1711 1272 1739 Alex.
1283 1715 1388 1738 Severus
1402 1731 1408 1741 ‚
1433 1719 1462 1738 ut
1477 1711 1558 1738 tradit
1571 1709 1730 1745 Capitolinus
1741 1731 1748 1743 ,
1774 1712 1899 1748 exemplo
1915 1720 1988 1741 vete-

412 1758 474 1775 rum
491 1768 497 1779 ‚
523 1755 636 1784 argento
650 1750 676 1776 ὅ(
690 1748 835 1776 nccessariis
848 1749 1008 1788 mqgifiratus
1022 1771 1030 1782 ,
1057 1760 1125 1788 quos
1137 1750 1345 1786 in-'provinciam
1361 1748 1483 1776 mittebat
1492 1769 1499 1779 ‚
1519 1749 1661 1776 instruebat
1672 1769 1679 1779 ,
1700 1750 1736 1777 ita
1749 1756 1779 1777 ut
1794 1750 1913 1785 praeiides
1924 1760 1988 1787 pro-

413 1787 562 1814 vinciarum
581 1786 731 1823 acciperent
743 1789 845 1824 argenti
857 1789 949 1825 pondo
963 1790 1054 1816 vicena
1063 1810 1070 1821 ,
1089 1788 1186 1825 phialas
1200 1788 1288 1819 senas,
1308 1786 1396 1814 mulos
1407 1785 1483 1813 binos
1493 1806 1499 1817 ⁵
1519 1795 1600 1822 equos
1614 1786 1702 1828 binsso'a',
1724 1788 1805 1815 vestes
1817 1787 1933 1816 forenses
1947 1788 1985 1815 bi-

412 1834 458 1853 nas
469 1846 475 1857 ‚
497 1825 654 1852 domesticas
668 1825 778 1862 singulas
791 1848 798 1859 ‚
819 1836 912 1855 aureos
925 1835 1051 1855 centenos
1063 1847 1070 1859 ,
1092 1837 1172 1855 cocos
1183 1826 1305 1864 fingulos.
1345 1825 1505 1861 Qanquam
1523 1833 1555 1851 ex
1572 1823 1656 1851 verbis
1671 1826 1751 1861 Appii
1762 1826 1830 1862 apud
1843 1826 1986 1853 Ciceronem

415 1863 461 1891 lib.
475 1874 496 1892 ι,
513 1864 545 1891 ad
560 1862 700 1891 familiares
713 1865 810 1901 conjici
823 1866 901 1901 poss'it
915 1885 923 1897 ,
949 1867 1075 1892 extremis
1088 1864 1238 1901 reipublicae
1254 1863 1419 1900 temporibus
1429 1871 1475 1890 eos
1488 1882 1496 1893 ‚
1522 1862 1567 1903 qui
1580 1862 1658 1899 legem
1672 1863 1799 1890 curiatam
1813 1873 1868 1891 non
1884 1863 1987 1891 habuis-

413 1901 470 1930 sent
485 1923 492 1933 ,
519 1911 578 1930 rem
599 1901 745 1930 militarem
767 1905 876 1940 quidem
889 1903 1021 1941 attingere
1031 1903 1144 1939 potuiss'c
1156 1924 1165 1936 ‚
1192 1903 1289 1932 viatico
1304 1910 1394 1931 autem
1408 1899 1516 1939 publico
1529 1901 1662 1929 fraudatos
1676 1901 1749 1930 fuiffe
1763 1922 1770 1933 ‚
1797 1910 1876 1939 atque
1889 1903 1926 1930 ita
1939 1901 1991 1930 suo.

413 1938 521 1978 sumptu
535 1941 562 1967 in
575 1941 725 1976 provincias
737 1942 818 1970 ivisse.

453 1980 608 2007 Comitatus
625 1979 854 2015 comple&ebatur
869 1980 1007 2015 crepatores,
1027 1979 1156 2018 ministros
1165 1981 1311 2021 comitesque
1324 1990 1420 2009 eorum
1433 1990 1528 2009 omnes
1537 2000 1543 2012 ,
1563 1989 1629 2017 quos
1643 1990 1706 2009 cum
1720 1980 1779 2010 usus
1793 1983 1912 2020 ratioque
1925 1982 1989 2019 pro-⁴

416 2018 507 2044 vinciae
518 2038 525 2048 ‚
551 2024 609 2043 tum
630 2018 743 2054 dignitas
762 2018 816 2055 ipsa
836 2020 1039 2056 magistratuum
1060 2030 1090 2047 ac
1103 2020 1250 2056 reipublicae
1264 2019 1412 2056 postulavit.
1451 2022 1470 2048 F
1473 2027 1567 2048 uerunt
1579 2026 1670 2046 autem
1685 2019 1763 2058 legati
1776 2041 1783 2052 ‚
1808 2019 1906 2048 tribuni
1918 2021 1986 2049 mili-

416 2062 471 2080 tum
485 2075 491 2085 ‚
510 2062 679 2085 centuriones,
698 2056 821 2092 profesti,
840 2057 994 2090 decuriones,
1014 2058 1110 2095 aliique
1129 2059 1287 2087 militarium
1306 2067 1420 2096 operum
1433 2079 1440 2090 ‚
1459 2058 1646 2095 rationumque
1665 2058 1816 2094 adjutores,
1836 2065 1915 2096 atque
1935 2060 1988 2087 mi·

416 2092 496 2119 nistri.
535 2093 660 2120 Praeterea
678 2104 742 2121 vero
754 2094 850 2129 scriba,
868 2094 973 2134 accensi,
987 2106 1117 2130 precones,
1138 2096 1249 2126 lidi‘ores,
1269 2095 1430 2131 interpretes,
1450 2094 1590 2127 tabellarit,
1609 2097 1739 2131 aruspices,
1758 2095 1915 2129 cubicularii,
1934 2108 1987 2126 me-

415 2129 477 2160 dici,
499 2132 524 2157 ὃς
544 2131 588 2165 qui
608 2132 768 2166 quotidianae
789 2135 848 2161 vitae
865 2143 950 2170 prope
968 2134 1032 2162 socii
1050 2135 1171 2166 fuerunt,
1191 2144 1249 2172 quae
1266 2134 1345 2161 cohors
1357 2142 1485 2168 pruma,
1506 2136 1532 2162 &
1553 2134 1622 2170 quasi
1635 2134 1751 2169 pretoria
1771 2135 1841 2162 dieta
1861 2136 1905 2163 est.
1943 2136 1990 2163 In«

414 2175 457 2196 ter
475 2176 540 2203 quos
558 2167 690 2196 referendi
706 2170 888 2199 contubernales
907 2181 1014 2209 quoque
1033 2172 1107 2204 sunt,
1127 2173 1172 2210 qui
1191 2179 1265 2201 erant
1278 2171 1468 2205 adolescentes,
1489 2172 1526 2199 rei
1541 2172 1661 2200 militaris
1674 2173 1863 2211 percipiendae,
1885 2176 1911 2202 &
1923 2182 1988 2209 pro-

414 2206 508 2233 vinciae
525 2204 713 2240 cognoscendae
731 2210 815 2244 gratia
833 2210 995 2248 magistratus
1014 2211 1041 2238 in
1060 2212 1228 2247 provinciam
1247 2211 1356 2248 sequuti.
1397 2211 1515 2248 Ideoque
1535 2210 1701 2238 familiariter
1720 2221 1783 2239 curn
1804 2212 1833 2238 iis
1850 2212 1986 2243 vixerunt,

414 2252 501 2280 neque
521 2241 553 2268 ab
573 2251 667 2270 eorum
687 2244 809 2274 lateribus
822 2248 991 2277 discesserunt
1003 2269 1011 2280 ,
1040 2249 1105 2277 teste
1119 2248 1242 2277 Cicerone.
1281 2250 1368 2285 Atque
1381 2248 1429 2277 hac
1443 2251 1551 2285 quidem
1567 2249 1670 2276 ratione
1679 2248 1827 2284 proconsules
1839 2249 1991 2284 provincias.

414 2279 584 2311 obtinebant,
604 2288 683 2316 atque
696 2283 865 2313 ornabantur.
886 2287 1036 2323 Qomodo
1050 2295 1140 2315 autem
1155 2288 1183 2315 in
1198 2297 1239 2315 eas
1253 2287 1307 2315 fint
1314 2286 1430 2323 profeffi
1440 2307 1447 2319 ‚
1469 2289 1496 2316 ὃ(
1511 2288 1583 2325 quod
1596 2286 1715 2324 ipsorum
1730 2295 1826 2314 munus
1839 2294 1918 2323 atque
1925 2286 1986 2314 offi-

414 2321 485 2351 cium
500 2320 528 2346 in
540 2319 683 2360 prov-inciae
696 2320 921 2360 administratione
935 2324 1030 2357 fuerit,
1048 2326 1107 2362 jam
1120 2325 1318 2362 explicabimus.
1614 2352 1617 2356 ,

451 2357 506 2398 Ubi
529 2365 695 2393 provmcmm
712 2360 917 2396 Jenatufionfidto
942 2370 1021 2401 atque
1046 2365 1075 2394 in
1098 2373 1128 2393 ea
1150 2365 1295 2402 imperium
1314 2362 1465 2400 proconfiaeles
1485 2363 1674 2396 obtinuerant,
1702 2370 1761 2392 tum
1781 2370 1846 2391 vero
1866 2369 1990 2391 extremo

1924 2403 1993 2429 Con-
