2075 2734
480 101 869 129 DESENAT

911 99 1319 129 vitoniano.

1645 107 1697 146 873

113 153 310 189 prr'varis'confiliis
326 161 365 176 non
375 153 478 185 poteratis
492 169 499 179 ,
526 159 562 174 nec
576 151 667 174 ducenda
681 159 709 172 ea·
720 149 782 181 plebe
795 166 803 176 ,
819 157 888 179 neque
901 160 905 173 t
922 149 1046 172 centuriata
1057 149 1166 175 suerunt,
1184 148 1270 181 quibus
1282 151 1307 174 ὃς
1322 150 1425 178 majoresv
1434 152 1577 182 magistratus
1589 161 1678 179 creatos
1690 174 1697 184 ,

115 188 196 217 vestras
203 186 265 216 filias
272 186 397 215 sororesque
409 183 497 207 enubere
505 184 589 212 finenda
602 181 613 204 ἓ
629 181 729 212 patribus
742 185 753 204 ἓ
768 181 794 203 ld
811 181 834 203 ἃ
848 183 886 203 Fe-

115 218 162 242 stus
173 218 296 241 confirmat
307 216 344 240 his
356 215 432 240 verbis
445 216 470 238 in
483 214 591 238 Praeteriti
603 221 608 235 :
626 215 698 246 'Regu
711 212 806 242 legebant
815 229 821 238 ‚
832 211 885 241 sub-

115 249 255 280 legebantque
268 257 318 279 ,quos
331 250 353 270 in
365 248 446 278 consilio
452 245 538 279 publico
551 245 665 267 haberem,
683 244 796 275 intelligit
809 251 887 267 aurem

116 281 147 304 de
158 281 225 304 ειιᾶο
238 279 315 303 senatu
329 296 334 306 ‚
351 286 406 302 cum
418 278 449 301 ait
461 295 467 304 ‚
485 275 593 306 Legeb..nt
607 292 613 302 ,
629 283 683 299 cum
697 282 766 302 vero,
784 275 887 308 sublege>

114 311 165 335 bam
180 330 187 340 ,
205 312 234 335 de
247 310 346 335 suffectis
358 311 382 333 in
398 309 579 332 demortuorum
593 307 673 330 locum
692 314 766 338 regno
781 307 884 333 1ub1aro,

114 350 195 367 utrum
207 342 221 367 Ξι
234 344 338 374 populo,
355 350 383 365 an
395 339 408 363 ἒ
419 338 554 364 censoribus
566 339 635 362 creati
648 339 763 362 senatores
775 338 819 362 srnt
829 355 835 365 ,
848 336 885 361 ab·

112 373 183 398 surde
195 375 306 399 nonnulli
317 372 432 396 dubitant.
449 378 502 394 nam
511 388 517 397 ,
531 371 571 394 etfi
585 377 711 403 utrumque
722 371 822 401 legitur,
835 376 885 393 non

113 413 193 430 tamen
204 408 302 431 alterum
314 404 358 429 effi:
370 410 452 426 verum
460 420 466 430 ‚
484 403 582 425 alterum
593 401 606 426 a
619 404 714 426 veritate
722 402 887 426 diflentirene·

114 438 173 463 cesse
185 439 224 463 est.
243 444 341 461 omnem
353 435 419 459 enim
431 434 604 458 dubitationem
621 435 686 458 tollit
699 442 744 458 una
756 433 885 457 dissinffio.

114 469 128 493 Ξι
136 469 242 502 Regibus
252 469 331 497 eiestis
342 467 530 499 cooptandorum
543 465 675 489 senatorum
689 466 722 495 ius
735 465 836 498 populus
848 464 886 487 ha-

114 501 168 525 buit
179 504 205 525 in
217 501 307 525 multos
318 506 390 522 annos
402 515 408 524 ‚
427 498 451 522 id
465 498 496 522 est
509 515 516 524 ,
533 497 610 521 donec
622 497 726 521 censores
739 497 808 521 creari
824 495 883 519 sunt.

114 533 209 557 censura
228 539 278 555 non
292 532 333 555 illa
346 530 444 562 quidem
463 530 495 554 ob
507 536 559 552 eam
577 529 664 553 causam
683 529 714 553 est
727 528 818 553 indum
830 545 836 555 ,
859 535 885 551 ut

115 564 169 588 efl‘et
183 563 325 595 magistratus
339 579 346 589 ‚
363 561 375 585 Ξι
386 569 435 593 quo
452 569 500 585 uno
512 561 559 585 fine
571 562 654 592 populi
669 559 780 592 suffragiis
796 560 885 583 senato-

112 603 149 620 res
161 602 305 621 crearentur,
321 593 374 620 sed,
394 594 459 625 quod
471 595 496 617 in
510 594 599 624 populo
612 600 653 624 per
664 593 753 616 multos
767 599 840 615 annos
850 591 887 614 in-

113 627 185 651 censo
203 634 281 659 neque
299 625 387 649 differri
403 624 483 649 census
500 627 590 655 Poterat
601 641 610 652 ‚
633 631 712 655 neque
724 622 868 647 Consulibus
878 639 884 649 ‚

114 666 171 682 cum
184 665 220 682 tot
234 659 378 690 populorum
389 657 449 680 bella
462 657 629 683 imminerent,
646 656 760 687 temporis
769 655 821 679 sore
833 653 885 678 satis

114 691 143 714 ad
156 690 182 714 id
195 692 319 722 negotium
331 688 460 713 videbatur.
479 689 552 712 deinde
568 695 628 711 ramo
641 690 767 711 incremento
782 703 788 714 ,
811 693 836 710 ut
853 686 884 709 ait

112 723 167 746 Liv.
183 729 220 746 rv-
235 727 256 745 8.
274 721 312 745 hic
323 720 466 752 magistratus
476 720 554 743 audias
565 720 594 749 est
606 737 613 746 ‚
630 726 655 742 ut
668 728 752 742 morum
763 719 885 749 drfiiplinae—

113 762 158 785 que
169 756 265 776 Romam
274 761 338 786 penes
350 761 400 775 eum
413 754 518 784 regimen,
529 753 616 781 sinatur
624 759 767 782 equitumque
778 756 884 777 centum,

113 787 192 808 decom·
203 785 346 815 dedecorisque
357 785 469 813 discrimen
476 783 518 813 fieb
530 784 578 814 ejus
589 784 684 809 ditione,
697 782 834 812 pubiirorum
840 781 884 813 jur

111 818 300 849 privatorumque
311 817 406 838 locorum
418 833 425 842 ‚
447 815 565 845 veHrgalia
574 815 652 846 patuli
668 815 759 835 Romani
774 812 814 842 fieb
826 819 881 834 nuru

114 855 184 880 arque
196 847 285 870 arbitrio
296 847 366 875 effint.
417 845 574 876 :eavitigitur
590 843 706 867 senatores
719 845 819 875 populus
832 850 883 866 ante

113 878 233 902 censuram
245 877 373 902 institutam
382 894 389 904 ,
405 883 474 907 atque
485 878 555 899 eriam
562 876 613 907 post
623 874 740 899 censuram
749 883 788 907 per
794 876 885 906 aliquot

114 912 201 935 annos,
218 915 244 932 ut
254 916 283 933 ex
296 909 398 931 Livianis
409 907 499 935 verbis,
515 915 566 939 quae
573 908 682 938 proxime
694 908 801 931 recitavi.
819 907 886 930 facile

112 941 243 972 colligitur.
260 938 391 964 censorum
403 939 490 963 deinde
502 938 600 970 potestas
611 938 655 962 fuit
670 939 695 962 in
708 938 810 970 legendo
823 938 874 961 sena

113 978 148 996 tu.
165 972 232 1003 quod
244 972 382 995 authoritate
393 978 499 995 veterum
511 970 650 994 confirmare
658 987 664 996 ,
681 977 738 1002 puto
751 970 796 994 effe
808 969 883 1000 super-

924 181 947 203 &
962 182 1062 204 maxima
1075 181 1134 204 bella
1147 180 1192 204 effe
1205 180 1271 209 iussa,
1289 183 1313 206 &
1325 183 1388 213 leges
1401 190 1437 206 eas
1449 183 1493 206 effe
1504 185 1558 209 latas
1569 202 1576 213 ,
1590 195 1641 218 quar
1648 195 1699 212 ma-

922 212 987 236 xime
999 210 1012 236 ὲ
1026 212 1143 243 republica
1156 213 1289 237 viderentur
1302 231 1309 241 ,
1327 214 1443 238 vetustatis
1455 222 1610 241 monumenta
1623 219 1697 243 decla-

921 251 979 267 rant.
997 246 1087 267 Creatis
1099 252 1155 268 vero
1167 245 1314 272 censoribus,
1331 253 1419 270 creatos
1431 246 1476 270 effe
1487 248 1580 271 curiatis
1590 252 1699 275 comitiis

921 273 1051 310 senatores,
1069 277 1171 307 legimus
1182 277 1241 307 apud
1251 276 1340 301 Festum
1353 279 1378 301 in
1392 279 1501 302 preteriri
1514 287 1520 302 z
1537 280 1563 303 in
1577 288 1626 312 quo
1640 281 1695 306 scri-

920 313 957 337 pu
971 310 1022 330 lunt
1035 308 1080 330 hac
1095 315 1100 329 2
1118 309 1242 331 Tribunisia
1257 309 1359 341 potestate
1372 311 1482 339 sancitum
1495 311 1524 340 est
1537 328 1543 338 ,
1565 319 1592 335 ut
1605 315 1695 343 censores

919 346 947 360 ex
961 341 1019 360 omni
1028 340 1098 361 ordine
1110 341 1217 367 vlt-timum
1229 348 1336 372 quemque
1349 344 1452 364 currarim
1465 343 1487 364 in
1502 343 1582 371 senasu
1595 345 1696 375 legerent.

918 371 987 393 Vetus
1005 370 1064 393 illud
1078 371 1178 394 Romuli
1192 370 1323 395 institutum
1337 389 1344 399 ,
1368 373 1410 404 qui
1424 373 1514 404 primos
1527 373 1642 399 senatores
1655 384 1696 400 cu-

916 400 979 424 riatis
992 402 1099 425 comitiis
1110 403 1158 433 legi
1172 404 1260 429 voluit,
1278 403 1459 434 spestaruntfine
1466 405 1540 428 dubio
1548 406 1636 431 tribuni
1644 407 1694 438 ple)-

915 431 952 455 bis
965 433 1037 465 idque
1050 434 1210 457 renovandum
1224 435 1392 459 existimarunt.
1410 437 1516 464 injicitur·
1528 437 1552 461 δὲ
1564 439 1589 462 in
1597 446 1625 462 eo
1633 439 1694 463 scru-

916 464 998 494 pulus,
1016 465 1094 496 quod,
1111 465 1196 489 errastis
1209 467 1327 496 Regibus,
1343 467 1479 498 poressatem
1489 469 1645 500 legendorum
1660 471 1694 495 se-

916 503 1026 531 natorum
1042 497 1070 519 ad
1090 498 1206 528 populum
1225 498 1324 522 delatam
1338 498 1382 523 effi:
1395 500 1507 523 diximus.
1520 501 1564 524 lroc
1575 503 1640 525 enim
1653 504 1692 527 Li-

916 534 967 550 vius
981 530 1010 551 11.
1022 536 1042 551 r.
1059 529 1083 551 ἃ
1097 530 1188 551 Tacitus
1202 537 1240 553 xr.
1256 538 1294 556 25.
1310 539 1331 553 a.
1346 531 1370 553 Ex·
1382 531 1458 554 Festus
1471 533 1576 556 refellere
1587 535 1691 557 omnino

915 559 1040 582 videntur:
1066 560 1108 590 qui
1121 559 1223 583 senatum
1237 577 1243 587 ,
1260 569 1332 592 quem
1346 563 1488 593 Tarquinius
1501 565 1614 595 Superbus
1625 567 1694 590 caedi-

915 589 957 613 bus
969 589 1101 614 exhauserat
1112 607 1119 617 ,
1137 599 1206 614 novrs
1218 591 1359 616 senatoribus
1371 595 1485 625 repletum
1498 603 1522 618 ac
1535 597 1665 620 restitutum
1674 597 1688 621 Ξ

914 622 1020 646 Consule
1037 623 1200 653 prodiderunt.
1213 623 1253 646 etfi
1263 641 1269 650 ,
1291 632 1345 647 cum
1361 625 1385 648 in
1399 633 1423 648 re
1436 626 1581 652 consentiant
1595 645 1601 655 ,
1625 628 1692 653 diffe-

915 660 970 677 tunt
988 655 1013 678 in
1025 661 1133 678 nomine.
1147 662 1202 677 nam
1217 656 1311 682 Livius,
1330 657 1353 679 bt
1367 658 1460 680 Tacitus
1471 661 1498 682 L.
1513 661 1610 684 Brutum
1623 664 1691 684 Con-

913 684 989 709 sulem
1001 687 1140 712 nominant,
1157 686 1232 709 Festus
1245 689 1267 710 P.
1281 689 1396 712 Valerium
1405 690 1455 715 ,cui
1469 689 1592 715 Publicolae
1601 699 1690 724 cogno-

914 724 970 741 men
982 717 1036 741 fuit.
1050 725 1108 749 ego,
1126 717 1179 745 etii,
1197 725 1247 741 uter
1259 719 1341 746 firerit,
1359 720 1386 743 ad
1400 722 1515 745 rationem
1527 722 1639 747 dertrinae
1653 725 1690 748 ni-

912 748 946 772 hil
967 750 1060 776 attinet,
1079 750 1173 773 Livium
1187 756 1278 777 tamen,
1296 752 1320 774 ἃ
1332 753 1440 775 Tacitum
1456 754 1546 784 potius,
1564 763 1635 786 quarn
1648 758 1690 779 Fe-

913 779 987 808 stum,
1005 781 1071 812 sequi
1089 782 1185 804 malim:
1203 782 1322 812 primun-r>
1341 784 1394 814 quia
1412 784 1524 808 libentius
1544 787 1567 810 δι
1581 786 1689 814 duobus,

914 819 984 841 quam
1004 814 1046 836 utri
1061 829 1066 838 ,
1090 814 1113 835 δε
1127 812 1304 839 vetustioribus,
1323 822 1392 844 quam
1411 817 1552 843 recentiori,
1569 818 1688 843 assentior:

913 843 1011 869 deinde,
1030 844 1098 876 quia,
1114 851 1169 867 cum
1188 846 1214 867 L.
1226 847 1307 867 Brutus
1320 846 1346 868 ad
1359 847 1544 871 constituendam
1558 849 1690 875 libertatem

913 882 997 899 omnes
1009 883 1086 901 curas,
1105 876 1233 907 omniaque
1246 876 1318 899 studia
1331 877 1360 900 ita
1379 879 1512 902 intenderet
1524 896 1531 906 ‚
1549 887 1574 903 ut
1590 881 1690 912 fingula-

914 914 964 930 rem
978 909 1003 931 in
1016 915 1060 934 eo,
1078 907 1229 938 maximeque
1242 908 1361 939 propriam
1375 910 1467 934 laudem
1478 910 1689 944 ferret‚quieri2m

915 938 977 962 filios
991 938 1043 963 suos
1055 955 1061 965 ,
1080 939 1110 962 de
1121 938 1264 964 restituendo
1271 941 1402 971 Tarquinio
1417 944 1481 973 Rege
1493 944 1636 974 cogitantes,
1654 946 1689 969 in-

915 970 988 994 terfici
1001 971 1087 998 jufferir
1099 986 1106 996 ‚
1123 971 1184 994 inter
1196 972 1283 1001 primas
1297 972 1361 995 illius
1374 973 1477 997 astiones
1490 981 1540 998 eam
1554 974 1619 1000 suiffe
1631 984 1689 1000 con-

899 1017 903 1028 .
916 1001 1050 1025 sentaneurn
1062 1001 1108 1029 est,
1124 1010 1174 1033 quae
1188 1003 1215 1026 ad
1228 1003 1412 1028 confirmandam
1424 1006 1648 1039 custodiendamque
1660 1009 1691 1032 li-

141 1011 247 1028 eaneum.
265 1004 354 1027 millies
363 1003 430 1027 enim
443 1004 468 1026 in
481 1002 575 1026 historia
587 1000 628 1026 scri
647 1009 697 1025 rum
711 1003 742 1025 est
774 1009 795 1026 at
808 1001 837 1024 de
861 1009 887 1024 o>

111 1011 139 1028 w
631 1010 645 1033 Ρ
750 1019 756 1029 ⁷
846 1010 858 1032 p
900 1029 1027 1057 'berratem
1047 1035 1166 1057 momenti
1185 1035 1317 1065 plurimum
1335 1035 1418 1060 habere
1431 1036 1554 1062 videretur.
1574 1047 1628 1063 nam
1642 1057 1649 1067 ,
1672 1041 1689 1064 fr

112 1037 172 1067 pulo
183 1034 301 1059 senatores
311 1042 402 1059 creante
414 1052 421 1061 ‚
444 1035 498 1066 quia
511 1041 560 1057 non
576 1035 607 1056 ita
619 1033 704 1057 crebris
717 1034 832 1065 exemplis
846 1035 885 1056 de·
900 1047 903 1067 1

112 1068 222 1094 claratur,
239 1075 278 1095 ea,
296 1075 347 1098 qua.-
360 1066 411 1090 sunt
424 1066 448 1089 in
461 1066 570 1093 Canuleii
582 1066 698 1088 concione
711 1082 718 1092 ,
742 1066 804 1088 Livii
819 1064 885 1088 verba
901 1068 902 1071 ’
915 1064 1055 1096 sapientium
1068 1065 1167 1088 confilio
1180 1082 1186 1092 ‚
1211 1067 1235 1089 ὅ(
1251 1065 1424 1091 continentium
1438 1069 1576 1093 authoritate
1587 1072 1690 1096 civitati-

112 1099 176 1123 hunc
188 1100 214 1123 in
225 1100 307 1122 locum
318 1098 439 1122 transferre
452 1096 600 1120 necess'arium
607 1097 726 1120 duximus.
735 1097 800 1128 quod
809 1095 885 1128 Equis
901 1122 903 1132 ,
915 1096 958 1121 bus
969 1096 1110 1123 consulitur,
1126 1095 1251 1120 confilium
1265 1098 1290 1121 in
1302 1096 1379 1122 senatu
1391 1099 1511 1124 summum
1523 1101 1569 1125 suit
1582 1119 1589 1129 ,
1608 1104 1690 1126 autho-

112 1138 164 1154 uno
176 1131 288 1162 exemplo
301 1137 425 1153 contentus
437 1137 486 1152 non
499 1129 545 1156 est,
560 1129 598 1151 illa
611 1129 735 1152 Ciceronis
747 1132 771 1151 in
778 1129 885 1152 oratione
902 1129 968 1151 >ritas
982 1135 1038 1152 vero
1051 1145 1057 1156 ,
1075 1129 1144 1151 etiam
1158 1131 1251 1159 Regum
1265 1136 1342 1156 ztate,
1359 1132 1469 1154 maxima.
1483 1140 1553 1164 quare
1565 1150 1572 1161 ,
1590 1136 1655 1165 quod
1672 1133 1687 1159 ὲ

112 1170 157 1194 pro
170 1164 231 1186 Sext.
243 1169 292 1193 cap.
304 1166 344 1188 65.
362 1169 412 1193 qux
425 1160 478 1184 sunt
489 1159 626 1191 apertiffima
639 1177 645 1187 ,
663 1161 691 1183 ad
705 1161 767 1183 Livii
779 1160 885 1183 testimo·
915 1159 1007 1191 publica
1018 1167 1044 1183 re
1056 1160 1160 1183 maxime
1172 1160 1217 1183 fuit
1229 1177 1236 1187 ,
1255 1161 1278 1184 id
1292 1162 1355 1185 nulla
1368 1163 1500 1194 interposita
1519 1172 1586 1188 mora
1599 1166 1687 1191 fastum

112 1195 183 1218 nium
197 1194 310 1225 adjungat.
327 1194 443 1222 Major-er,
460 1193 556 1223 inquit,
572 1192 647 1219 nostri.
664 1194 819 1224 cum-‘Regum
827 1199 885 1221 pore-
901 1187 958 1215 ⁴esse
970 1191 1096 1215 verifimile
1109 1191 1140 1214 ess
1155 1200 1160 1214 :
1184 1199 1208 1215 ut
1226 1193 1269 1215 tria
1287 1195 1315 1216 L.
1327 1195 1392 1218 Bruti
1405 1196 1507 1226 prxclara
1527 1195 1629 1221 facinora
1642 1205 1687 1229 pro

107 1226 189 1255 statem
207 1234 246 1248 non
258 1227 356 1256 tuliſsent
369 1241 376 1251 ,
398 1225 432 1247 ira
446 1224 584 1254 magistratus
595 1232 676 1245 annuos
693 1231 835 1249 nurerum,
859 1231 884 1245 ut
901 1223 1044 1247 'inducenda
1057 1223 1220 1254 statuendaque
1230 1223 1337 1248 libertate
1350 1233 1515 1251 numerentur:
1534 1235 1606 1255 num,
1619 1231 1686 1261 quod

110 1258 221 1287 confilium
229 1258 317 1287 finctus
329 1257 382 1288 reip.
391 1256 695 1287 prapanmmsbmpiremum
709 1271 716 1281 ‚
738 1256 884 1285 deligerentur
900 1266 902 1274 r
914 1255 937 1278 δε
952 1256 1057 1286 primum
1066 1272 1073 1281 ‚
1090 1255 1114 1278 δε
1128 1256 1240 1279 omnium
1254 1257 1386 1281 maximum
1399 1257 1444 1281 fuit
1456 1275 1463 1286 ,
1480 1262 1571 1290 Regem
1586 1263 1687 1292 Tarqui-

111 1295 189 1311 autem
200 1290 223 1311 in
235 1290 258 1311 id
268 1288 378 1316 confilium
389 1286 417 1308 ab
430 1287 528 1315 universo
537 1289 617 1318 populo
630 1303 636 1312 ,
659 1287 774 1316 aditusque
787 1288 809 1308 in
821 1287 882 1308 rL'xm
900 1279 903 1318 Ι
914 1287 983 1310 nium
996 1287 1092 1314 ejicere:
1111 1286 1209 1310 alterum
1217 1304 1224 1313 ,
1242 1287 1356 1312 Consules
1368 1297 1456 1317 creare,
1475 1290 1588 1321 dignitate
1596 1294 1668 1324 Regia
1677 1310 1684 1321 ‚

105 1320 222 1349 ficmmum
231 1320 324 1341 ordinem
337 1319 434 1340 onmium
445 1318 530 1340 civium
543 1317 646 1344 industria
657 1326 681 1340 ac
693 1319 775 1340 virtuti
785 1324 883 1348 pateret.
900 1317 1022 1349 lpotestate
1033 1317 1126 1349 legibus
1138 1317 1232 1342 definita
1244 1326 1250 1340 z
1276 1321 1372 1343 tertium
1385 1338 1391 1348 ,
1409 1320 1513 1345 senatum
1530 1323 1684 1352 constituere,

109 1350 206 1380 Qibus
217 1349 294 1374 verbis
305 1348 437 1373 nonmodo
451 1348 474 1371 id
483 1365 489 1375 ‚
505 1356 555 1380 quo
567 1348 597 1371 de
610 1349 700 1379 agimus
709 1365 715 1375 ,
729 1355 804 1378 patet,
822 1347 883 1371 sena-
899 1343 977 1388 {cujus
989 1350 1127 1373 authoritate
1139 1349 1255 1373 Consules
1267 1357 1392 1376 uterentur.
1412 1356 1464 1376 Hac
1476 1354 1505 1377 de
1518 1353 1629 1379 Consulis
1641 1365 1686 1380 no-

110 1387 175 1405 tores
187 1381 286 1405 universi
301 1381 383 1413 populi
395 1378 506 1411 suffragiis
517 1381 530 1403 a
540 1380 657 1411 principio
671 1387 759 1403 creatos
771 1379 827 1404 effe:
845 1388 883 1404 ve-
897 1389 901 1431 l
913 1382 986 1405 mine.
1007 1382 1036 1405 de
1048 1388 1072 1404 re
1084 1382 1114 1404 ira
1127 1381 1214 1408 statuo,
1233 1382 1257 1405 irr
1269 1390 1298 1405 eo
1312 1400 1319 1410 ,
1335 1384 1401 1414 quod
1414 1385 1464 1408 dixi
1478 1402 1484 1412 ,
1505 1385 1534 1409 de
1548 1389 1628 1417 populi
1642 1396 1685 1419 po-

110 1420 166 1437 rum
179 1414 248 1437 etiam
263 1413 308 1436 hoc
320 1412 458 1443 significatur
472 1428 478 1438 ‚
501 1410 618 1435 ffonorem
632 1412 700 1435 illum
715 1419 763 1436 non
776 1411 832 1435 solis
844 1419 881 1442 pa·
911 1413 987 1436 testate
1001 1413 1024 1437 in
1038 1412 1180 1436 senatoribus
1195 1414 1303 1444 legendis
1316 1431 1322 1441 ,
1341 1416 1403 1439 Livii
1417 1433 1423 1441 ‚
1442 1418 1466 1439 ὅ(
1478 1419 1551 1441 Taciti
1565 1435 1571 1445 ,
1588 1419 1611 1442 ἃ
1626 1420 1683 1444 Fefli

109 1443 184 1468 triciis
197 1444 264 1468 fuisse
276 1445 426 1471 mandatum,
444 1443 496 1469 sed,
514 1450 593 1467 contra
607 1451 676 1474 quam
689 1447 766 1474 Reges
778 1443 872 1467 institue
912 1443 1050 1469 sententiam
1060 1444 1087 1467 ab
1099 1445 1215 1475 opinione
1229 1453 1280 1468 mea
1294 1454 1342 1469 rron
1356 1446 1490 1478 discrepare.
1503 1457 1557 1472 nam
1568 1449 1684 1476 senatores

108 1483 160 1500 rant
172 1493 178 1503 ,
197 1475 329 1507 promiscue
341 1475 417 1499 modo
431 1475 533 1505 patriciis
546 1491 553 1501 ‚
570 1475 646 1498 modo
658 1474 768 1506 plebeiis,
785 1475 819 1498 uti
832 1483 880 1499 ma·
909 1477 964 1500 illos
973 1494 979 1503 ‚
996 1477 1037 1508 qui
1050 1477 1076 1499 ad
1085 1476 1228 1507 explendum
1237 1484 1394 1501 trecentorum
1409 1487 1535 1503 numerum
1543 1483 1611 1505 creari
1619 1482 1682 1511 sunt,

107 1508 175 1532 xime
186 1507 286 1531 confilio
299 1525 306 1534 ‚
330 1506 468 1534 meritisque
485 1514 538 1538 erga
552 1505 880 1538 rempublicam'przssatent.
908 1508 982 1532 lestos
995 1508 1093 1541 quidem
1107 1508 1210 1540 primum
1224 1508 1314 1536 iudicio
1326 1509 1435 1533 Consulis
1447 1511 1558 1535 existimo
1571 1530 1577 1539 ,
1596 1514 1682 1538 deinde

108 1546 158 1571 quo
170 1539 258 1563 factum
271 1538 303 1563 est
316 1555 323 1566 ,
344 1545 370 1562 ut
382 1546 505 1570 nunquam
523 1538 579 1561 viris
591 1537 692 1562 fortibus
703 1555 709 1565 ‚
731 1546 755 1561 ac
770 1536 879 1569 sapientia
909 1547 987 1564 tamen
996 1557 1002 1565 ‚
1020 1539 1084 1571 ipso,
1103 1540 1145 1571 qui
1158 1541 1255 1571 legerat,
1277 1539 1381 1564 Consule
1394 1541 1494 1570 serente,
1512 1545 1594 1575 populi
1607 1544 1683 1570 suffra-

107 1571 222 1601 praeditis,
239 1571 320 1594 civitas
330 1571 428 1601 eguerit.
444 1571 472 1600 ιβ
484 1572 542 1593 enim
555 1587 562 1596 ‚
579 1577 605 1593 ur
616 1571 657 1593 ille
669 1571 761 1602 inquit,
776 1571 878 1594 divinum
907 1573 952 1603 giis
964 1571 1008 1596 effe
1019 1572 1194 1603 comprobatos.
1212 1580 1283 1604 quam
1296 1573 1321 1597 in
1334 1574 1438 1598 creandis
1450 1573 1593 1600 senatoribus
1604 1594 1611 1604 ,
1629 1585 1681 1603 ante

106 1602 186 1625 bonum
199 1604 277 1636 honor:-
295 1602 318 1624 &
331 1603 359 1625 ad
372 1602 477 1633 preclare
489 1601 605 1631 agendum
618 1602 678 1625 nihil
693 1603 768 1632 magis
783 1618 790 1628 ,
806 1609 877 1633 quam
892 1583 1029 1627 {censorum
1042 1611 1161 1634 tempora,
1179 1611 1312 1635 perpetuam
1326 1605 1391 1629 fuisse
1398 1606 1593 1631 consuetudinem
1600 1609 1679 1634 duco:

105 1633 207 1657 honoris
217 1634 346 1663 gloriaeque
357 1633 486 1664 cupiditas,
502 1633 613 1663 impellit.
627 1634 693 1663 quod
706 1633 720 1656 fi
733 1634 878 1663 praerniatoh
907 1643 932 1658 ut
947 1643 1022 1666 neque
1032 1635 1122 1658 Conlirl
1135 1636 1182 1658 fine
1195 1637 1277 1666 populi
1289 1637 1400 1660 consensu
1417 1637 1545 1662 senatorem
1558 1640 1634 1664 ullum
1644 1641 1679 1665 fe-

105 1664 187 1688 luntur
199 1681 206 1691 ‚
224 1665 248 1688 ὃς
261 1664 339 1688 debita
350 1664 431 1687 virtuti
445 1671 533 1687 merces
545 1664 671 1694 denegatur
683 1682 690 1691 ,
713 1664 839 1694 languescit
851 1666 876 1688 in
907 1668 983 1689 cerit:
1000 1674 1079 1698 neque
1091 1666 1191 1697 posuit-rs
1203 1683 1210 1692 ‚
1232 1667 1275 1690 nisi
1292 1667 1320 1690 de
1333 1676 1381 1699 quo
1395 1677 1513 1700 rogaretur
1531 1669 1543 1693 a
1557 1673 1662 1697 conlui:

104 1696 197 1720 eir-ibus
209 1696 332 1723 industria,
349 1696 373 1718 δε
386 1696 532 1726 extinguitur
544 1696 677 1719 animorum
690 1696 730 1718 illa
744 1697 792 1721 vis,
810 1702 891 1727 atquez
907 1697 1008 1729 suffragia
1022 1698 1107 1721 tulerit.
1125 1697 1191 1728 quod
1205 1697 1221 1721 sr
1233 1714 1239 1724 ‚
1266 1699 1332 1729 quod
1347 1699 1434 1723 sassum
1453 1701 1539 1725 deinde
1559 1710 1608 1726 non
1627 1690 1677 1732 est:

105 1728 205 1752 alacritas
217 1745 224 1755 ,
240 1735 312 1759 quam
327 1727 398 1750 etiarn
412 1728 437 1750 in
451 1728 480 1750 iis
493 1744 499 1753 ,
517 1728 558 1757 qui
568 1726 672 1751 obscuris
683 1727 816 1758 parentibus
828 1731 877 1752 nati
905 1731 946 1752 uni
959 1732 987 1753 L.
998 1732 1069 1752 Bruto
1082 1728 1254 1756 licuiffewelis,
1272 1737 1297 1753 ut
1309 1730 1355 1754 (ine
1367 1733 1451 1762 populi
1464 1731 1676 1764 suffragiiscentum

103 1759 158 1783 sunt
171 1777 177 1786 ,
201 1759 319 1791 propofita
331 1766 418 1782 merces
431 1758 498 1782 facile
516 1759 574 1783 solet
586 1760 693 1783 excitare.
710 1759 818 1790 quocirca
831 1761 889 1786 rei-,
904 1761 928 1784 ὅ(
944 1759 1058 1792 sexaginta
1071 1768 1170 1791 quatuor
1183 1761 1294 1785 homines
1312 1763 1364 1792 (tot
1376 1764 1441 1786 enirn
1460 1764 1526 1788 fuisse
1541 1766 1616 1790 festus
1634 1769 1676 1798 ait)

101 1791 202 1823 publicz
214 1791 344 1815 rationibus
355 1791 381 1814 in
393 1798 422 1814 eo
434 1789 568 1814 consultum
582 1790 725 1822 estegregie‚
743 1791 808 1822 quod
817 1790 876 1815 bene
905 1793 928 1815 in
941 1793 1029 1816 curiam
1042 1793 1174 1824 iuduyetit,
1191 1792 1257 1816 detur
1270 1793 1316 1816 hoc
1330 1794 1374 1817 viri
1386 1796 1522 1820 excellentis
1531 1798 1623 1822 eximia·
1630 1801 1679 1824 vir-

103 1822 249 1846 merentibus
258 1840 263 1849 ,
281 1822 297 1846 sr
310 1823 425 1853 peregrini
437 1821 522 1849 effenr,
540 1823 618 1845 civitas
631 1831 636 1844 :
654 1822 670 1846 fi
682 1823 758 1856 civeS,
775 1822 836 1845 ordo
848 1824 873 1847 in
902 1825 960 1847 tuti:
978 1831 1017 1852 ut,
1035 1831 1106 1856 quem
1120 1823 1238 1848 vindicem
1247 1842 1253 1851 ,
1270 1825 1440 1858 authoremque
1452 1828 1563 1852 libertatis
1575 1832 1677 1862 populus

101 1855 197 1878 civitate
209 1854 362 1886 ampliffimus
374 1854 466 1886 pra-mii
482 1854 538 1877 loco
549 1853 615 1877 datus
632 1854 671 1878 est.
690 1854 727 1877 led
743 1871 750 1880 ‚
773 1861 797 1877 ut
814 1855 838 1878 in
851 1863 875 1878 re
905 1855 1013 1879 habuerat
1026 1873 1033 1883 ,
1059 1857 1107 1885 ejus
1119 1856 1262 1880 restituendo
1281 1856 1359 1881 senatu
1376 1858 1477 1882 liberum
1496 1859 1539 1883 effi:
1557 1862 1673 1890 judicium

101 1893 226 1917 pergarnus
242 1886 390 1917 (paullulum
403 1886 468 1908 enim
480 1891 543 1908 extra
555 1893 604 1909 rem
618 1885 702 1917 egressa
720 1886 812 1909 videtur
824 1893 872 1910 ora-

99 1917 154 1946 xio)
174 1919 246 1948 quaeri
258 1917 332 1948 potest
344 1915 357 1939 a
369 1916 465 1939 curiosis
475 1917 625 1944 hominibus,
643 1917 730 1949 quibus
742 1918 848 1940 comitiis
861 1917 872 1941 a

98 1948 192 1979 populo
205 1947 319 1971 senatores
331 1954 476 1973 crearentur,
493 1946 629 1975 euriarisne,
646 1957 672 1972 an
683 1949 815 1972 centuriatis
824 1965 831 1975 ,
845 1957 871 1972 an

99 1979 202 2004 tributis.
213 1979 266 2006 hic,
282 1979 299 2002 sr
310 1980 391 2002 omnis
405 1978 478 2002 nostra
490 1979 599 2010 cognitio
612 1980 696 2009 pendet
709 1979 736 2003 ab
747 1981 870 2010 exemplis,

99 2012 140 2040 &‚
158 2010 201 2034 nifi
212 2018 317 2034 veterum
331 2010 470 2034 testimonio
482 2011 650 2041 comprobetur
663 2029 669 2037 ,
688 2012 762 2035 inanis
775 2011 819 2034 est:
840 2011 869 2034 sa-

98 2051 146 2070 ne,
163 2043 222 2074 quid
235 2043 310 2066 dicam
319 2059 325 2069 ,
342 2050 391 2065 non
405 2042 479 2066 habeo
488 2059 494 2068 ,
512 2043 625 2074 valdeque
638 2043 713 2070 mihi,
726 2044 869 2074 quod-aiunt,

99 2083 157 2107 aqua
177 2074 253 2097 haret.
270 2081 358 2097 nomen
370 2075 437 2098 enim
455 2074 610 2097 comitiorum
626 2091 631 2101 ‚
655 2074 741 2106 quibus
759 2074 870 2098 senatoria

98 2106 201 2138 dignitas
220 2113 271 2129 ante
288 2113 376 2129 creatos
393 2105 500 2129 censores
517 2105 660 2129 tribuebatur
674 2123 680 2133 ‚
706 2106 764 2130 nulli
779 2105 870 2138 prorsus

97 2138 186 2162 docent
198 2139 349 2168 antiquorum
359 2138 421 2161 libri.
440 2136 473 2160 fin
486 2145 562 2161 autem
578 2155 583 2164 ‚
602 2137 642 2161 ubi
655 2139 821 2169 exemplorum
834 2139 858 2162 in

97 2171 152 2202 opia
169 2168 300 2193 laboramus
312 2186 319 2196 ‚
343 2170 417 2200 aliqua
430 2176 507 2192 tamen
525 2170 626 2192 veritatis
645 2169 807 2201 investiganda*
820 2169 869 2200 spes

97 2202 258 2232 relinquitur:
282 2208 332 2224 non
344 2200 405 2224 deest
419 2217 425 2228 ‚
447 2201 513 2231 quod
532 2200 687 2233 quarentibus
707 2202 867 2232 respondeam.

95 2240 155 2264 puto
167 2234 232 2256 enim
241 2250 247 2260 ,
265 2240 309 2256 nec
318 2233 406 2263 opinor
418 2231 541 2256 absurdum
553 2231 612 2259 effe,
630 2233 695 2264 quod
712 2241 770 2264 puto
783 2251 789 2260 ,
813 2241 868 2257 cum

95 2264 224 2288 senatorius
238 2265 298 2287 ordo
313 2265 399 2288 certeris
411 2263 534 2287 ordinibus
547 2264 662 2295 dignitate
682 2265 791 2295 prastaret
803 2281 809 2291 ,
827 2272 868 2288 eos

95 2296 207 2319 homines
220 2313 227 2323 ‚
245 2297 288 2327 qui
301 2298 325 2319 in
338 2296 408 2319 illum
419 2295 529 2318 ordinem
543 2296 649 2327 adscripti
663 2297 713 2320 sunt
726 2313 732 2322 ,
751 2298 779 2320 iis
792 2298 868 2319 corni-

96 2328 138 2351 tiis
150 2328 173 2350 id
188 2328 293 2351 muneris
305 2326 413 2358 accepisse
426 2343 433 2353 ,
455 2334 506 2357 quae
519 2328 629 2351 omnium
641 2329 798 2352 comitiorum
813 2337 865 2360 prae-

95 2358 241 2388 stmtiffima,
257 2367 281 2383 ac
291 2359 434 2384 nobiliffima
446 2358 592 2384 ducerentur.
611 2367 635 2383 ea
648 2367 718 2392 porro
734 2360 782 2385 fine
794 2360 869 2384 dubio

903 1889 1012 1911 voluerit.
1031 1890 1066 1911 Re
1083 1895 1107 1911 es
1118 1889 1190 1919 igitur
1197 1889 1303 1922 primum
1316 1888 1430 1913 senatores
1443 1898 1547 1915 crearunt
1556 1909 1562 1919 ‚
1579 1893 1616 1918 sed
1625 1898 1675 1919 Ro.

903 1919 994 1945 mnius,
1012 1927 1060 1949 quo
1090 1927 1119 1942 ex
1131 1920 1245 1949 Dionylro
1257 1921 1335 1952 liquet
1347 1938 1353 1947 ,
1370 1922 1462 1946 curiatis
1475 1925 1581 1948 comitiis
1594 1943 1600 1952 ,
1620 1928 1675 1951 reli-

902 1951 943 1981 qui
961 1953 1036 1984 Reges
1049 1951 1121 1974 nullis
1132 1968 1139 1977 ,
1157 1951 1245 1981 opinor
1257 1968 1263 1978 ,
1281 1953 1386 1976 comitiis
1399 1970 1406 1980 ‚
1429 1953 1534 1984 ipsorum
1548 1956 1668 1982 arbitratu.-

901 1981 966 2012 quod
979 1989 990 2004 a
1002 1982 1085 2009 Livio,
1103 1989 1132 2005 ex
1144 1982 1252 2011 Canuleji
1263 1983 1358 2014 persona
1372 2002 1378 2011 ‚
1397 1986 1506 2010 traditum
1520 1987 1672 2016 ostendimus.

900 2014 924 2047 in
939 2012 1054 2043 republica
1068 2031 1074 2040 ,
1091 2013 1193 2036 censoria
1207 2015 1316 2044 potestate
1330 2016 1438 2040 nondum
1452 2018 1565 2045 indutffi‘,
1583 2028 1673 2047 creatos

899 2052 912 2067 a
925 2044 1083 2071 Consulibus,
1102 2052 1138 2068 aut
1150 2044 1163 2067 a
1176 2045 1276 2069 tribunis
1289 2047 1341 2071 mil.
1355 2047 1478 2073 consulari
1491 2050 1615 2081 potestate,
1629 2054 1671 2077 do-

899 2083 935 2099 cet
947 2075 1022 2099 Festus
1035 2085 1040 2098 :
1057 2077 1154 2100 comitia
1167 2077 1230 2100 nulia
1243 2079 1358 2102 nominat.
1375 2087 1420 2110 ego
1434 2087 1511 2105 tamen
1525 2099 1532 2109 ,
1555 2077 1671 2118 quaz'non

899 2109 1020 2135 nominat,
1038 2109 1131 2132 excludi
1146 2116 1194 2132 non
1204 2115 1270 2140 puro.
1280 2109 1318 2133 sed
1334 2111 1443 2135 videlicet
1455 2113 1480 2136 id
1493 2112 1618 2144 fignificat,
1636 2118 1671 2144 iu-

897 2140 961 2162 dicio
975 2140 1080 2170 primum
1094 2139 1227 2163 Consulum
1240 2157 1246 2165 t
1270 2148 1307 2165 aut
1319 2141 1469 2168 tribunorum
1482 2144 1584 2170 deletstos
1598 2165 1603 2169 .
1625 2150 1668 2179 qui

897 2169 1009 2195 senatoria
1026 2171 1140 2202 dignitate
1152 2171 1324 2197 honestarentur
1336 2182 1342 2196 ε
1359 2175 1444 2199 deinde
1457 2193 1464 2203 ‚
1481 2184 1540 2208 quos
1553 2179 1589 2202 illi
1598 2171 1669 2203 ⁴dele-

897 2210 977 2233 gerant
990 2220 996 2229 ‚
1014 2204 1096 2234 populi
1114 2202 1225 2235 suffragiis
1238 2212 1296 2228 mox
1315 2205 1358 2229 effi:
1371 2207 1537 2239 comprobatos
1549 2227 1556 2236 ,
1579 2211 1667 2235 etiamsi

898 2242 946 2257 non
959 2241 1034 2264 aperte
1046 2242 1121 2258 narrat
1132 2253 1137 2262 ‚
1156 2236 1211 2259 licet
1224 2242 1302 2260 tamen
1313 2238 1445 2270 intelligere
1456 2248 1462 2262 :
1487 2248 1564 2271 neque
1577 2241 1668 2266 dubita-

897 2267 957 2289 tioni
971 2267 1052 2290 locum
1064 2267 1140 2290 ullum
1153 2268 1234 2291 Livius
1246 2269 1371 2300 relinquit,
1389 2278 1443 2294 cnm
1457 2272 1488 2294 ait
1500 2273 1524 2295 in
1537 2272 1616 2296 eadem
1628 2275 1668 2298 illa

898 2298 1005 2326 Canuleji
1018 2299 1147 2322 concione:
1166 2304 1222 2322 „Aut
1234 2299 1261 2322 ab
1302 2300 1375 2332 egibur
1387 2304 1437 2324 leffi
1450 2320 1456 2329 ‚
1473 2311 1512 2325 aut
1525 2320 1532 2330 ,
1546 2306 1587 2332 post
1600 2308 1668 2337 Reges

898 2330 1002 2365 exudat,
1021 2333 1084 2362 jussu
1101 2333 1185 2362 populi.
1202 2338 1244 2354 nec
1262 2330 1274 2354 a
1294 2333 1364 2356 Livio
1384 2333 1501 2357 dissentire
1524 2336 1670 2362 Ciceronem

886 2360 1045 2387 *ostendimus
1057 2379 1065 2391 ‚
1090 2363 1133 2394 qui
1152 2361 1266 2392 scripserit
1283 2363 1322 2388 illa
1340 2365 1366 2389 in
1384 2366 1491 2390 oratione
1508 2373 1552 2397 pro
1570 2369 1669 2392 Sextio:

1187 2397 1236 2427 Qr
1243 2402 1259 2426 q
1266 2402 1282 2426 q
1289 2402 1306 2426 <r
1324 2402 1334 2422 ³
1599 2401 1670 2425 ‘Deli—
