2075 2734
272 74 388 101 Lucus
414 77 610 101 nuontexm
633 70 820 97 Tuum.
844 73 917 96 evm
941 73 1046 96 nal-:vr
1072 76 1258 97 couritur.
1298 71 1380 98 Car.
1400 72 1426 100 6.
1590 85 1646 112 579

559 145 586 172 D
624 143 647 171 E
705 144 720 181 J
762 143 788 170 U
828 143 856 170 D
895 142 908 169 1
950 143 974 170 C
1013 144 1027 170 1
1066 144 1079 172 1
1119 146 1143 173 S.

145 216 338 250 XXVIII.
366 214 439 246 Rem
453 210 519 246 ubei
528 218 645 257 pagum
660 236 671 253 ,
697 219 802 243 orama
816 224 824 245 ε
860 210 912 243 nei
922 218 1043 258 pagum
1057 219 1126 244 ante
1141 210 1298 245 meridiem
1315 214 1348 245 in
1357 212 1429 258 fore
1441 239 1451 255 ,
1476 223 1529 247 etue
1544 215 1576 248 in

229 266 353 299 comitio
370 262 488 308 causam
503 261 692 293 coniciunto:
716 258 778 307 post
786 258 962 298 meridiem,
985 257 1122 306 praefi’nte
1136 259 1293 304 ambobus,
1319 262 1421 296 leitem
1433 261 1494 296 ad·-

487 306 601 343 dicito:
621 308 667 354 sol
684 308 819 355 occafits,
834 309 978 357 fhprema
993 307 1148 355 tempestas
1164 308 1229 354 esto.

116 395 159 422 Sic
173 393 240 422 hanc
251 392 338 429 legem
354 389 464 417 restituit
478 387 603 425 Jossphus
618 388 728 427 Scaliger
741 389 768 416 in
788 387 1010 425 Castigationibus
1025 386 1098 414 Sexti
1111 388 1222 422 Pompeji
1236 387 1309 426 Festi.
1349 391 1425 419 Prior
1438 391 1527 420 νει-ῶς
1540 399 1612 422 extat
1625 394 1651 422 in

79 442 103 461 2.
119 432 186 460 libro
202 431 408 459 Rhetoricorum
425 427 457 454 ad
472 428 656 455 Herennium:
676 427 776 465 reliqua
789 426 869 454 habet
879 425 997 462 Agellms
1010 425 1080 464 libro
1098 435 1139 460 ¹7·
1154 428 1240 463 capite
1253 439 1277 455 2.

116 471 196 507 Legis
209 468 335 497 sententia
347 465 402 493 haec
415 466 451 493 est
463 475 469 492 ε
490 469 526 493 Ut
538 464 668 503 litigantes
679 486 687 498 ,
701 464 731 505 fi
741 466 772 492 de
789 474 815 492 re
827 464 980 499 controverstz
988 464 1168 498 paciscerentur
1180 485 1189 498 ‚
1208 466 1254 493 vel
1263 464 1334 494 litem
1345 466 1413 495 inter
1425 469 1454 504 se
1469 478 1653 504 componerent,

73 518 173 536 orarent
191 518 198 534 ε
216 507 242 534 id
257 506 293 533 est
306 526 315 538 ‚
337 505 459 531 oratione
473 504 499 531 id
513 511 672 541 peragerent
688 514 695 532 ε
716 503 788 541 quod
802 502 821 530 si
833 512 888 530 non
902 500 1100 538 paciscerentur
1110 521 1118 532 ‚
1137 509 1196 530 tum
1211 510 1274 532 ante
1287 507 1428 534 meridiem
1444 508 1470 535 in
1479 508 1550 542 soro,
1570 515 1615 535 aut
1625 509 1653 536 in

73 545 172 574 comitio
191 546 202 580 (
210 545 236 572 in
251 542 301 571 illis
313 543 387 571 enim
402 542 468 570 locis
479 542 522 578 jus
535 542 691 578 dicebatur)
711 541 815 570 causam
828 539 996 577 conjicerent
1011 551 1017 567 :
1039 539 1066 567 id
1082 540 1118 567 est
1131 561 1140 572 ‚
1161 540 1278 570 breviter
1294 552 1430 573 narrarent
1446 566 1452 577 ‚
1483 555 1538 573 non
1550 547 1653 584 invegra

69 586 101 612 ἃ
114 583 214 620 prolixa
227 583 350 609 oratione
361 588 537 617 exponerent:
560 590 592 609 eo
603 580 689 613 facto,
704 588 794 615 prator
805 579 863 615 post
877 578 1019 607 meridiem
1033 578 1107 606 litem
1117 598 1124 609 ‚
1144 579 1171 618 id
1181 580 1231 612 est,
1250 589 1308 608 rem
1324 583 1524 611 controversam
1534 605 1540 614 ,
1555 586 1595 615 ei,
1607 585 1653 621 qui

70 621 172 649 caulam
182 619 349 652 obtinuisset,
370 620 520 652 addiceret,
542 619 672 647 ambobus
687 618 865 655 praesentibus.
884 615 1027 654 Utriusque
1039 617 1112 644 enim
1128 616 1261 655 [trigamis
1274 619 1439 654 praesentiam
1454 621 1494 648 lex
1510 623 1536 649 in
1548 621 1595 651 lite
1608 622 1653 650 ad-

69 659 182 688 dicenda
197 658 325 686 desiderat
341 669 347 685 :
366 667 417 693 qua
431 657 465 685 de
477 656 552 686 causa
566 657 716 686 institutum
731 657 780 684 fuit
793 677 802 689 ,
822 663 851 683 ut
865 655 971 683 absente
983 655 1068 683 altero
1081 676 1090 687 ,
1110 654 1176 683 alter
1192 667 1203 683 a
1210 665 1313 691 pratore
1326 659 1444 685 edietum
1459 668 1576 696 peteret,
1597 669 1652 697 quo

71 696 162 726 absens
176 697 245 724 intra
258 697 314 724 dies
326 696 420 723 decem
435 696 519 723 adesse
531 695 678 732 juberetur:
701 696 728 722 ni
742 695 859 725 veniret,
880 695 946 722 item
964 692 1076 721 altemm
1088 693 1207 721 edietum
1217 715 1224 726 ‚
1245 696 1311 722 item
1328 698 1439 724 tertium
1455 708 1460 723 :
1480 698 1574 734 quibus
1589 707 1650 734 pro-

68 735 160 771 positis
174 755 180 765 ‚
203 743 267 763 tunc
280 736 495 771 peremptorium
518 734 715 770 proponebatur
727 753 735 764 ,
764 741 818 769 quo
838 730 988 759 adversario
1002 731 1111 760 facultas
1129 734 1220 760 omnis
1242 733 1431 768 tergiversandi
1445 735 1647 771 praecidebatur:

67 774 168 810 quippe
184 783 245 801 cum
256 774 282 801 in
290 773 342 801 hoc
350 773 533 804 denuntietur,
550 771 607 800 fore
614 779 643 799 ut
650 773 731 800 etiam
739 770 845 798 absente
852 769 1002 798 adversario
1009 779 1050 797 res
1057 769 1246 807 cognoscatur,
1259 779 1290 798 ac
1296 771 1445 806 judicetur,
1462 773 1498 799 uti
1506 772 1566 801 alibi
1577 775 1649 802 dice.

68 818 120 839 tur.
140 812 255 839 Additur
268 812 376 839 deinde:
391 811 431 844 sol
440 810 533 844 occafics
536 810 655 844 suprema
667 807 795 845 tempestas
810 806 857 845 esto
869 819 878 835 .·
899 817 954 845 quo
967 806 1128 844 significatur
1139 827 1147 840 ,
1166 809 1224 845 post
1241 807 1302 836 solis
1315 809 1440 838 occasum
1454 810 1556 838 nullum
1570 821 1650 848 opor«

65 857 124 879 tere
138 848 149 876 ὲ
164 858 277 886 piaetore
291 850 332 884 jus
347 848 414 875 dici:
434 849 504 885 quod
519 848 536 875 si
551 848 666 878 diceret,
686 848 791 875 irritum
806 847 833 874 id
850 846 910 874 esse.

105 891 170 914 Rem
182 886 360 925 ubipagunt.]
383 889 464 924 Pago,
482 887 570 924 pagis,
589 894 701 923 pagere,
720 885 815 923 pepegi
829 905 837 916 ,
856 885 966 921 patitui-n
980 904 988 916 ,
1009 883 1139 921 fignificat
1152 885 1226 914 idem
1241 884 1314 922 quod
1323 883 1411 920 pactfii
1426 907 1435 919 ,
1455 885 1506 915 sive
1518 887 1645 924 pactione

67 934 243 960 componere.

106 963 178 997 Quid
185 962 287 998 sorum,
309 963 372 999 quid
385 961 513 990 comitium
528 962 572 994 fit,
593 962 653 990 alibi
666 962 768 998 prolixe
775 961 817 990 est
830 961 1002 997 explicatum.

105 1000 282 1036 συμπέμψω]
303 1000 414 1035 josephus
424 1000 531 1038 Scaliger
544 1000 645 1031 scribit,
665 999 799 1027 coniciunto
813 1001 893 1027 unico
906 1000 930 1032 i,
952 1008 1030 1027 more
1041 1001 1160 1038 antiquo.
1179 1003 1293 1029 Veteres
1306 1001 1378 1029 enim
1393 1001 1428 1029 fic
1442 1001 1579 1038 scripsisse,
1591 1002 1645 1030 abi-²

65 1037 114 1070 cio,
134 1038 228 1071 adicio,
247 1038 335 1066 conicio
347 1060 356 1072 ,
377 1048 427 1075 pro
442 1040 536 1076 quibus
549 1039 663 1066 dicimus
677 1037 774 1075 abjicio
786 1056 794 1067 ‚
816 1038 914 1074 adjicio
928 1058 936 1068 ,
957 1038 1074 1075 conjicio
1087 1059 1095 1071 ,
1115 1039 1223 1067 testatur
1238 1038 1327 1067 Aldus
1338 1040 1474 1068 Manutius
1489 1041 1516 1068 in
1532 1040 1576 1068 sua
1590 1044 1643 1070 Or.

67 1076 230 1113 thographiae
244 1078 355 1105 ratione.
376 1077 419 1104 Est
435 1084 523 1105 autem
538 1078 652 1110 conjicere
667 1075 783 1105 breviter
800 1086 860 1104 rem
872 1085 986 1104 narrare.

105 1113 162 1152 l’ost
173 1114 334 1151 meridiem]
367 1114 490 1142 Meridies
500 1135 507 1145 ,
525 1116 611 1152 inquit
623 1115 771 1149 Censbrinus
784 1113 830 1142 lib.
843 1115 877 1142 de
891 1116 943 1142 Die
957 1114 1037 1143 natali
1051 1136 1059 1147 ‚
1080 1124 1138 1152 cap.
1157 1125 1199 1151 ¹9·
1219 1116 1292 1153 quod
1307 1116 1343 1143 est
1358 1116 1453 1143 mediae
1468 1117 1518 1145 diei
1533 1117 1646 1146 nomen}

66 1152 143 1181 Idem
161 1153 227 1180 libro
244 1154 357 1186 eodem,
378 1155 403 1182 ὃ(
417 1153 485 1180 le.
502 1153 570 1181 libro
585 1163 609 1189 7.
623 1155 732 1189 cap.60.
744 1160 962 1191 argumentatur,
982 1152 1108 1181 horarum
1123 1163 1226 1181 nomen
1239 1154 1365 1183 trecentis
1374 1155 1449 1182 annis
1463 1156 1647 1193 RomaeignQ

65 1199 155 1218 ratum
168 1191 258 1222 fuisse,
279 1201 342 1219 cum
357 1192 384 1218 in
399 1201 415 1219 x
425 1202 429 1216 ι
441 1201 461 1218 1.
477 1191 570 1218 tabulis
583 1198 657 1218 ortus
672 1199 777 1219 tantum
792 1194 819 1219 δε
836 1190 942 1218 occasus
955 1192 1138 1219 nominentur.

106 1228 226 1262 Praefi’nte
241 1228 384 1262 ambobus.]
408 1228 451 1255 Est
466 1233 612 1265 Αςχαισμεε,
629 1237 678 1264 pro
687 1228 845 1262 presentibus
857 1227 984 1255 ambobus.
1018 1230 1137 1266 Qijdam
1152 1229 1244 1266 legunt
1258 1240 1267 1256 :
1286 1229 1407 1266 praesenti
1420 1229 1498 1258 litem
1511 1232 1644 1264 addicito‚‘

66 1264 86 1293 fi
100 1265 182 1292 ambo
195 1265 333 1301 praesentes
344 1266 417 1296 sunt,
437 1275 504 1302 quos
517 1265 629 1299 thephas
644 1266 752 1302 Scalrger
764 1265 944 1301 reprehendit.

107 1306 193 1330 Luem
208 1302 348 1338 addicite]
369 1304 421 1330 Hic
436 1303 481 1335 trs,
499 1313 540 1330 res
554 1303 604 1335 est,
625 1304 659 1330 de
672 1312 723 1340 qua
736 1304 914 1331 controversia
927 1304 977 1335 cst,
999 1312 1056 1340 quae
1071 1304 1298 1337 addicituralteri‚
1319 1304 1446 1342 praesente
1453 1312 1543 1335 tamen
1550 1308 1642 1336 adver-

64 1340 141 1371 sstrio.
162 1342 280 1377 Qidam
297 1341 400 1368 malunt
414 1341 502 1378 legere
514 1339 586 1368 litem
601 1340 715 1376 auhn-ito,
736 1350 765 1370 ut
782 1342 879 1369 codem
893 1342 937 1369 die
951 1342 1115 1378 conjeffioni
1129 1343 1160 1370 lis
1175 1343 1324 1379 adjiciatur.

105 1379 149 1405 Sol
157 1379 275 1443 σει-αξη]
298 1380 413 1416 Antique
427 1381 519 1413 occafhs
531 1379 584 1406 hoc
598 1379 660 1407 loco
673 1379 824 1416 usurpatur,
844 1388 909 1416 pro,
927 1379 965 1407 sol
979 1380 1086 1416 quando
1099 1381 1199 1410 occidit
1208 1391 1217 1408 ι
1236 1380 1278 1409 vel
1284 1380 1346 1416 filis
1357 1382 1448 1418 occffus
1460 1403 1468 1415 ‚
1487 1390 1516 1411 ut
1530 1383 1641 1421 quidam

84 1426 112 1444 er
131 1425 204 1444 eram
228 1427 242 1444 e
262 1424 318 1444 unt.

61 1424 82 1454 P
104 1425 224 1488 §Fuprema
235 1426 363 1488 tgempestas
375 1452 451 1490 esta]
472 1454 502 1481 Id
518 1455 567 1486 est,
588 1456 640 1483 diei
654 1456 828 1483 novissimum
843 1462 959 1492 tempus·
979 1456 1125 1485 Macrobius
1138 1457 1184 1485 lib.
1193 1467 1215 1485 r.
1225 1459 1329 1485 Saturn.
1341 1465 1398 1493 cap.
1409 1468 1432 1495 3.
1451 1458 1538 1487 Aliter
1550 1466 1640 1487 tamen

65 1493 255 1528 interpretatur
266 1492 333 1520 hanc
346 1491 432 1528 legem
448 1491 560 1528 Jacobus
572 1493 707 1520 Raevara'us
720 1493 764 1520 lib.
773 1503 799 1527 4.
812 1495 956 1520 Variorum
966 1514 973 1525 ‚
994 1504 1052 1531 cap.
1067 1507 1089 1523 1.
1103 1496 1137 1523 dc
1152 1504 1207 1531 quo
1219 1496 1339 1531 judicent
1352 1496 1434 1523 docti.
1473 1497 1543 1524 Vide
1559 1498 1641 1524 etiam

61 1529 212 1595 ἑέιῖἔὶαηωη
225 1529 368 1558 Turnebum
384 1529 492 1557 Advers.
506 1530 575 1558 libro
591 1540 633 1567 29.
645 1539 702 1567 cap.
720 1541 760 1567 ¹5-
780 1533 807 1560 ὃς
822 1531 978 1566 franciscum
992 1536 1196 1561 Honomannum
1208 1533 1237 1561 in
1253 1533 1467 1562 Commentariis
1479 1533 1511 1561 ad
1524 1543 1556 1562 xx
1565 1543 1586 1562 1.
1603 1542 1641 1570 ta:

82 1575 98 1594 u
125 1575 184 1593 rum
198 1570 355 1603 tragmcnta.

186 1620 281 1653 XXI
288 1620 328 1652 X.
355 1621 390 1651 Si
402 1621 456 1666 qui
471 1620 503 1652 in
514 1621 581 1665 jure
596 1632 721 1653 manum
739 1620 891 1665 conferunt
910 1647 919 1659 ‚
947 1624 1082 1668 utreique
1099 1620 1303 1672 fiqperstitibus
1315 1621 1518 1670 praefintibus',

686 1668 845 1702 vindicias
862 1669 1013 1714 fitmumo.

104 1723 159 1751 Diu
169 1722 243 1751 torfit
258 1733 303 1751 mc
317 1723 370 1751 haec
383 1723 440 1755 lex,
460 1734 521 1752 cum
537 1724 630 1753 nullius
645 1724 893 1761 interpretationem
908 1746 915 1757 ‚
937 1735 993 1762 quae
1007 1725 1073 1754 mihi
1088 1725 1262 1759 satisfaceret,
1286 1727 1376 1754 videre
1389 1728 1535 1763 potuerim.
1574 1728 1638 1767 Ego'

64 1762 129 1799 quid
139 1762 172 1789 de
181 1771 212 1789 ea
219 1761 328 1789 sentiam
338 1782 345 1794 ,
365 1763 509 1790 candidein
517 1763 636 1790 medium
646 1762 791 1798 proferam.
812 1764 1138 1792 Le&oritamen1iberum
1149 1766 1296 1802 relinquens
1307 1765 1437 1799 judicium
1445 1787 1453 1798 ‚
1473 1776 1502 1795 ut
1509 1766 1638 1795 velaliam

65 1800 188 1837 quamvis
201 1801 449 1836 interpretation-m
464 1800 599 1837 sequatur,
622 1801 663 1827 vel
676 1800 729 1836 ips'e
742 1801 819 1828 aliam
834 1802 977 1838 excogitet.
997 1804 1112 1831 Videtur
1123 1812 1188 1840 ergo
1203 1803 1259 1830 haec
1271 1803 1336 1839 legis
1350 1802 1490 1831 sem-entia:
1511 1809 1539 1831 St
1551 1815 1597 1843 qut
1610 1816 1638 1832 m

59 1839 120 1871 jure
133 1848 236 1864 manum
249 1841 390 1872 conserunt,
413 1839 438 1865 id
448 1838 496 1865 est-
519 1838 536 1865 si
552 1840 596 1875 qui
611 1838 644 1865 de
658 1839 744 1866 domo
757 1838 798 1866 vel
808 1848 888 1877 agre,
908 1840 950 1868 vel
964 1841 1012 1868 alia
1026 1841 1140 1878 quadam
1155 1851 1184 1868 re
1196 1842 1379 1871 contendunt,
1401 1843 1427 1869 &
1437 1841 1512 1878 super
1520 1852 1586 1871 care
1597 1843 1637 1871 fe·

67 1874 270 1907 stucasinterse,
290 1875 462 1912 quafihastas,
482 1875 828 1909 diciscausacommirtunt,
848 1877 1311 1916 utreiqueficperstinbuspraesentibus,
1334 1877 1594 1914 uindniasfizmunro,
1608 1881 1637 1909 id

67 1912 118 1940 est,
138 1912 242 1949 utrique
253 1913 398 1949 litigatores
411 1914 580 1950 praesentibus
594 1915 700 1943 testibus
714 1915 822 1943 festucas
839 1916 906 1947 illas,
926 1917 996 1943 inter
1009 1916 1034 1943 se
1047 1918 1237 1946 committant,
1249 1918 1286 1944 .&
1300 1924 1394 1942 manus
1407 1917 1554 1947 conserant.
1572 1922 1634 1949 Hoc

68 1949 137 1977 mihi
149 1950 258 1985 quidem
273 1951 389 1984 videtur,
409 1952 451 1979 sed
468 1960 558 1980 tamen
573 1962 627 1980 non
641 1954 755 1980 omnino
769 1953 901 1981 satisfacit.
920 1953 1063 1989 Subjiciam
1078 1962 1167 1981 autem
1180 1954 1293 1981 rationes
1308 1953 1542 1990 interpretationis.

106 1987 137 2014 si
147 1986 192 2026 qui
203 1987 296 2022 injure
309 2000 413 2017 manum
424 1991 580 2026 censerum.]
621 1993 681 2018 Hoc
694 1993 730 2019 ita
742 1992 928 2028 interpretatus
946 1991 1003 2018 sum
1019 2011 1026 2023 ‚
1045 1989 1074 2017 Si
1086 2000 1133 2029 qus
1145 1991 1176 2017 de
1187 1992 1258 2018 domo
1269 2011 1276 2022 ,
1296 2001 1370 2029 agro,
1390 1992 1431 2020 vel
1444 1993 1493 2021 alia
1506 1995 1592 2033 aliqua
1603 2004 1632 2024 re

65 2026 218 2053 contendunt
225 2047 232 2056 ,
252 2029 278 2054 ὅ(
287 2028 393 2055 festucas
400 2029 468 2057 inter
476 2028 502 2056 se
509 2050 515 2061 ‚
536 2029 605 2066 quasi
613 2028 694 2057 hastas
701 2051 707 2061 ‚
728 2030 793 2056 dicis
800 2029 874 2057 causa
881 2029 957 2066 super
969 2028 1017 2056 alia
1025 2038 1053 2056 re
1061 2030 1101 2056 vel
1109 2030 1136 2057 in
1144 2029 1206 2056 loco
1212 2028 1332 2065 praesenti
1339 2032 1525 2061 committunt.
1551 2034 1634 2070 Qod

68 2074 101 2093 ex
115 2063 185 2099 Agel.
199 2064 287 2101 colligi
299 2067 397 2102 potest,
417 2068 436 2094 is
450 2068 522 2095 enim
537 2068 571 2095 sic
584 2067 687 2096 scribit:
708 2069 768 2102 Qua
775 2068 843 2095 dere
850 2066 1077 2104 disceptabaturin
1086 2077 1113 2095 re
1120 2066 1255 2105 praesenti,
1270 2067 1322 2095 five
1331 2076 1395 2105 ager
1404 2089 1411 2101 ,
1431 2070 1559 2099 fivealiud
1567 2073 1636 2109 quid

67 2103 105 2131 est
112 2123 118 2133 ,
138 2103 165 2129 in
174 2111 202 2129 ea
210 2112 238 2129 re
246 2103 394 2132 solennibus
400 2105 486 2133 verbis
492 2106 615 2136 mnditia,
638 2107 664 2134 id
672 2106 707 2134 est
716 2127 722 2138 ‚
743 2105 875 2134 consertio
883 2115 976 2133 manus
990 2106 1016 2133 in
1024 2115 1053 2133 re
1060 2126 1067 2137 ‚
1086 2114 1166 2143 atque
1178 2106 1205 2133 in
1212 2105 1272 2133 loco
1279 2106 1398 2142 praesenti
1410 2109 1479 2144 apud
1487 2117 1632 2145 praetorem

68 2148 139 2169 cxxx
150 2140 374 2171 1.tabu1isf1ebat,.
390 2143 416 2170 in
425 2143 518 2180 quibus
527 2145 560 2172 ita
573 2146 694 2181 &criptum
704 2144 753 2173 est:
772 2144 801 2172 Si
814 2144 859 2184 qui
873 2144 898 2172 in
908 2146 965 2178 jure
976 2154 1083 2171 manum
1095 2145 1229 2179 conserunt.
1252 2145 1301 2171 Sed
1309 2145 1447 2182 postquam
1450 2155 1634 2185 pretorespro-

66 2179 168 2217 pagatis
183 2179 262 2207 Italiae
277 2179 369 2207 finibus
382 2180 448 2209 datis
459 2182 681 2218 jurisdictionibus
697 2185 831 2221 occupati,
852 2182 996 2221 proficisci,
1015 2183 1190 2211 vindiciarum
1205 2182 1376 2211 dicendarum
1390 2184 1463 2212 causa
1474 2185 1633 2223 longinquas

67 2219 95 2246 in
103 2226 144 2244 res
153 2218 341 2254 gravabantur:
361 2218 508 2248 institutum
517 2222 552 2248 est
560 2230 652 2250 contra
660 2233 674 2249 x
683 2233 691 2250 ι
701 2233 721 2250 1.
730 2222 828 2250 tabulas
842 2223 924 2250 tacito
932 2220 1058 2249 consensu
1065 2241 1072 2252 ‚
1092 2229 1122 2249 ut
1135 2220 1267 2259 litigantes
1274 2241 1283 2255 ,
1301 2231 1357 2249 non
1369 2222 1397 2249 in
1410 2223 1469 2258 jure
1482 2225 1551 2260 apud
1565 2233 1630 2259 prae-

66 2263 156 2285 torem
171 2265 265 2285 manus
278 2255 460 2290 consererent,
480 2256 522 2286 sed
532 2269 562 2287 ex
569 2260 628 2296 jure
635 2271 714 2287 mmm
720 2261 858 2294 confit-tum
873 2266 1013 2291 vocarent,
1034 2259 1118 2291 idest,
1138 2260 1201 2288 alter
1208 2259 1320 2287 alterum
1330 2269 1361 2288 ex
1373 2261 1433 2297 jure
1445 2262 1478 2289 ad
1491 2261 1632 2289 conseren-

65 2294 127 2322 dam
138 2295 366 2327 manuminrem,
387 2296 618 2334 dequaageretur,
640 2306 759 2330 vocaret,
778 2296 1061 2336 atqueprofedtifimul
1076 2298 1205 2335 inagrum
1218 2297 1483 2336 dequolitigabatur‚
1503 2299 1634 2327 terraeali-

64 2333 130 2380 fluid
137 2342 168 2362 ex
175 2342 222 2366 eo,
243 2335 283 2363 uti
289 2343 370 2363 unam
377 2333 484 2372 glebam
499 2336 532 2365 ad
538 2344 666 2372 putorem
674 2337 822 2371 deferrent,
843 2340 869 2369 &
877 2338 905 2367 in
913 2346 943 2366 ea
939 2335 1042 2405 &gisiaci
1061 2344 1187 2375 tanquam
1200 2337 1228 2366 in
1235 2343 1295 2367 toto
1301 2345 1366 2376 agro
1374 2338 1633 2405 vindicarent.AHaelc

57 2389 61 2396 ¹
69 2381 73 2387 “
1061 2384 1077 2404 ²
1575 2384 1609 2413 gf
1619 2390 1633 2411 t
