2075 2734
347 116 415 152 426'
638 111 1077 145 A·Nr12u1⁷r1t·rum
1116 105 1625 136 RoMAnARuML13.v.

348 163 422 190 niam
436 158 521 188 tertiae
532 155 620 184 noffis
634 155 788 191 posterioris
801 153 844 182 sex
858 154 930 182 horae
943 154 1050 183 alterius
1065 154 1127 182 anni
1140 153 1238 184 essent,
1258 154 1304 191 qui
1317 153 1447 190 inciperet
1460 162 1493 181 ex
1508 151 1623 181 Kalend·
1643 153 1682 181 Ex
1695 152 1736 183 his
1748 155 1821 184 enim
1838 155 1926 185 verbis

350 204 458 234 apparet
471 217 478 228 ‚
497 203 527 223 ut
541 194 652 222 aliarum
667 202 758 221 rerum
768 213 775 223 ‚
796 192 831 220 fic
845 193 926 221 etiarn
941 202 1050 221 uxorum
1060 190 1233 227 uficcapi'onem
1249 191 1324 219 fuisse
1338 212 1345 223 ,
1366 194 1392 220 &
1407 191 1426 219 fi
1441 201 1509 219 uxor
1527 200 1576 228 per
1588 200 1687 218 annum
1702 193 1838 231 integrum
1853 194 1927 224 nullo

352 237 503 271 interrupto
515 232 563 260 usu
576 231 645 268 apud
660 232 749 259 virum
763 230 866 262 fuisset,
885 232 914 259 in
929 240 1041 259 manum
1054 231 1146 258 mariti
1159 228 1271 262 veniffe,
1291 231 1319 259 ὃ(
1332 238 1364 257 ex
1379 236 1500 258 tutorum
1514 229 1643 265 potestate
1656 229 1749 257 exiflez
1766 233 1835 266 ustam
1850 243 1924 265 vere,

351 274 370 301 fi
384 282 432 310 per
442 280 496 300 tres
509 270 600 299 noRes
613 269 645 297 ab
660 279 693 297 eo
707 269 843 301 abfuisset,
863 267 1034 305 interruptum
1049 269 1132 297 fuisse.
1151 271 1213 296 Hoc
1228 269 1302 295 enim
1318 275 1419 296 veteres
1432 267 1552 304 ufiirpari
1565 268 1696 296 dixerunt.
1716 270 1804 305 Atque
1810 270 1877 299 hanc
1890 272 1927 299 le-

349 311 442 349 gitimi
455 306 613 337 matrimonii
625 306 749 335 rationem
763 307 973 344 antiquiffimam
987 307 1062 335 fuiffe
1076 328 1084 340 ,
1110 309 1136 336 &
1152 307 1165 333 a
1180 314 1257 342 raptu
1272 305 1320 334 illo
1334 305 1489 334 Sabinarum
1509 306 1618 334 initium
1632 305 1766 342 sumpfiffe
1779 327 1787 337 ,
1813 307 1927 344 Jacobus

349 349 489 376 flavardus
503 344 707 385 jurisconsultus
721 345 890 378 clariffimus‚
911 348 938 375 &
952 346 1184 384 quemadmodum
1197 343 1294 381 Justus
1309 343 1404 382 Lipsius
1419 354 1481 372 eum
1499 343 1628 382 appellat,
1651 343 1746 381 Belgtci
1759 346 1928 379 Papinianus,

351 387 505 415 arbitratur:
528 385 574 421 qui
590 391 694 420 raptus,
714 384 776 421 quia
790 383 902 412 feliciter
917 384 1022 412 Romulo
1035 383 1187 412 successerat
1197 405 1203 414 ‚
1225 383 1287 410 ideo
1301 383 1450 411 institutum
1464 382 1496 410 ab
1508 383 1606 410 eodem
1617 384 1692 419 Rege
1708 381 1782 409 fuisse
1795 391 1884 419 putat,
1899 393 1928 413 ut

354 434 409 452 non
424 434 503 455 vero,
525 423 569 450 sed
583 422 707 450 simulato
721 423 838 459 quodam
853 430 930 460 raptu
945 423 1035 450 omnis
1048 420 1158 460 legitimi
1170 419 1283 448 connubii
1295 419 1362 448 ritm
1380 429 1561 457 perageretur.
1601 421 1665 457 Qo
1681 420 1790 457 quidem
1806 429 1930 459 tempore

354 461 453 497 (verba
466 461 521 489 haee
534 460 593 488 sunt
615 459 710 497 Jacobi
729 459 848 488 Raevardi
871 462 897 489 in
918 461 1130 489 Commentariis
1145 469 1176 487 xi
1186 470 1207 487 1.
1228 458 1393 487 Tabularum
1407 479 1414 490 ,
1435 469 1491 496 cap.
1506 459 1568 493 21.)
1589 468 1619 486 ca
1632 459 1706 486 ruisse
1721 458 1826 486 videtur
1840 461 1932 488 matri-

356 500 442 528 monii
457 498 632 528 contrahendi
646 499 728 530 ratio,
748 506 778 527 ur
790 499 837 533 usic
850 498 959 536 quisque
974 500 1107 537 virginem
1121 507 1153 525 ex
1167 497 1274 535 gremio
1287 498 1395 529 matris,
1415 505 1460 526 aut
1474 507 1506 525 ex
1519 498 1644 533 proxima
1657 496 1847 525 neceffitudine
1860 499 1887 526 vi
1900 498 1931 526 fi-

355 539 454 566 mulam
468 546 571 574 raptam
581 558 588 568 ,
609 547 664 564 non
677 536 753 564 aliter
765 536 838 564 suam
853 537 950 565 faceret
960 558 967 569 ‚
989 546 1069 574 quam
1085 540 1198 563 Romana
1204 534 1280 570 pubes
1293 534 1399 563 Sabinas
1411 535 1478 563 olim
1494 535 1610 572 virgines
1625 534 1680 562 suas
1693 536 1737 569 ufic
1753 534 1853 563 fecerit.
1886 537 1930 564 Id-

353 586 406 614 que
419 577 534 603 omnino
550 575 617 603 mihi
632 574 699 603 visus
713 575 749 602 est
763 574 872 603 voluisse
886 574 971 613 Festus
985 596 991 606 ‚
1020 585 1083 603 cum
1104 575 1140 601 ita
1153 573 1278 601 scriberet
1294 583 1301 599 :
1322 573 1388 608 Rapi
1401 572 1542 609 simulatur
1555 572 1623 610 wigo
1642 582 1674 601 ex
1694 575 1802 610 gremio
1823 575 1933 607 matris,

352 622 397 642 aut
411 613 429 641 fi
442 623 471 641 ea
486 624 541 642 non
556 614 606 646 est,
629 624 661 641 ex
675 614 800 651 proxima
814 614 1017 646 neceffitudine,
1037 622 1099 641 cum
1118 612 1150 639 ad
1166 613 1255 639 virum
1271 611 1383 640 trahitur
1395 632 1402 643 ,
1423 612 1496 649 quod
1512 610 1636 638 videlicet
1652 620 1683 638 ea
1696 620 1738 638 res
1752 611 1866 639 feliciter
1879 617 1929 640 Ro-

353 652 420 679 mulo
435 652 517 681 ceffit.
559 652 705 689 Rapiundae
715 658 806 679 autem
820 653 847 679 vi
862 651 982 679 fimulata
995 652 1105 689 virginis
1117 670 1124 681 ‚
1146 651 1256 687 quinam
1271 649 1338 677 olim
1355 651 1421 678 ritus
1440 650 1520 677 fuerit
1534 670 1541 681 ‚
1563 649 1698 685 eleganter
1712 650 1837 684 Apulcy'm
1851 659 1932 688 expo-

354 690 406 718 suit
418 690 488 718 libro
500 700 528 726 4.
548 691 582 718 de
597 690 678 718 Asino
698 699 778 718 aureo
796 689 836 718 his
851 690 938 718 verbis
953 701 958 717 :
991 692 1071 718 Tunc
1087 698 1132 717 me
1146 689 1252 726 gremio
1266 688 1312 716 suo
1329 696 1413 716 mater
1433 688 1527 716 infelix
1540 687 1656 715 tolerans
1669 707 1677 718 ,
1697 688 1789 714 mundo
1809 689 1930 723 nuptiali,

356 729 482 757 decenter
494 728 605 756 ornabat
617 749 624 760 ‚
655 727 814 765 mellitisque
827 727 920 756 suaviis
933 728 1060 756 crebriter
1076 729 1181 765 ingestis
1196 748 1202 758 ‚
1229 728 1285 763 jam
1299 726 1344 763 spe
1356 726 1445 754 futura
1462 725 1609 754 liberorum
1624 726 1694 752 votis
1707 726 1789 753 anxiis
1804 735 1934 765 propaga.

356 767 415 798 bat,
437 776 499 795 cum
509 766 663 802 irruptionis
678 765 768 794 subitae
780 766 957 804 gladiatorum
974 768 1092 802 impetus
1111 766 1144 794 ad
1157 765 1218 793 belli
1232 765 1328 792 faciem
1348 765 1454 792 saeviens
1469 786 1476 796 ‚
1503 764 1579 791 nudis
1593 765 1619 791 &
1636 763 1743 790 incertis
1759 766 1934 793 mucronibus

358 804 510 834 coruscans,
530 814 585 832 non
600 804 679 836 caedi,
700 813 755 832 non
767 806 863 841 rapina:
881 814 974 832 manus
994 804 1121 835 afferunt,
1142 803 1183 832 sed
1199 802 1294 835 denso,
1315 802 1530 840 conglobatoque
1545 811 1632 829 cuneo
1647 801 1796 829 cubiculum
1811 803 1932 831 nostrum

356 843 486 871 invadunt
500 844 637 879 protinus,
657 851 706 870 nec
718 842 772 870 ullo
786 844 820 870 de
834 842 1006 871 familiaribus
1025 843 1119 869 nostris
1131 843 1295 879 repugna'nte
1309 862 1316 872 ‚
1342 850 1372 868 ac
1385 850 1419 868 ne
1433 840 1567 868 tantillum
1584 840 1695 877 quidem
1709 839 1841 867 reiistente
1853 862 1861 873 ,
1888 851 1934 869 me

357 880 483 908 miseram
494 901 502 913 ‚
521 881 689 912 exanimem,
709 879 777 908 saevo
790 890 890 918 pavore
906 881 1039 917 trepidam
1053 901 1060 912 ,
1081 881 1113 907 de
1125 880 1206 907 medio
1219 880 1310 906 matris
1322 878 1419 918 gremio
1437 877 1550 913 rapneffre.
1591 880 1624 906 Et
1638 879 1664 906 id
1680 878 1791 914 quidem
1806 878 1870 907 illud
1883 880 1935 907 effe

359 919 474 946 omnino
490 919 608 950 videtur,
630 918 702 956 quod
716 917 786 946 hunc
797 921 824 946 in
838 919 953 946 modum
964 919 991 946 in
1004 918 1073 946 libro
1087 919 1121 945 de
1135 917 1295 954 Spectaculis
1314 917 1485 946 Tertullianus
1504 917 1607 945 scribit:
1628 915 1732 944 Dehinc
1747 915 1936 955 EquiriaMar-

358 956 381 984 ti
394 957 515 983 Romulus
528 957 606 985 dixit:
628 965 780 994 quanquam
796 959 822 985 ὅ(
837 956 971 991 Consualia
986 957 1107 984 Romulo
1121 956 1268 984 defendunt
1281 976 1289 987 ,
1309 956 1380 993 quod
1397 965 1427 983 ea
1441 956 1516 990 Conso
1528 955 1657 983 dicaverit
1671 956 1733 981 Deo
1747 976 1756 987 ‚
1781 964 1811 983 ut
1825 955 1934 989 volunt,

361 994 474 1023 consilii:
495 995 551 1031 ejus
564 993 678 1023 scilicet.
697 1004 751 1032 quo
763 1002 828 1023 tunc
843 995 999 1022 Sabinarum
1013 995 1150 1032 virginum
1164 995 1283 1031 rapinam
1304 994 1434 1022 militibus
1453 994 1503 1022 suis
1522 994 1549 1020 in
1571 993 1746 1020 matrimonia
1765 994 1938 1031 excogitavit.

358 1032 479 1060 Probum
494 1033 572 1069 plane
585 1033 723 1060 confilium
737 1053 745 1063 ,
772 1034 798 1061 &
812 1042 883 1061 nunc
902 1041 1008 1070 quoque
1019 1033 1088 1069 apud
1101 1033 1169 1071 ipsos
1185 1034 1324 1060 Romanos
1343 1032 1443 1068 justum
1464 1034 1491 1060 ὃς
1512 1031 1619 1060 licitum
1636 1051 1642 1061 ‚
1669 1040 1703 1058 ne
1719 1031 1834 1058 dixerim
1854 1041 1936 1068 penes

359 1071 467 1102 Deum,
489 1074 539 1099 &c.
560 1072 693 1098 Haetenus
708 1080 739 1098 ex
755 1071 845 1102 Festo,
867 1070 996 1107 Apulejo,
1017 1073 1044 1099 ὃ(
1058 1071 1224 1100 Tertulliano
1236 1071 1389 1101 Ravardus,
1410 1071 1456 1107 qui
1470 1070 1552 1098 etiam
1565 1069 1684 1097 affirmat
1696 1068 1768 1096 hunc
1781 1068 1936 1099 simulatum

360 1116 469 1145 raptum
484 1109 548 1136 nulli
561 1109 604 1136 alii
617 1109 744 1136 connubii
757 1108 931 1136 contrahendi
944 1109 1044 1140 modo,
1065 1117 1147 1145 quam
1158 1109 1182 1136 ei
1196 1109 1241 1144 qui
1254 1109 1297 1142 ufic
1311 1108 1406 1140 fiebat,
1427 1109 1581 1136 convenire.

401 1148 443 1173 De
456 1146 647 1182 conformatione
659 1147 777 1183 loquitur
790 1145 920 1184 Dionvfim
934 1147 961 1174 in
976 1146 1110 1178 Romulo,
1130 1147 1212 1174 sacras
1225 1147 1329 1182 nuptias
1341 1145 1455 1174 scribens
1469 1146 1588 1173 Farracia
1608 1144 1659 1172 effe
1678 1144 1748 1172 dieta
1760 1165 1768 1176 ‚
1796 1147 1869 1183 quod
1889 1157 1935 1176 eo.

363 1184 427 1211 dem
434 1184 507 1220 farre
519 1185 646 1220 ccnjuges
663 1184 844 1216 vesterenzur,
865 1193 918 1220 quo
931 1184 1013 1212 etiam
1028 1184 1150 1211 vietimas
1163 1183 1354 1220 respergerent.
1394 1185 1487 1221 Itaque
1502 1183 1623 1218 Ulpianus
1637 1182 1716 1210 titulo
1735 1192 1774 1210 xx.
1792 1184 1939 1214 Institutio-

360 1231 443 1249 num:
465 1226 556 1253 Farre,
576 1222 663 1258 inquit
674 1242 681 1253 ,
709 1222 856 1249 convenitur
872 1232 900 1248 in
919 1232 1024 1249 manum
1042 1221 1116 1249 certis
1133 1220 1213 1249 veron
1233 1221 1275 1254 (θ’
1294 1219 1395 1258 testibus
1414 1222 1497 1249 decem
1510 1219 1668 1256 praeftntibus
1682 1241 1689 1250 ‚
1709 1219 1750 1252 C?
1757 1221 1941 1257 Jblennifficri-

351 1258 414 1297 ficio
425 1259 512 1294 jiu‘i‘o,
532 1260 559 1286 in
578 1269 627 1298 quo
641 1259 715 1294 panis
735 1269 833 1298 quoque
845 1260 946 1296 jirrreus
964 1258 1110 1288 adhibetur.
1149 1261 1184 1287 Et
1198 1258 1265 1287 Plin.
1278 1259 1324 1286 lib.
1342 1262 1381 1288 18.
1399 1269 1456 1296 cap.
1470 1270 1496 1290 2.
1515 1261 1544 1285 In
1555 1256 1636 1293 fixeris
1654 1258 1718 1284 nihil
1734 1257 1868 1297 religiqfius
1886 1270 1941 1288 con-

351 1296 516 1332 Jinreationis
535 1296 630 1324 vinculo
649 1306 704 1324 erat
717 1319 726 1330 ‚
752 1308 865 1336 novaque
884 1306 962 1332 nupta
974 1297 1097 1334 farreum
1116 1296 1285 1334 praserebant.
1328 1299 1362 1326 Et
1376 1300 1486 1326 Tacitus
1503 1297 1571 1325 libro
1591 1295 1673 1324 tertio
1693 1296 1837 1325 Annalium
1851 1317 1860 1327 ,
1885 1309 1940 1325 con-

351 1334 703 1371 jlzrreandimonsuetudinem
725 1344 774 1363 aut
792 1334 906 1373 omissam
924 1356 931 1367 ‚
959 1344 1006 1363 aut
1025 1336 1094 1363 inter
1105 1345 1194 1371 paucos
1211 1343 1338 1363 retentam
1355 1336 1441 1374 juff-
1480 1336 1553 1364 Hinc
1569 1332 1727 1373 dfftrreatio
1745 1336 1814 1371 apud
1834 1337 1941 1366 Festum

361 1371 482 1410 diffolutio
509 1372 668 1400 matrimonii
691 1374 789 1401 dicitur
820 1373 1032 1402 confarreatione
1064 1374 1204 1402 contraisti.
1254 1375 1336 1410 Qod
1367 1383 1460 1402 autem
1493 1373 1600 1402 Boetius
1631 1371 1722 1400 scribit
1753 1372 1944 1403 confarreatio-

364 1420 429 1438 nem
455 1411 514 1438 solis
532 1411 704 1447 pontificibus
723 1411 873 1440 convenisse
886 1430 895 1440 ‚
922 1412 949 1439 id
968 1412 1003 1439 fic
1023 1413 1213 1448 interpretatur
1231 1412 1365 1439 Ravardus
1378 1433 1387 1445 ,
1414 1422 1472 1441 eam
1494 1421 1542 1449 per
1559 1410 1629 1440 solos
1647 1409 1787 1448 pontifices
1804 1413 1942 1449 peraetam

364 1448 446 1476 fuiffe.

407 1486 548 1521 Coemptio‚
570 1489 622 1519 ait,
642 1486 760 1519 Boetius,
782 1488 859 1515 certis
873 1486 1072 1516 solennitatibus
1086 1488 1274 1525 peragebatur:
1296 1491 1322 1517 ὃ(
1339 1487 1391 1516 sese
1403 1489 1431 1516 in
1442 1488 1570 1517 coemendo
1589 1489 1708 1516 invicem
1727 1489 1941 1526 interrogabant:

364 1526 405 1552 vir
419 1526 454 1552 ita
465 1545 471 1555 ‚
491 1534 524 1551 an
538 1525 584 1552 fibi
597 1526 693 1554 mulier
708 1525 907 1553 materfamilias
921 1526 972 1553 effe
986 1526 1081 1553 vellet?
1101 1526 1144 1553 illa
1158 1526 1348 1563 respondebat,
1368 1528 1439 1554 velle.
1467 1528 1539 1554 Item
1556 1525 1652 1554 mulier
1666 1526 1848 1563 interrogabat
1860 1538 1866 1554 :
1895 1530 1939 1556 An

367 1564 408 1590 vir
423 1562 469 1590 fibi
482 1562 671 1600 paterfamilias
684 1564 735 1591 effe
750 1563 845 1591 vellet?
867 1563 913 1590 Ille
926 1563 1100 1599 respondebat
1114 1584 1121 1595 ‚
1140 1565 1203 1591 velle
1217 1577 1225 1591 :
1246 1567 1334 1602 itaque
1348 1566 1445 1593 mulier
1457 1566 1484 1592 in
1498 1564 1547 1592 viri
1560 1564 1736 1592 conveniebat
1750 1573 1861 1591 manum
1874 1586 1882 1597 ,
1914 1568 1941 1594 ὃ(

365 1600 528 1628 vocabantur
542 1600 581 1628 hae
595 1602 683 1636 nuptia
690 1611 736 1636 per
747 1601 923 1636 coemptionem
938 1622 945 1633 ,
972 1604 997 1630 ἃ
1012 1610 1069 1630 erat
1084 1601 1180 1631 mulier
1192 1603 1384 1639 materfamilias
1396 1605 1455 1631 viro
1473 1603 1535 1630 loeo
1549 1603 1616 1630 filiae.
1653 1605 1718 1631 Haec
1734 1600 1835 1629 Boetius
1848 1614 1857 1629 .-
1883 1612 1942 1641 quae

367 1639 448 1666 etiam
463 1639 578 1666 totidem
593 1641 678 1668 verbis
691 1639 773 1668 refert
786 1644 858 1666 Serv.
874 1641 902 1667 in
914 1649 940 1675 4.
957 1641 1062 1668 AEneid.
1077 1643 1103 1669 &
1121 1651 1142 1668 1.
1156 1643 1283 1679 Georgic.
1321 1641 1508 1677 Coemptionem
1521 1649 1604 1677 porro
1625 1641 1788 1678 imaginariis
1808 1641 1943 1670 venditio-

366 1677 443 1704 nibus
458 1677 592 1713 pcraetam
608 1699 616 1710 ,
636 1686 666 1707 ut
679 1680 706 1707 &
718 1676 876 1712 adoptionem
890 1699 897 1707 ,
917 1678 1042 1705 credibile
1060 1679 1096 1706 est
1114 1689 1120 1705 ι
1146 1679 1174 1706 in
1187 1689 1270 1716 eaque
1283 1678 1403 1708 facienda
1414 1689 1544 1708 nummos
1562 1680 1663 1717 aliquot
1683 1680 1748 1706 dicis
1769 1677 1841 1707 causa
1860 1680 1943 1707 inter-

366 1715 473 1742 veniffe.
512 1716 543 1743 ld
556 1716 629 1743 enim
647 1717 675 1744 in
689 1715 745 1743 aliis
756 1725 864 1753 quoque
876 1715 1005 1753 legitimis
1018 1716 1119 1745 :retibus
1138 1717 1326 1746 observabatur
1340 1740 1347 1750 ,
1368 1719 1394 1746 in
1415 1718 1508 1756 quibus
1527 1717 1612 1754 specie
1631 1725 1708 1746 tenus
1727 1715 1942 1751 mancipationum

365 1753 480 1781 solennia
500 1753 706 1790 repraesentanda
724 1762 808 1781 erant.
849 1755 889 1782 Ad
911 1754 979 1782 hanc
1004 1754 1178 1783 contrahendi
1202 1757 1372 1784 matrimonii
1396 1758 1528 1784 rationem
1553 1756 1671 1793 pertinet
1685 1775 1692 1786 ,
1724 1755 1797 1792 quod
1823 1764 1855 1783 ex
1875 1759 1944 1784 Var-

365 1801 431 1819 rone
446 1792 546 1819 Nom‘us
562 1793 697 1820 Marcellus
712 1792 794 1821 refert
807 1792 847 1820 his
862 1792 948 1820 verbis
962 1804 968 1820 2
990 1794 1083 1821 Veteri
1097 1795 1288 1822 Romanorum
1302 1795 1361 1833 lege
1373 1794 1502 1823 nubentes
1516 1795 1640 1822 mulieres
1655 1791 1716 1830 affe:
1733 1802 1784 1819 tres
1804 1793 1836 1820 ad
1851 1795 1942 1822 virum

368 1831 507 1857 venientes
518 1830 588 1866 serre
600 1829 716 1859 solebant
731 1842 736 1858 :
756 1838 834 1868 atque
848 1840 932 1858 unum
947 1832 1056 1868 quidem
1071 1852 1080 1864 ‚
1099 1841 1181 1869 quem
1197 1834 1224 1860 in
1237 1843 1319 1862 manu
1333 1833 1459 1861 tenebant
1473 1853 1480 1864 ‚
1501 1840 1629 1869 tanquam
1643 1831 1752 1858 emendi
1765 1831 1855 1864 causa,
1882 1841 1941 1861 ma·-

370 1869 424 1895 1‘ito
437 1870 514 1895 dare:
535 1867 616 1895 alium
629 1889 636 1900 ‚
659 1879 741 1906 quem
756 1870 783 1896 in
798 1870 866 1905 pede
881 1868 1028 1902 habebant,
1041 1869 1068 1896 in
1074 1870 1128 1906 foco
1145 1873 1252 1898 Larium
1266 1871 1436 1900 familiarium
1449 1879 1549 1908 ponere
1562 1881 1567 1897 :
1595 1870 1705 1898 tertium
1728 1870 1756 1896 in
1767 1870 1941 1904 fizcciperione,

366 1915 429 1933 cum
444 1907 633 1938 condidissent,
656 1908 780 1944 compito
793 1907 1025 1939 vicinalidonare,
1047 1910 1280 1945 quemadmodum
1294 1909 1379 1948 Justm
1390 1908 1486 1948 Lipfius
1497 1909 1542 1937 lib.
1548 1920 1574 1946 5.
1593 1909 1763 1944 antiquarum
1782 1908 1940 1941 lestionum,

370 1953 478 1980 capzz.
492 1945 659 1978 emendavit,
681 1953 726 1974 aut
744 1946 836 1982 (quod
852 1945 978 1973 Palmerio
992 1946 1020 1974 in
1035 1947 1178 1985 Spicilegiis
1194 1947 1298 1984 placet)
1318 1958 1441 1978 retonare
1453 1969 1460 1980 ,
1479 1947 1530 1975 hoc
1542 1947 1577 1975 est
1592 1967 1599 1978 ‚
1620 1945 1704 1974 soluta
1723 1956 1792 1974 zona
1804 1956 1942 1983 promere.

368 1983 453 2018 Hujus
465 1991 556 2011 autem
571 1983 648 2011 modi
661 1984 790 2012 meminit
802 1985 885 2012 etiam
899 1982 988 2010 Cicero
999 1994 1050 2021 pro
1065 1987 1195 2013 Muraena:
1218 1987 1345 2015 Putarunt
1360 2008 1368 2019 ,
1388 1987 1488 2024 inquit,
1508 1984 1690 2023 jurisconsulti
1704 2005 1712 2017 ‚
1731 1994 1828 2013 omnes
1847 1986 1941 2013 mulie-

370 2029 425 2051 res,
444 2029 501 2056 quae
513 2020 686 2056 coemptionem
700 2022 833 2055 facerent,
853 2023 927 2057 Cajas
942 2024 1046 2054 vocari,
1067 2026 1094 2051 ὃς
1109 2025 1137 2052 in
1154 2035 1177 2051 2.
1191 2025 1224 2052 de
1237 2020 1362 2053 Oratore:
1385 2025 1539 2052 Mirandum
1553 2033 1608 2051 non
1623 2024 1674 2057 est,
1695 2024 1740 2061 qui
1747 2023 1840 2060 quibus
1852 2024 1942 2053 verbis

369 2066 482 2091 coemptio
497 2059 540 2086 fiat
553 2080 560 2091 ‚
586 2059 684 2088 nesciat
697 2081 703 2092 ‚
733 2061 848 2088 eundem
863 2061 920 2096 ejus
933 2060 1053 2089 mulieris
1066 2082 1072 2092 ,
1099 2072 1157 2100 quae
1168 2062 1343 2097 coemptionem
1355 2063 1447 2091 fecerit
1459 2083 1466 2094 ,
1493 2063 1597 2091 caulam
1617 2061 1690 2098 poffe
1709 2062 1859 2091 defendere.
1900 2063 1941 2090 Ex

370 2093 421 2122 hoc
435 2104 500 2136 ergo
514 2097 592 2124 fiebat
603 2118 610 2129 ‚
637 2106 666 2126 ut
681 2099 778 2126 mulier
792 2100 819 2126 in
839 2108 922 2126 manu
936 2119 943 2130 ‚
976 2101 1164 2138 mancipioque
1179 2102 1269 2129 mariti
1284 2102 1347 2129 effet
1358 2122 1366 2133 ,
1392 2101 1488 2138 suaque
1500 2102 1538 2129 illi
1557 2101 1638 2128 haexes
1657 2100 1742 2130 fieret.
1780 2101 1831 2129 Vir
1848 2109 1939 2130 autem

370 2141 425 2159 non
437 2142 464 2159 in
479 2143 558 2161 manu
573 2155 580 2165 ‚
607 2136 634 2163 id
650 2137 687 2163 est
700 2157 707 2168 ,
733 2138 863 2173 potestate
877 2138 967 2164 uxoris
980 2146 1036 2166 erat
1049 2158 1057 2170 ‚
1082 2138 1125 2167 sed
1140 2139 1211 2176 quod
1224 2143 1346 2173 coemptus
1361 2147 1416 2168 erat
1430 2160 1438 2171 ‚
1463 2140 1489 2167 id
1504 2141 1528 2167 ei
1543 2139 1579 2166 sui
1602 2139 1711 2166 haeredis
1729 2139 1771 2176 jus
1789 2139 1935 2168 tribuebat:

369 2178 419 2206 qua
434 2171 467 2197 de
480 2181 509 2197 re
521 2171 637 2213 pluribus
652 2176 753 2203 erudite
766 2174 898 2212 disputant
913 2176 1045 2203 Barnabas
1059 2176 1195 2216 Brissonius
1211 2177 1256 2206 lib.
1271 2177 1393 2215 iingulari
1407 2178 1441 2204 de
1454 2179 1508 2205 ritu
1522 2178 1675 2214 nuptiarum
1687 2198 1694 2208 ,
1722 2175 1825 2209 Iacobus
1835 2181 1936 2204 Ratiar-

365 2209 430 2273 ἑίξιπ,
452 2210 477 2235 ἃ
492 2208 544 2236 alu·
584 2211 623 2238 Ac
636 2212 669 2239 de
680 2222 787 2241 uxorum
802 2214 911 2252 quidem
919 2213 1053 2252 generibus
1066 2225 1096 2244 ac
1109 2215 1264 2244 differentiis
1277 2215 1345 2245 sans.
1383 2219 1446 2254 Jam
1459 2218 1574 2254 reliquos
1586 2214 1733 2251 nuptiarum
1746 2214 1812 2245 ritus
1823 2214 1935 2251 explica-

386 2256 462 2274 imus.

404 2285 526 2313 Primum
540 2293 606 2322 ergo
625 2286 712 2320 nuptia
724 2298 780 2317 non
792 2290 840 2318 nifi
852 2290 958 2325 captatis
971 2293 1043 2329 prius
1055 2291 1169 2331 auguriis
1183 2292 1288 2321 fiebant.
1325 2292 1412 2331 lisque
1431 2293 1558 2322 faciendis
1578 2293 1684 2329 auspices
1701 2291 1766 2320 olim
1782 2291 1935 2328 interpone-

364 2322 477 2354 bantur,
496 2330 525 2349 ut
538 2325 591 2350 Val.
601 2328 680 2365 filim.
695 2325 739 2352 lib.
756 2337 780 2368 a.
792 2337 847 2364 cap.
866 2337 887 2356 ι.
906 2329 950 2357 ubi
964 2331 1072 2368 antiqua
1087 2331 1205 2360 instituta
1224 2330 1389 2368 persequitur
1401 2353 1409 2363 ,
1431 2333 1511 2360 tradit
1526 2333 1565 2361 his
1580 2332 1666 2360 verbis
1679 2341 1685 2358 2
1711 2330 1789 2367 Apud
1802 2330 1934 2367 Antiquos

364 2370 420 2389 non
433 2361 519 2390 splum
532 2359 651 2398 Putht‘r,
671 2361 716 2390 std
731 2371 810 2392 etlam
826 2368 955 2402 privatim
968 2369 1033 2397 nihil
1045 2368 1202 2406 gerebatur,
1222 2367 1271 2407 mfi
1281 2370 1384 2406 auspicio
1395 2371 1468 2407 prius
1479 2370 1587 2408 sumpto
1602 2380 1608 2398 :
1633 2377 1688 2407 quo
1701 2377 1734 2398 ex
1746 2376 1824 2396 more
1834 2370 1935 2405 nuptiis

1840 2407 1932 2435 etiam-
