2075 2734
412 122 467 159 5542
682 112 1722 148 lurimvirnrumR'oMANAnuMhiffivnss

958 181 1024 216 lV.
1050 181 1167 227 Rogum
1180 178 1261 225 asela
1277 190 1315 214 ne
1327 180 1433 227 polito.

450 243 577 273 solebant
589 242 708 271 Romani
722 242 809 271 nimio
820 241 938 280 quodam
955 241 1035 273 fastu,
1055 242 1193 279 nimioque
1208 240 1316 278 sumptu
1333 250 1462 270 exornare
1468 240 1597 275 sepulchra
1608 252 1625 268 .·-
1636 241 1663 270 id
1678 240 1734 271 haec
1747 241 1789 272 lex
1802 244 1942 280 prohibet,
1962 238 1999 279 &-

412 283 489 320 jubet
505 282 520 311 ὲ
534 282 641 311 rudibus
657 303 664 314 ‚
691 281 860 318 &impolitis
872 281 950 319 lignis
965 289 1060 317 pyram
1075 280 1183 308 confici.
1221 278 1325 312 ,Iambus
1338 280 1478 307 Raevardus
1489 279 1554 308 istud
1569 287 1662 316 caput,
1683 282 1756 318 quod
1771 283 1856 311 modo
1869 287 1993 316 recitavi-

415 331 476 350 nius
492 342 499 353 ,
520 324 582 350 Hoc
604 330 670 348 ruis
693 330 729 349 NE
749 330 858 348 FAcl'ro
875 341 882 352 ‚
902 329 966 348 cum
980 319 1032 347 hoc
1045 319 1189 356 conjungit
1206 317 1240 345 fic
1255 317 1362 354 legens:
1384 320 1429 346 NE
1450 328 1496 345 ivm
1510 329 1557 345 ιτο
1578 327 1677 347 uocum
1701 330 1782 347 asem
1796 341 1803 352 ,
1824 332 1859 349 NE
1880 332 1992 354 potito.

415 360 519 387 Priores
527 365 616 386 autem
625 358 688 387 duas
696 368 774 387 voces
783 368 790 385 :
800 358 926 393 Hocplus,
933 367 987 387 non
994 357 1203 389 decemvirorum,
1213 355 1256 384 sed
1265 359 1287 382 C
1287 355 1388 383 neronis
1400 356 1450 383 ess'e
1458 376 1464 386 ,
1472 355 1559 393 sicque
1567 356 1750 395 intelligendas
1758 358 1809 385 effe
1823 368 1830 385 z
1841 360 1878 387 Ea
1886 369 1943 397 quae
1949 363 1994 392 ha-

415 398 507 424 &tenus
514 396 595 424 Cicero
603 406 634 423 ex
644 406 675 424 xr
686 396 807 425 ¹.tabulis
815 396 848 424 de
856 396 990 425 funeribus
999 395 1150 423 recitaverit
1157 416 1165 428 ,
1179 396 1272 422 omnia
1287 394 1300 421 ὲ
1309 394 1393 420 Solone
1400 394 1538 431 delumpta
1551 395 1614 422 effe:
1631 395 1718 433 legem
1728 403 1817 423 autem
1825 407 1841 424 x
1848 407 1857 424 ι
1867 408 1888 426 ι.
1896 398 1995 428 tabula-

414 444 471 462 rum
478 435 535 471 plus
543 434 702 462 constituisse
710 445 751 466 eo,
760 435 831 472 quod
840 436 866 462 in
875 434 978 462 Solonis
986 433 1087 471 legibus
1095 434 1255 463 continetur,
1264 433 1395 463 videlzcet,
1403 435 1440 458 Ne
1448 431 1599 470 quissaceret
1606 443 1692 472 rogum
1700 435 1771 467 qseia,
1780 435 1920 469 neapolim,
1930 437 1992 470 &a

403 478 406 482 ’
454 472 583 511 Regum]
605 476 686 509 Rogas
701 474 829 511 fignificat
839 472 938 511 struem
950 472 1073 511 lignorum
1085 492 1092 503 ,
1112 471 1211 499 factam
1224 472 1255 500 ad
1271 471 1413 500 cremanda
1431 471 1556 498 cadavera
1571 492 1580 503 ,
1600 471 1634 500 sic
1648 472 1732 500 diclus
1745 473 1758 500 ὲ
1772 473 1879 510 rogando
1891 493 1898 503 ,
1920 477 1999 514 quod-

413 512 441 539 in
455 521 490 538 eo
506 519 597 539 manes
609 513 697 548 rogari
712 511 834 540 solerent.

456 548 563 585 Astia.]
603 549 674 583 Ascra
685 550 821 578 fabrorum
837 550 1051 578 materiariorum
1064 547 1168 577 dolabra
1178 549 1226 579 est,
1247 556 1298 586 qua
1316 548 1348 576 ad
1361 547 1450 585 aspera
1470 545 1541 585 ligna
1560 547 1684 586 polienda
1701 556 1825 584 utuntur,
1846 550 1878 579 ab
1893 552 1993 583 abscins

414 588 505 616 dendo
518 588 599 615 dieta:
621 597 662 615 em
674 589 727 616 dun
740 587 812 620 beill,
829 587 906 615 breite
919 597 980 616 axt,
999 588 1055 615 oder
1067 587 1247 615 gimmer-nxt.

454 627 582 663 Sumptus
595 626 677 663 igitur
689 626 861 663 supervacuos
876 628 902 655 ὅς
917 626 1022 654 inutiles
1036 625 1049 653 ἐι
1063 625 1197 654 funeribus
1211 625 1253 653 lex
1267 633 1402 655 removet.

641 679 680 711 V.
709 678 866 711 Mulieres
879 690 978 727 genas
991 690 1027 711 ne
1042 677 1192 712 radunto:
1218 689 1294 710 neve
1309 678 1409 724 leffum
1422 677 1542 724 funeris
1556 690 1624 727 ergo
1637 677 1773 713 habento.

457 734 492 763 Et
507 733 562 761 haec
575 733 618 761 lex
633 732 739 760 &solone
755 734 892 772 desumpta
906 735 951 766 est,
966 744 1047 772 quem
1057 733 1206 761 Plutarchus
1218 732 1308 761 scribit
1322 733 1484 770 prohibuisse
1496 756 1503 767 ‚
1523 736 1550 763 in
1565 734 1700 763 funeribus
1713 744 1808 772 corpus
1820 735 1916 764 laniare
1931 758 1938 769 ‚
1958 736 1994 766 Ia;

414 773 669 809 mentationemque
683 774 841 800 meditatam
854 773 940 801 edere.
953 772 1058 800 Servius
1072 773 1099 800 in
1114 772 1177 799 illud
1187 772 1314 800 AEneidos
1326 781 1358 800 xi
1368 782 1389 799 1.
1412 777 1445 800 Et
1458 775 1535 808 roftas
1545 772 1645 801 laniata
1652 783 1743 811 genas,
1759 775 1794 802 fic
1808 773 1911 803 scribit:
1933 777 1995 803 Μο-

417 812 454 838 ris
467 810 552 838 fuerat
568 831 574 841 ,
595 818 624 837 ut
638 818 699 838 ante
712 820 792 848 rogos
805 810 936 839 humanus
950 810 1050 848 sanguis
1064 810 1268 848 effunderetur-5,
1289 810 1330 837 vel
1344 812 1513 847 caprivorum
1528 833 1535 843 ,
1555 812 1596 839 vel
1616 811 1794 850 gladiatorum
1808 821 1817 841 z
1839 821 1955 850 quorum
1974 813 1994 841 fi

417 848 489 876 forte
503 849 580 885 copia
594 858 649 875 non
664 848 764 880 fuisset,
786 849 911 877 laniantes
924 858 1005 886 genas
1019 849 1094 876 suum
1108 847 1279 876 effundebant
1291 858 1429 880 cruorem,
1443 858 1474 878 ut
1488 851 1558 887 rogis
1574 849 1618 877 illa
1629 852 1722 887 imago
1735 852 1921 880 restitueretur.
1940 853 1998 879 Ta-

413 895 481 913 mcn
496 887 647 917 iciendum,
668 894 776 914 cautum
790 887 848 923 lege
866 898 897 915 xi
908 886 1098 919 umbularum,
1119 896 1153 914 ne
1167 886 1291 913 mulieres
1305 896 1443 922 carperent
1463 887 1559 915 faciem
1576 887 1616 915 his
1631 889 1718 916 verbis
1732 900 1737 916 :
1757 887 1853 916 Mulier
1856 889 1954 924 faciem
1963 899 1999 916 ne-

412 922 514 958 carpito.
534 927 599 952 Haec
610 923 724 951 servius.
746 925 799 952 Ubi
810 932 901 951 tamen
915 924 995 952 verba
1009 925 1072 961 legis
1088 923 1214 951 mendose
1229 924 1381 952 recitantur.
1403 927 1470 952 Non
1487 926 1560 953 enim
1569 924 1671 961 faciem,
1686 926 1729 954 scd
1741 936 1833 963 genas:
1853 936 1904 954 nec
1919 925 1997 960 caspi-

414 969 440 989 το
451 982 457 990 ,
478 961 521 989 sed
537 962 624 990 radito
636 982 643 993 ‚
665 963 706 990 vel
720 963 833 990 radunto
848 983 854 994 ‚
875 971 990 990 numero
1003 962 1118 998 plurium
1135 981 1142 992 ‚
1162 962 1189 987 in
1203 961 1304 998 legibus
1316 961 1393 990 fuiss‘e
1404 962 1532 1000 scriptum
1546 964 1645 992 docent
1657 963 1756 991 Plinius
1768 967 1795 993 ὅς
1807 962 1891 1000 Festus
1902 976 1910 990 :
1929 974 1997 1001 quo.

415 1008 476 1027 rum
492 1000 536 1028 hic
547 1000 583 1029 ita
595 1001 643 1028 ait:
664 1000 763 1028 Radere
774 1010 815 1038 g..
824 1021 831 1027 .
886 1021 905 1028 ..
920 1001 978 1037 lege
992 1010 1024 1028 ex
1036 1009 1067 1027 xi
1077 1010 1101 1028 1.
1119 998 1147 1027 id
1160 999 1197 1027 est
1211 1019 1218 1030 ‚
1242 998 1376 1035 unguibus
1389 1010 1395 1026 ι
1420 1003 1461 1029 uti
1473 1002 1642 1038 interpretari
1654 1001 1739 1037 Festus
1750 1001 1860 1030 voluisse
1874 1002 1996 1036 videtur,

412 1038 479 1076 quid
492 1038 523 1066 fit
536 1038 625 1065 radere
631 1048 724 1076 genas:
745 1038 869 1067 videlicet
883 1038 1015 1076 unguibus
1028 1047 1069 1065 eas
1082 1043 1235 1068 cruentare,
1255 1039 1282 1065 ὃς
1295 1036 1423 1065 scindere.
1465 1038 1563 1065 Plinius
1572 1047 1662 1067 autem
1677 1040 1721 1068 lib.
1732 1051 1743 1068 1
1752 1050 1772 1068 ι.
1786 1049 1843 1076 cap.
1853 1050 1895 1077 37.
1918 1041 1996 1070 Malae

411 1076 520 1104 homini
533 1083 639 1105 tantum
653 1097 660 1108 ,
681 1087 745 1114 quas
758 1077 834 1113 prisci
847 1086 926 1114 genas
944 1076 1075 1104 vocabant
1089 1097 1095 1107 ,
1116 1075 1261 1103 duodecim
1276 1074 1424 1104 tabularum
1440 1077 1585 1105 interdisto
1599 1098 1608 1109 ,
1629 1078 1684 1105 radi
1698 1077 1713 1105 ἐι
1728 1078 1848 1106 foeminis
1862 1087 1912 1106 eas.
1952 1080 2000 1107 Sic.

413 1115 489 1142 enim
502 1114 567 1152 legit
579 1113 676 1152 Justus
689 1114 782 1154 Lspfius
796 1116 823 1142 in
837 1114 1032 1152 Qiaestionibus
1044 1114 1202 1151 Epistolicis.
1242 1114 1401 1151 Qanquam
1416 1123 1507 1144 autem
1522 1116 1638 1143 vetitum
1654 1115 1680 1143 id
1700 1116 1764 1143 effet
1777 1116 1836 1154 lege
1850 1117 1995 1145 duodecim

411 1152 580 1181 tabularum:
598 1161 689 1181 tamen
704 1153 804 1181 factum
819 1153 894 1181 fuisse
905 1154 987 1182 etiam
1005 1151 1123 1180 Varronis
1136 1151 1303 1189 temporibus
1315 1173 1321 1184 ‚
1343 1153 1422 1181 docet
1436 1162 1469 1180 ex
1484 1154 1614 1181 Servianis
1626 1152 1727 1181 schedis
1746 1152 1869 1190 Josephus
1882 1155 1993 1192 Scaltger

412 1191 444 1219 in
458 1191 508 1219 suis
521 1192 553 1219 ad
570 1189 668 1227 Festum
682 1191 895 1229 castigationibus
910 1212 916 1223 ‚
936 1191 982 1220 ubi
996 1201 1060 1219 eum
1073 1190 1108 1218 fic
1120 1189 1281 1218 scribentem
1296 1191 1404 1218 adducit
1415 1190 1517 1218 Servius
1530 1192 1558 1218 in
1572 1191 1672 1219 schedis
1685 1201 1692 1218 ε
1711 1195 1787 1219 Varro
1800 1193 1866 1220 dicit
1879 1193 1998 1220 mulieres

414 1229 443 1256 in
458 1231 577 1266 exequiis
591 1232 616 1257 ὃς
633 1230 705 1256 iaetu
719 1231 781 1257 ideo
794 1229 880 1258 solitas
892 1240 935 1257 ora
948 1229 1072 1261 lacerare,
1096 1237 1124 1257 ut
1137 1228 1262 1265 sanguine
1274 1228 1378 1256 ostenso
1393 1228 1485 1255 inferis
1496 1228 1662 1257 satisfaciant.
1684 1229 1760 1257 Male
1770 1230 1838 1258 hanc
1851 1230 1939 1267 legem
1952 1241 1996 1259 ac-

413 1268 486 1303 cepit
499 1267 628 1294 Adrianus
641 1267 734 1300 sanim
747 1289 755 1299 ,
775 1270 820 1306 qui
834 1269 861 1296 in
876 1268 1075 1296 commentario
1093 1267 1139 1295 suo
1152 1266 1183 1293 de
1197 1268 1292 1295 Coma.
1313 1267 1399 1302 capite
1413 1265 1527 1294 secundo
1543 1265 1632 1294 scribit
1646 1287 1653 1298 ‚
1674 1276 1724 1294 xri
1735 1267 1899 1296 ‚tabularum
1914 1269 1996 1297 inter-

410 1305 487 1333 dieto
499 1313 607 1334 cautum
623 1304 697 1333 fuisse
710 1318 717 1337 ς
739 1316 773 1334 ne
785 1306 909 1334 mulieres
920 1315 1001 1343 genas
1014 1307 1138 1334 raderent
1151 1325 1158 1336 ,
1180 1312 1209 1332 ut
1223 1314 1257 1332 ne
1269 1305 1374 1333 diutino
1386 1305 1497 1333 radendi
1510 1304 1556 1332 usu
1568 1304 1789 1334 succrescentibus
1802 1306 1861 1343 pilis
1875 1306 1889 1334 ὲ
1900 1314 1994 1337 natura

410 1353 470 1372 «non
484 1344 566 1375 datis,
586 1343 632 1371 sub
646 1346 778 1373 ementito
791 1345 873 1373 virilis
884 1346 939 1372 oris
952 1345 1055 1373 honore
1069 1343 1199 1372 fallerent-

453 1385 523 1409 Neue
535 1380 730 1419 leffumsunerie
740 1393 797 1420 ergo
809 1382 920 1410 habento.
933 1383 946 1418 ]
985 1386 1069 1409 Clcero
1081 1382 1126 1410 lib.
1136 1392 1159 1408 2.
1174 1381 1208 1408 de
1223 1381 1337 1418 Legibus
1350 1381 1446 1411 author
1460 1382 1496 1410 est
1510 1403 1517 1415 ,
1545 1389 1646 1411 veteres
1660 1393 1692 1411 XI
1701 1392 1721 1411 1.
1744 1382 1893 1412 tabularum
1913 1386 1996 1414 inter-

417 1427 505 1456 pretes
526 1441 534 1452 ,
571 1424 630 1446 Sex.
664 1420 758 1448 AElium
778 1440 786 1450 ‚
824 1425 857 1448 L.
891 1420 1006 1448 Artltum
1027 1441 1034 1451 ,
1073 1430 1128 1447 non
1155 1420 1214 1446 latis
1246 1419 1272 1446 ic
1299 1420 1445 1458 intelligere
1475 1421 1566 1448 dixiffie
1587 1441 1595 1452 ,
1635 1421 1698 1458 quid
1727 1421 1790 1449 effet
1815 1422 1886 1459 leffn
1906 1433 1914 1450 :
1951 1424 1996 1452 sed

416 1458 558 1494 suspicari,
589 1457 729 1495 vestimenti
744 1469 825 1495 genus
846 1459 952 1495 aliquod
977 1458 1092 1486 funebris
1113 1457 1196 1484 fuisse.
1236 1461 1266 1484 L.
1286 1457 1379 1485 AElium
1394 1479 1401 1490 ,
1426 1457 1514 1495 lefficm
1537 1459 1606 1494 quali
1630 1457 1759 1495 lugubrem
1777 1460 1937 1493 &alarionem
1957 1461 1998 1489 di-

417 1497 489 1522 etam
505 1496 570 1526 esse,
590 1503 620 1522 ut
635 1506 687 1523 vox
702 1496 755 1532 ipsa
769 1496 912 1533 fignificat:
933 1505 1012 1532 quarn
1028 1496 1086 1522 AElii
1100 1495 1259 1523 sententiam
1274 1493 1300 1522 fi:
1313 1495 1426 1530 probare
1441 1499 1467 1523 δ’.
1481 1505 1570 1522 veram
1589 1496 1639 1522 css'e
1651 1497 1780 1531 judicare.
1812 1501 1896 1524 thero
1907 1499 1994 1527 addit:

415 1542 479 1561 cum
493 1534 567 1560 idem
580 1533 675 1558 Solomsss
687 1534 770 1560 etiam
781 1534 823 1560 lex
838 1541 919 1560 vetet.
960 1533 1087 1570 Respexit
1098 1533 1130 1559 ad
1144 1532 1210 1559 hanc
1224 1531 1310 1568 legem
1326 1533 1398 1560 idem
1413 1534 1494 1561 etiam
1509 1534 1536 1559 in
1550 1532 1703 1561 Tusculanis
1714 1534 1910 1570 quaestionibus,
1931 1545 1997 1563 cum

418 1571 454 1598 fic
467 1569 570 1598 scribit:
591 1571 641 1597 Sed
656 1570 708 1598 hoc
725 1571 834 1607 quidem
849 1571 876 1598 in
889 1570 982 1598 dolore
996 1572 1116 1598 maxime
1135 1570 1171 1597 est
1188 1571 1384 1605 providendum
1400 1590 1407 1599 ,
1428 1580 1461 1598 ne
1473 1571 1536 1606 quid
1551 1570 1655 1606 abjeete
1669 1591 1675 1600 ,
1696 1580 1729 1597 ne
1742 1572 1805 1606 quid
1821 1573 1936 1604 timide,
1962 1583 1998 1602 ue

415 1609 480 1645 quid
495 1610 603 1646 ignave,
623 1617 658 1636 ne
672 1608 735 1645 quid
750 1607 893 1639 serviliter,
914 1608 1112 1636 muliebriterve
1129 1608 1266 1635 faciamus.
1286 1608 1475 1644 Imprimisque
1488 1607 1621 1635 refutetur
1633 1628 1640 1639 ‚
1661 1617 1691 1635 ac
1706 1608 1841 1643 rejiciatur
1854 1609 1998 1639 Philoc‘leth·

414 1647 457 1673 ille
475 1646 577 1673 clamor.
617 1646 798 1684 ingemiscere
810 1656 1003 1684 nonnunquam
1021 1647 1080 1674 viro
1094 1645 1245 1674 concessum
1259 1645 1310 1675 est,
1331 1646 1411 1682 idque
1425 1655 1500 1672 raro:
1519 1644 1629 1680 ejulatus
1643 1655 1677 1673 ne
1692 1646 1798 1673 mulieri
1817 1648 1937 1684 quidem.
1963 1650 1998 1678 Et

415 1685 459 1713 hic
477 1685 607 1712 nimirum
623 1685 659 1711 est
672 1684 751 1712 fletus
764 1705 773 1716 ‚
794 1694 875 1722 quem
891 1695 922 1712 xi
933 1696 952 1712 1.
967 1684 1060 1712 tabulae
1075 1686 1101 1712 in
1119 1683 1254 1710 funeribus
1268 1682 1386 1711 adhiberi
1407 1692 1557 1712 vetuerunt.
1597 1684 1732 1712 Hadienus
1748 1684 1799 1712 ille.
1840 1687 1936 1714 Monet
1949 1691 1998 1719 Ju.

415 1723 466 1755 stur
478 1720 574 1760 Lipsius
588 1724 616 1750 in
630 1722 823 1758 Qaestionibus
838 1722 997 1759 Epssiolicis,
1017 1731 1120 1751 veteres
1132 1721 1224 1757 lostam,
1246 1723 1273 1749 δε
1286 1720 1398 1756 lauficm,
1418 1722 1495 1756 leficm
1509 1741 1517 1751 ,
1535 1730 1566 1749 ac
1578 1720 1665 1758 lefficm
1677 1742 1687 1754 ,
1708 1732 1759 1751 uua
1773 1725 1799 1752 ὅ(
1813 1725 1908 1752 eadem
1918 1725 1996 1763 figni-

419 1761 545 1789 ficatione
559 1761 660 1788 dixiffe.

460 1798 534 1825 Plato
548 1807 637 1826 autem
651 1798 697 1826 lib.
709 1808 750 1827 12.
763 1799 796 1827 de
811 1800 937 1837 Legibus:
960 1799 1025 1827 Fleri
1045 1799 1169 1836 (inquit)
1192 1804 1332 1826 mortuum
1343 1798 1436 1834 jubere
1449 1803 1495 1826 aut
1508 1803 1599 1826 vetare
1610 1818 1620 1830 ,
1640 1797 1783 1826 absurdum
1804 1799 1841 1827 est
1854 1811 1860 1827 2
1875 1801 1993 1840 plangere

409 1847 499 1869 ,νει-ο,
520 1839 546 1865 ὃς
559 1846 640 1865 voces
652 1847 683 1865 ac
697 1837 815 1865 lamenta
829 1847 903 1866 extra
918 1839 986 1866 aedcs
1003 1838 1112 1866 mittere
1122 1857 1129 1869 ,
1151 1837 1306 1866 vetantium,

523 1890 584 1924 VJ.
610 1891 746 1923 Homini
761 1899 876 1924 mortuo
895 1903 932 1924 ne
948 1891 1002 1935 offa
1016 1891 1106 1939 legito
1117 1916 1126 1931 ‚
1153 1902 1208 1936 quo
1220 1889 1281 1938 post
1291 1890 1390 1935 funus
1404 1889 1467 1937 fiat
1485 1901 1495 1923 :
1521 1898 1610 1924 extra
1623 1901 1716 1936 quam
1724 1890 1754 1937 fi
1768 1892 1891 1926 militia.

994 1949 1049 1972 aut
1067 1949 1192 1987 peregre
1212 1947 1345 1973 mortuus
1361 1941 1414 1986 fit.
1545 1962 1548 1963 ν

456 2003 536 2032 Extat
548 2002 617 2039 apud
630 2000 771 2030 Ciceronem
784 2000 830 2030 lib.
839 2012 862 2029 2.
876 2002 910 2030 de
918 2001 1045 2038 Legibus:
1066 2001 1147 2038 Legis
1159 2000 1286 2028 sententia
1298 2000 1352 2029 haec
1363 2001 1415 2033 est,
1435 2001 1641 2038 utposteaquam
1654 2007 1805 2030 crematum
1819 2011 1915 2040 corpus
1926 2006 1998 2040 effen

421 2041 471 2067 offa
485 2041 498 2068 ἐ
512 2040 632 2068 cineribus
645 2040 780 2078 legantur,
801 2041 944 2078 statimque
957 2040 1018 2067 loco
1038 2041 1166 2075 proximo
1181 2041 1208 2067 in
1222 2047 1321 2068 terram
1336 2040 1484 2069 condantur
1497 2060 1507 2072 ,
1532 2049 1566 2067 ne
1579 2039 1597 2066 ii
1611 2039 1693 2067 alium
1708 2040 1736 2067 in
1751 2039 1842 2070 locum
1855 2042 1998 2080 sepeliendi

418 2077 490 2105 causa
502 2080 722 2114 deportarentur,
743 2079 827 2107 ludius
841 2079 1019 2116 duplicaretur
1034 2080 1059 2106 ὃ(
1075 2077 1202 2114 sumptus.

458 2115 594 2151 Excipitur
608 2126 698 2145 autem
712 2116 762 2146 hac
775 2117 834 2155 lege
843 2138 849 2149 ‚
868 2118 887 2145 fi
901 2117 960 2155 quis
971 2123 1016 2144 aut
1030 2117 1059 2143 in
1076 2117 1183 2149 militia,
1205 2123 1252 2145 aut
1266 2125 1377 2155 peregre
1387 2117 1418 2146 fit
1432 2125 1568 2150 mortuus,
1589 2118 1741 2146 ubiscilicet
1752 2116 1832 2147 funus
1844 2120 1995 2149 eifierinon

415 2151 532 2180 licuerit:
552 2161 610 2181 tum
625 2157 697 2183 enim
710 2165 797 2193 neque
811 2155 911 2188 luctus,
931 2164 1017 2193 neque
1029 2153 1150 2192 sumptus
1163 2162 1281 2192 augetur.
1302 2156 1394 2193 Itaque
1408 2157 1434 2185 ὅ(
1448 2156 1475 2184 in
1489 2157 1625 2185 l’nndeffls
1637 2158 1659 2186 is
1681 2156 1801 2194 sumptus
1816 2157 1915 2187 funeris
1929 2168 1993 2196 pro·

418 2188 510 2222 batur,
531 2199 594 2218 cum
609 2201 717 2230 peregre
730 2201 853 2222 mortuus
866 2196 894 2222 in
912 2193 987 2223 suum
1002 2192 1165 2222 transfertur.

445 2227 544 2269 ‘Aliter
557 2236 648 2257 tamen
662 2241 721 2259 earn
737 2233 940 2269 interpretatur,
960 2234 987 2260 δε
996 2232 1082 2260 verius
1095 2233 1206 2269 quidem
1215 2253 1223 2266 ‚
1238 2232 1339 2266 Iacobus
1350 2233 1500 2265 Rwardm,
1521 2233 1647 2272 [Δίς-[ι’.
1658 2232 1902 2270 14·§-impenfiv.&'
1915 2233 1933 2261 l.
1943 2233 1995 2263 Di-

418 2276 448 2293 m
454 2266 553 2302 fratres
570 2276 612 2303 39.
620 2266 693 2304 ffde
707 2269 775 2306 relig.
790 2271 831 2303 ἐς
837 2272 934 2306 ficmpt.
943 2270 1026 2308 sum]
1048 2279 1109 2298 cum
1123 2271 1160 2299 ita
1173 2270 1262 2300 scribit
1277 2282 1282 2298 ε
1303 2270 1420 2300 Multum
1436 2272 1557 2301 interesse
1567 2280 1634 2309 puto
1646 2274 1716 2300 inter
1729 2273 1782 2300 offa
1792 2270 1885 2299 homini
1895 2281 1994 2301 mortu»

418 2304 521 2342 legere,
543 2306 569 2333 ὅ(
586 2312 654 2332 inter
668 2306 721 2333 offa
733 2307 839 2335 hominis
850 2318 946 2336 mortus
958 2308 1054 2346 legere.
1081 2309 1155 2337 Nam
1168 2310 1222 2338 offa
1235 2308 1351 2338 hominis
1360 2331 1366 2341 ‚
1387 2319 1444 2348 quae
1458 2309 1571 2347 dispersa
1580 2310 1639 2339 sunt
1654 2312 1680 2339 δε
1694 2320 1749 2338 non
1762 2309 1907 2341 cohaerent,
1927 2321 1991 2340 cum

416 2342 494 2370 fimul
506 2342 668 2379 colliguntur
677 2363 685 2374 ‚
705 2351 769 2371 tunc
779 2345 884 2373 hominis
894 2347 943 2384 offiz
958 2347 1011 2384 legi
1025 2348 1158 2377 dicuntur.
1196 2353 1286 2375 Seneca
1300 2348 1368 2376 libro
1387 2359 1410 2376 2.
1431 2349 1465 2377 de
1478 2350 1519 2377 Ira
1532 2360 1537 2376 :
1560 2350 1663 2387 Dignus
1677 2347 1728 2376 fuit
1740 2369 1747 2380 ,
1767 2347 1808 2374 cui
1821 2349 1992 2383 permitteret

417 2379 431 2408 ἐκ
446 2381 570 2412 convivio
587 2381 617 2409 ad
633 2381 685 2409 offa
705 2381 750 2411 filii
764 2381 875 2420 legenda
893 2385 1034 2417 discedere,
1073 2386 1125 2425 Sed
1142 2385 1238 2416 homini
1254 2394 1351 2415 mortuo
1369 2386 1493 2426 leguntur
1508 2387 1562 2416 offii
1575 2407 1584 2420 ‚
1608 2396 1672 2416 cum
1691 2386 1748 2422 ejus
1767 2384 1886 2415 cadaveri
1905 2387 1994 2425 aliqua

420 2432 425 2437 ·
1938 2427 1992 2456 offiv
