2075 2734
485 96 728 123 Linea
789 102 864 121 uve

92 152 135 177 §lia
142 147 294 176 consideratio
304 164 311 175 ‚
329 145 384 170 loeo
394 151 423 169 ne
430 143 491 168 sacro
499 161 506 172 ,
523 153 550 167 an
564 142 662 175 profano
676 142 782 179 ferretur.
800 144 867 179 Sacro

111 186 259 211 otius‚quam
267 179 375 212 profano,
382 177 535 201 crediderim:
545 177 657 207 primum,
664 176 729 206 quod
738 183 762 198 in
770 174 868 212 Rostris,

93 193 140 248 lc’iui
147 216 212 239 locus
219 220 265 237 erat
271 216 390 243 auguratus
399 227 405 236 ‚
418 209 584 240 templumque
591 207 708 229 dicebatur
716 224 722 232 ,
730 205 787 242 saepe
801 214 812 229 a
820 213 867 243 φρ.

95 247 190 280 gistratu
196 245 304 269 ferretur:
318 244 396 273 itaque
404 248 446 272 pro
453 240 531 264 Sextio
537 247 586 270 cap.
597 246 606 263 3
614 246 635 264 5.
647 240 744 270 Princeps
752 254 759 264 ,
773 245 852 274 inquit
860 254 867 265 ‚

94 279 209 309 rogationis
223 280 256 308 „Q
266 274 372 299 Fabricius
379 274 485 304 templum
491 272 605 301 aliquanta
613 278 661 292 anie
667 271 736 293 lucem
744 277 866 305 occuffavtt.

95 309 288 341 occupatatenim
298 324 303 333 ,
316 314 341 329 ut
347 306 424 336 Legem
431 304 508 326 ferret.
523 301 589 334 quod
597 302 636 325 illa
644 301 711 325 verba
719 309 761 332 pro
771 302 865 337 Milone

95 349 136 373 cap
156 349 190 368 ¹4·
201 340 328 363 declarant:
339 338 421 360 ‘Potum
428 344 451 357 ne
458 333 552 357 fabricio
559 351 565 360 ,
574 335 621 356 viro
627 335 704 364 optimu
713 350 719 359 ,
726 342 773 356 ιιι»,
781 333 805 356 de
813 335 867 356 red:-

97 380 123 398 tu
130 360 175 396 rhen
181 374 249 403 Iegem
255 369 390 401 serretpulsb
397 367 535 396 crudelrffima
542 367 614 394 infero
621 367 672 388 mie
678 366 739 394 suffla
746 370 756 388 ?
765 367 867 400 Occupa-

96 412 130 430 rat
138 411 213 428 autem
221 403 313 427 Rostra,
321 407 369 423 non
377 399 494 429 templum
502 398 570 420 alicui
578 397 622 420 deo
631 400 730 420 lactum:
745 397 810 428 quod
818 398 866 428 iple

924 94 1287 126 Lacteus.
1625 105 1680 145 355*

895 143 1065 167 consuetudine
1077 142 1161 168 servata
1170 161 1176 171 ,
1195 152 1245 176 quat
1253 146 1278 168 in
1287 146 1363 168 Numa
1371 146 1437 177 Rege
1449 148 1550 172 creando
1561 149 1594 175 est
1606 149 1676 176 indu.

899 176 947 199 sta,
967 175 1099 204 utsciIicet,
1117 183 1168 213 ante
1176 184 1246 208 quarn
1254 177 1354 208 populus
1362 175 1586 209 suffragiuminIret‚
1601 188 1675 213 patres

886 206 887 212 ¹
900 208 925 230 in
934 209 1048 231 incertum
1056 210 1211 232 comitiorum
1219 216 1331 232 eventum
1339 209 1446 233 authores
1452 210 1547 235 fierent:
1561 213 1675 238 Publilius

886 239 887 269 ᾖ
901 240 925 262 in
933 239 1027 270 plebem
1035 240 1163 272 propensus
1172 258 1177 266 ,
1195 241 1249 272 quia
1257 241 1351 271 plebeiae
1357 242 1433 272 gentis
1439 249 1485 265 etat
1493 259 1498 269 ,
1511 246 1578 274 quod
1586 244 1674 270 senatui

885 272 887 292 l
900 270 1001 294 liberum
1015 278 1075 299 etat,
1093 272 1116 294 id
1131 271 1279 296 uecess'arium
1292 272 1360 299 fecit,
1378 273 1492 305 quodque
1505 283 1572 299 more
1583 276 1673 302 fastum

886 300 887 318 ἶ
899 309 960 328 erat,
979 303 1002 326 id
1012 304 1093 334 utlege
1101 304 1164 327 fieret
1173 321 1178 330 ‚
1197 304 1233 327 sua
1247 305 1298 335 lege
1311 303 1393 328 sanxit.
1417 308 1501 338 Neque
1515 314 1586 336 vero,
1604 309 1672 340 quod

885 329 887 370 4
900 334 930 357 ait
938 335 1016 357 Livius
1025 351 1031 361 ,
1049 337 1231 358 P-ztrerautlrorcr
1238 336 1332 366 fleverit,
1348 337 1462 368 explano,
1477 346 1549 370 patrer
1557 341 1582 368 ⁸5:-
1592 336 1669 370 Cpr-0-

896 364 979 389 barenr.
996 366 1081 390 fiebant
1092 368 1159 390 enim
1173 367 1202 390 de
1214 369 1269 391 re&
1284 369 1365 395 relata,
1382 368 1525 401 &disputata
1536 373 1595 395 S.C.
1609 372 1669 403 quid

899 405 968 428 porro
976 397 1216 429 referri&disputati‚
1233 407 1293 430 opus
1307 407 1355 423 erat
1363 400 1401 427 id,
1419 401 1485 433 quod
1499 403 1603 426 omnino
1616 411 1671 435 pro-

99 437 185 460 cicero
193 435 289 458 declarat
297 431 353 456 infra
361 447 367 457 ,
379 431 403 454 in
410 430 493 453 eadem
507 437 547 460 pto
555 430 634 452 Sextio
642 446 648 455 ‚
662 428 802 459 subjungens
811 445 817 454 ,
828 430 867 450 ιη’·
895 428 943 452 bari
950 428 962 452 a
972 429 1048 453 senatu
1055 429 1152 454 Publilia
1160 432 1195 453 lex
1206 430 1308 459 juberet?
1326 439 1378 455 nam
1387 433 1416 455 de
1424 441 1472 464 quo
1481 433 1524 457 fiis
1542 436 1571 457 C.
1579 435 1604 457 id
1610 434 1671 465 ejus-

97 467 299 500 hanmplebtsserro
312 462 321 486 ἑ
334 462 416 494 'Rqftris
430 461 443 484 ὰ
456 462 526 484 Clodto
537 463 607 492 pulsor
617 478 621 486 ,
639 460 769 484 Fabricium
777 460 866 484 intelli-

95 507 160 531 gens.
175 498 212 522 sed
219 495 338 521 clariffime
350 497 377 518 in
384 493 504 517 Vatinium
517 500 565 523 cap.
577 500 613 516 to.
626 492 663 515 his
670 492 757 515 verbis:
777 496 828 515 (um
837 494 864 515 L.

98 534 195 555 Vettium
202 530 290 551 indicem
298 528 319 549 in
326 525 404 555 Roftrt't
412 542 419 551 ‚
432 534 452 547 m
461 527 493 547 illo
503 541 509 551 ,
522 526 612 556 inquam
621 541 626 551 ,
639 531 747 555 augurato
754 524 865 559 templo-ac

94 563 138 586 loco
151 562 264 584 collocatis.
282 560 310 581 Et
323 558 402 581 Livius
416 557 458 580 lib.
469 558 528 579 VIII.
541 563 591 610 cai).
603 563 638 581 ts.
658 559 749 581 Nava,
771 561 864 586 inquit,

95 591 316 623 ..Antiatiumparn'm
326 591 347 612 in
358 590 447 611 navalia
454 588 564 620 ‘quaesu
580 587 659 614 duas,
673 588 759 619 partim
765 587 849 623 incensu
857 596 865 609 .-

94 625 220 656 Qlirifilue
230 620 431 652 earumfitggestum
439 622 460 642 ιή
468 623 515 650 foro
522 619 653 648 exstrussum
661 620 760 641 adornari
767 620 866 650 placuit:

94 655 208 686 Rostraque
215 655 238 677 td
243 655 349 684 templum
356 653 501 684 appellatum.
521 651 596 674 Altera
603 649 635 673 est
642 651 701 673 ratio
710 667 716 676 ,
730 650 796 681 quod
803 650 867 686 leges

96 686 239 710 3³1²,Clodio
252 683 431 715 tribunoplebis
443 683 567 714 intemplo
581 681 681 705 Castoris
692 683 745 705 latas
758 683 867 705 invento.

114 717 354 743 uodindicatillndin
363 715 473 739 Pisonem
484 722 531 745 cap.
539 722 563 741 9.
579 715 657 737 Eodem
665 716 685 736 in
693 715 782 746 templa,
790 715 867 750 podem

131 751 261 776 locivesirqio
270 766 276 776 ,
290 747 316 772 (9-
324 754 422 778 tempom
430 763 436 773 ,
450 746 540 769 arbium
546 755 585 769 mm
593 747 715 775 meifhlum
723 762 729 772 ,
738 747 778 775 sed
787 753 864 776 patrm

88 774 296 813 suneristii'astietisli.
313 780 349 803 Sic
356 779 569 810 eniminterpretor
577 777 636 801 illud
645 794 653 804 ⁷
669 778 738 799 eodem
746 778 863 808 intemplo.

94 821 145 845 quo
153 814 178 836 in
185 813 275 843 templo
282 812 359 843 legem
367 811 396 834 de
403 818 453 834 mea
461 810 651 841 pernicietulerat
658 808 756 832 Clodius
763 824 770 834 ,
777 809 863 844 eodem

93 845 121 869 in
134 845 226 876 templo
239 843 268 867 de
281 843 418 867 Maaedouia
432 841 596 865 tibivtradenda
609 840 685 863 statim
703 840 782 870 legem
795 841 864 863 tulit:

93 884 165 907 quam
172 883 197 899 tu
202 875 350 907 provinciam
357 874 384 897 ad
390 873 510 896 arbitrium
517 879 585 896 tuum
592 879 635 903 pro
642 878 699 894 meo
706 871 865 908 funere,quod

92 906 236 931 idemfitnus
243 905 384 936 patriaefuit,
398 904 446 935 ipse
458 904 536 935 pastus
552 911 608 927 eras.
625 904 703 934 itaque
716 905 863 934 provinciam

93 937 274 970 Iegetraditam,
287 936 349 968 quali
358 937 482 968 praemium
494 934 506 958 ὲ
519 936 610 959 Clodio
623 934 733 959 debitum
745 934 862 971 abstulisti.

93 971 118 994 &
125 970 226 1001 apertius
236 970 260 992 in
266 969 374 999 oratione
381 975 424 999 pro
431 967 506 991 domo
514 967 550 991 sua
561 974 611 997 cap.
621 975 661 991 21.
678 971 730 990 Cum
737 976 799 990 arma
806 984 812 994 ‚
827 975 861 990 rn—

91 1003 158 1034 quit,
167 1003 189 1024 in
197 1002 257 1024 adem
266 997 355 1029 Caslwis
366 999 522 1029 comportabas,
530 999 656 1021 nihilaliu‘d
664 1015 670 1025 ,
677 999 729 1029 m'fi,
737 1001 801 1021 utine
808 999 864 1029 quid

88 1030 305 1064 pe›·vimagipqffb1,
319 1031 474 1054 mathinabare.
488 1030 583 1054 inlibro
591 1036 668 1053 autem
681 1030 711 1053 de
724 1031 865 1053 inventione

91 1068 122 1090 11.
130 1073 149 1089 e.
156 1074 163 1089 t
170 1073 192 1091 7.
202 1066 229 1087 Fl
243 1065 338 1086 minium
347 1081 353 1090 ,
361 1063 438 1094 inquit
446 1079 452 1090 ,
459 1071 509 1085 eum
516 1064 557 1094 qui
565 1057 798 1092 finfulrempuhlrcam
805 1063 865 1084 male

88 1097 147 1129 geffit
155 1097 204 1119 beuo
212 1099 289 1118 Punica
298 1096 389 1124 secundo
398 1112 402 1119 ,
420 1097 487 1125 legem
495 1096 604 1126 agrariam
616 1101 653 1124 per
662 1095 788 1123 seditionem
795 1094 864 1124 adpa-

89 1131 168 1159 pulum
176 1129 297 1157 feramen»,
314 1133 376 1158 pzter
383 1127 436 1156 suus
449 1127 557 1155 detemplo
564 1126 663 1148 deduxit.
677 1125 861 1156 arceffiturmaje-

87 1161 152 1190 stans
160 1170 168 1183 .-
186 1161 212 1182 Et
220 1159 280 1188 apud
287 1158 381 1181 Livium
390 1174 396 1184 ,
411 1163 541 1188 antequam
554 1156 635 1180 Rostra
647 1157 672 1179 in
684 1156 738 1179 foro
751 1155 862 1180 exstruCta

92 1191 176 1216 effent,
192 1190 221 1213 de
234 1189 334 1213 tribunis
347 1188 422 1220 plebis
437 1189 517 1220 legum
529 1188 684 1219 rogandarum
695 1187 758 1224 causa
771 1189 796 1211 in
803 1194 861 1211 tem-

89 1224 157 1255 plum
164 1221 304 1245 coeuntibus
312 1238 317 1247 ‚
331 1228 380 1244 non
386 1219 616 1244 semelmentIonem
623 1220 674 1244 fieri
686 1220 803 1243 videmus.
821 1222 860 1244 Fe-

91 1255 154 1279 rebat
161 1261 217 1285 ergo
225 1252 369 1284 magistratus
376 1253 454 1283 legem
467 1252 604 1283 intemplo:
622 1251 708 1275 ferebat
719 1250 821 1282 suffragia
833 1251 862 1288 de

91 1286 144 1317 lege
151 1286 252 1317 populus
259 1285 449 1315 circatemplum.
461 1284 542 1307 locum
554 1285 621 1308 enim
634 1290 700 1307 tantae
711 1283 863 1308 multitudini

91 1319 144 1341 ullo
151 1319 176 1340 in
184 1317 275 1347 templo
281 1314 347 1339 sulsse
355 1332 361 1342 ,
374 1315 486 1339 credibile
492 1323 540 1339 non
547 1315 587 1339 est.
598 1322 654 1339 cum
661 1323 716 1338 veto
723 1316 761 1339 lex
768 1313 780 1337 Ξι
788 1316 862 1346 magi-

91 1348 161 1373 stratu
167 1348 275 1375 ferretur,
289 1347 375 1371 eodem
384 1347 409 1370 in
415 1348 506 1378 templo
511 1347 570 1370 alios
576 1354 673 1378 quoque
680 1347 823 1377 magistratus
830 1346 860 1370 af>

92 1380 172 1407 fuiss'e,
188 1388 228 1404 eos
236 1380 351 1403 nimirum
365 1379 407 1410 qui
418 1386 473 1402 cum
485 1378 617 1409 magistratu
624 1380 700 1409 legem
708 1379 859 1402 ferentecon—

91 1411 204 1437 stutirent
213 1429 219 1439 ‚
232 1411 365 1442 legimusin
373 1410 479 1434 oratione
491 1411 516 1433 in
523 1411 643 1434 Vatinium
650 1417 698 1442 cap.
706 1418 730 1439 7.
746 1411 803 1441 Q:
810 1412 861 1441 qui-

91 1446 140 1467 dem
148 1446 212 1475 leges,
225 1443 312 1474 inquit,
322 1442 430 1474 ammpust,
436 1441 554 1469 sedentibus
562 1444 585 1465 in
591 1444 670 1474 templo
677 1442 757 1464 duobus
764 1451 802 1464 non
811 1441 861 1466 [2771-

84 1476 187 1507 fitlibus,
200 1474 382 1504 ftdproditoribut
394 1475 461 1503 hujus
474 1475 586 1499 civitatir‚
602 1483 628 1496 ac
636 1474 729 1506 pestibus
738 1490 745 1500 ,
757 1482 799 1496 una
811 1483 861 1497 eum

89 1508 190 1538 auspiciis
197 1523 203 1533 ‚
210 1514 258 1528 cum
265 1504 439 1534 interceffiombus
447 1522 451 1525 .
460 1513 508 1528 cum
515 1505 713 1536 omuijurepublico
719 1506 863 1535 conflagrave-

90 1546 151 1562 runt.
168 1537 265 1561 Ostendi
272 1538 340 1560 latam
349 1537 372 1559 in
380 1537 470 1567 templo
478 1537 556 1568 legem
564 1553 568 1560 .
577 1544 632 1560 cum
639 1537 664 1560 in
671 1535 726 1559 foro
733 1535 847 1560 ferebatur
854 1554 860 1564 ,

92 1569 191 1596 homst,
202 1569 413 1592 tributiscomitiis.
428 1567 486 1599 quid
494 1585 500 1594 ,
508 1568 594 1591 cumin
601 1576 685 1600 campo
693 1585 699 1594 ‚
712 1567 861 1592 centuriatis?

91 1608 143 1626 tum
158 1602 182 1624 in
189 1601 286 1631 templis
296 1600 396 1623 deorum
405 1606 453 1622 non
459 1599 585 1626 existimo,
601 1608 652 1630 quae
665 1601 691 1623 in
702 1607 787 1630 campo
796 1602 860 1624 nulla

89 1632 159 1657 fuisse
166 1633 267 1662 legimus
275 1639 281 1653 z
290 1638 339 1662 quo
345 1637 424 1654 tamen
432 1629 536 1653 inlocoa
543 1631 778 1661 magistratuferrerur
786 1648 792 1658 ‚
804 1639 860 1656 eum

91 1666 174 1689 locum
181 1670 231 1687 ante
239 1669 373 1693 auguratum
380 1661 446 1685 fuiffe
452 1661 603 1685 crediderim.
615 1670 669 1686 nam
677 1679 683 1689 ,
696 1662 711 1685 si
719 1662 812 1686 tributis
821 1671 860 1687 co-

90 1697 169 1721 mitiis
175 1696 265 1726 semper
271 1695 295 1718 in
302 1694 446 1725 templo,cut
452 1693 585 1717 centuriatis
591 1711 598 1721 ‚
606 1702 657 1725 quae
664 1694 779 1722 majorum
786 1702 863 1720 rerum

91 1726 313 1752 eausahabebantur,
330 1725 429 1758 profano
443 1726 467 1748 in
479 1725 534 1748 loco
547 1726 584 1749 lex
596 1724 709 1749 ferretur?
722 1725 761 1749 sed
772 1726 863 1751 fortasse

91 1761 168 1784 videri
177 1757 343 1791 pollitinfirma
349 1756 489 1785 coniestuta.
503 1756 614 1781 addamus
625 1758 763 1788 exemplum
771 1775 777 1784 ,
788 1766 814 1782 ut
821 1759 862 1783 du·

93 1792 132 1816 bia
144 1799 180 1815 res
191 1790 330 1814 testimonio
342 1788 462 1819 probetur.
485 1789 565 1812 Livius
578 1789 649 1819 igitur
661 1789 748 1813 lib-III.
761 1797 810 1821 cap.
820 1799 860 1814 20.

89 1823 196 1849 Tribuni,
207 1822 298 1853 iuquit,
311 1821 478 1852 utimpedrendae
486 1821 702 1850 resnullaspuerar,
713 1823 862 1853 deproferendo

90 1857 258 1885 exercituagere
265 1870 271 1880 ,
280 1861 301 1876 eo
308 1854 377 1882 magis
384 1869 390 1879 ‚
398 1853 466 1884 quod,
476 1850 502 1875 ύ-
509 1853 675 1885 augurerjuffl:
681 1854 748 1882 adeffi
755 1854 783 1876 ad
789 1854 861 1877 lacum

93 1888 206 1917 Regillum
214 1903 220 1912 ‚
228 1887 296 1915 sama
308 1891 406 1910 exterat,
422 1886 534 1914 locumque
544 1893 670 1914 inaugurari
678 1902 685 1911 ,
703 1885 741 1907 nbi
752 1885 861 1916 auspicato

92 1918 226 1950 tumpopulo
233 1916 337 1948 agipoffit
345 1925 353 1938 .-
363 1921 401 1941 ut‚
414 1916 522 1945 quidquid
532 1918 600 1938 Roma
607 1916 753 1938 virribum'cia
762 1924 862 1947 rogatum

92 1959 103 1973 ε
123 1956 157 1976 et,
171 1949 194 1971 id
205 1948 297 1970 comitiis
309 1946 339 1969 dn·
351 1945 498 1976 abi-agantur.
522 1949 584 1969 Inte:
596 1947 659 1977 leges
671 1954 749 1971 autem
759 1963 765 1973 ,
779 1955 829 1978 [μὶ-ἲ
837 1949 862 1972 in

106 1988 150 2004 oro
159 1997 164 2007 ,
177 1980 202 2002 &
214 1986 264 2005 eas,
278 1985 329 2009 quz
342 1977 366 2000 in
379 1984 464 2007 campo
475 1976 601 2005 ferrentur,
618 1978 668 2002 dixi
680 1979 726 2007 jam
733 1979 778 2002 hoc
791 1980 862 2003 inter-

93 2011 175 2038 fuisse,
193 2010 259 2042 quod
272 2010 296 2032 in
307 2008 362 2032 foro
375 2009 469 2032 tributis
482 2010 588 2033 comitiis
599 2009 728 2036 ferrentur,
746 2012 771 2034 in
779 2018 862 2042 campo

92 2041 348 2069 comitiiscenturiatis.
360 2040 545 2073 nuncadiungo,
562 2042 866 2072 primumillud,centuria-

94 2072 389 2101 tiscomitiiseaseffelatas
398 2089 404 2100 ,
420 2080 470 2104 quae
483 2071 495 2096 ὲ
508 2075 531 2098 S.
540 2073 722 2098 emebantur:
738 2074 825 2098 deinde
837 2077 864 2099 il-

95 2108 153 2134 lud,
171 2114 221 2138 qua:
229 2104 604 2132 centuriatiscomitiisferrentur,
622 2114 672 2132 eas,
686 2107 702 2129 ss
715 2104 728 2130 ὲ
741 2109 761 2130 S.
770 2108 797 2130 C.
815 2115 862 2131 non

90 2140 207 2165 ferrentur
214 2155 220 2164 ,
229 2136 328 2168 patribus
335 2136 433 2167 quidem
440 2137 573 2161 authoribus
580 2136 670 2170 semper
676 2137 721 2162 effe
728 2139 788 2162 latas.
797 2140 864 2170 quod

94 2169 164 2196 nona
172 2170 254 2201 primis
266 2168 396 2199 reipublicae
403 2169 550 2199 temporibus
557 2186 564 2196 ,
582 2169 620 2193 sed
628 2177 717 2194 tantum
726 2170 776 2202 post
788 2171 864 2195 Publi-

93 2203 122 2227 lii
136 2203 240 2226 Philonis
252 2200 388 2224 dictaturam
399 2199 545 2224 observatum
558 2201 598 2225 est.
613 2202 673 2226 hunc
680 2204 747 2225 enim
762 2203 863 2226 Dictato-

94 2231 327 2264 remlegemtuliffe,
346 2238 371 2254 ut
384 2233 469 2262 legum,
486 2241 531 2261 qua
542 2235 633 2256 comnis·
650 2237 775 2257 remuriam
786 2237 865 2262 ferren-

94 2273 146 2291 tur,
163 2267 298 2288 antemitum
307 2263 624 2295 suffragiumpatrzsauthore:
632 2266 724 2296 fierent,
741 2265 818 2290 scribit
826 2268 864 2291 Li-

93 2299 146 2321 vius
157 2296 219 2320 libro
233 2298 291 2319 vm.
303 2302 351 2326 cap.
362 2303 400 2331 32.
413 2302 462 2331 quo
473 2295 623 2326 significatur,
640 2306 689 2321 non
703 2305 788 2321 omnes
801 2305 865 2323 antea

896 461 1017 488 modiest‚
1034 462 1424 494 utimprobari&abjicipotueritz
1447 465 1478 487 est
1493 472 1569 489 autem
1584 467 1670 498 &pto-

895 491 974 515 batum
983 509 988 519 ‚
1008 494 1031 516 Sc
1039 501 1159 525 acceptum
1168 511 1173 521 ,
1191 496 1246 525 quia
1254 495 1328 523 major
1334 502 1382 525 pars
1390 493 1478 519 senatus
1492 494 1522 519 iti
1531 496 1633 522 senserit.
1647 505 1670 522 at

896 524 921 547 in
935 523 980 546 hoc
995 532 1043 548 non
1058 542 1064 551 ,
1083 526 1199 548 utrumvis
1210 526 1280 549 licere
1294 543 1300 551 ,
1323 534 1400 557 neque
1412 528 1516 557 plurium
1538 527 1672 554 senatorum

895 556 1042 579 voluntatem
1050 555 1157 588 spestari,
1176 556 1381 585 Publiliusvoluit,
1400 558 1528 591 sedrquaii
1541 560 1567 584 ab
1576 562 1670 585 univer-

895 586 920 610 so
935 587 1012 611 senatu
1025 589 1070 615 jam
1082 588 1206 618 probatum
1220 587 1286 614 esset,
1305 590 1349 616 ita,
1366 590 1454 614 vellent
1470 592 1578 619 nollent,
1596 599 1671 625 patres

895 619 1003 643 authores
1014 619 1066 642 effe.
1077 627 1134 651 ergo
1141 619 1169 643 fic
1177 620 1308 644 existimare
1316 620 1440 650 debemus,
1458 630 1507 654 quae
1515 624 1578 656 leges
1589 629 1671 649 centu-

896 651 958 674 riatis
965 651 1071 675 comitiis
1077 651 1207 678 ferrentur,
1225 659 1261 675 eas
1269 652 1402 684 postlegem
1412 653 1535 678 Publiliam
1550 663 1601 680 anre
1610 658 1632 681 s.
1640 658 1670 681 C.

898 689 1002 706 autcerte
1009 682 1109 714 patribus
1121 683 1255 707 authoribus
1264 683 1379 708 effelatas:
1397 692 1447 716 quae
1459 693 1514 709 veto
1526 694 1578 711 ante
1591 688 1671 719 legem

898 713 1023 738 Publiliam
1035 715 1170 739 centuriatis
1181 716 1287 739 comitiis
1300 717 1348 740 latae
1360 723 1435 744 erant,
1454 718 1507 741 alias
1519 717 1532 742 ὲ
1544 721 1603 744 S,C.
1616 720 1672 744 alias

897 745 945 770 fine
955 749 975 770 S.
984 749 1011 770 C.
1022 747 1124 778 patribus
1132 754 1209 771 tamen
1217 748 1365 775 authoribus,
1382 749 1434 772 alias
1441 757 1518 781 neque
1529 749 1542 774 ὲ
1555 753 1575 774 S.
1584 753 1614 775 C.
1627 758 1670 775 ne-

895 785 942 809 que
950 778 1050 809 patribus
1057 778 1199 802 authoribus.
1218 779 1322 803 Nihilne
1332 781 1403 811 igitur
1418 781 1538 808 interfuit,
1556 782 1669 807 dicetali-

895 810 947 840 quis
957 827 963 837 ,
981 810 1042 833 inter
1052 811 1130 842 leges,
1148 817 1198 841 quae
1212 811 1313 841 patribus
1324 811 1471 839 authoribus,
1487 814 1512 836 ὃς
1524 821 1560 837 eas
1569 831 1575 841 ,
1592 822 1643 845 qux
1656 812 1671 839 ὲ

892 842 913 864 S.
922 841 1088 866 C.ferrentur.>
1105 842 1179 868 nihil,
1198 849 1249 866 mea
1256 842 1380 870 sententia,
1391 844 1527 874 antelegem
1536 845 1670 870 Publiliam.

892 879 960 900 nam,
978 872 1024 897 sive
1037 871 1050 897 ὲ
1062 876 1081 897 S.
1091 875 1122 898 C.
1136 873 1181 897 five
1188 873 1289 905 patribus
1296 874 1430 898 authoribus
1442 874 1570 903 ferrentur,
1587 876 1670 901 ‘esena-

891 910 927 927 tus
935 904 1055 929 voluntate
1062 905 1199 929 ferebantur.
1208 906 1258 936 post
1265 908 1342 937 legem
1349 913 1426 930 autem
1434 906 1556 931 Publiliam
1564 910 1669 934 multum

894 936 955 959 inter
967 936 1103 965 hujusmodi
1117 938 1181 969 leges
1192 937 1313 965 interfuit,
1331 945 1399 970 atque
1406 938 1464 962 adeo
1471 945 1562 963 tantum
1571 957 1578 967 ,
1596 948 1670 973 quan-

893 973 944 992 tum
957 968 1018 992 inter
1030 968 1153 993 secundam
1167 970 1191 992 ἃ
1203 969 1319 993 adversam
1335 971 1480 994 voluntatem
1494 971 1596 996 interest.
1612 978 1671 997 nam

892 998 989 1023 secunda
997 999 1209 1024 senatusvoluutare
1216 1000 1346 1024 ferebantur
1353 1002 1466 1033 exleges,
1483 1010 1533 1034 quae
1543 1005 1599 1027 S.C.
1613 1012 1668 1035 pto-

893 1029 948 1054 barac
958 1032 1003 1060 jam
1010 1039 1085 1055 erant:
1104 1030 1193 1056 adversa
1201 1040 1256 1056 vero
1271 1040 1444 1064 nonnunquam
1458 1042 1503 1061 eze,
1522 1042 1621 1066 quarum
1628 1044 1668 1067 pa-

893 1063 1048 1087 tresauthotes
1055 1063 1146 1087 fiebant.
1162 1064 1287 1095 probabant
1295 1065 1454 1092 eniminviti,
1471 1066 1614 1096 legecoaffl.
1627 1069 1670 1091 ita-

893 1102 939 1125 que
947 1095 1140 1119 honorificentius
1147 1095 1272 1120 habebatur
1285 1097 1309 1120 id
1319 1114 1325 1124 ,
1344 1097 1409 1127 quod
1419 1100 1439 1121 S.
1447 1099 1476 1120 C.
1487 1099 1619 1122 centuriatis
1629 1106 1670 1123 co=

894 1127 1049 1151 mitiislatum
1057 1126 1124 1155 estet,
1142 1135 1212 1158 quam
1221 1128 1258 1155 id,
1276 1127 1433 1160 quodiIsdem
1446 1130 1554 1153 comitiis
1567 1130 1669 1160 patribus

892 1157 1028 1182 authoribus
1037 1176 1043 1185 ,
1060 1158 1098 1182 sed
1106 1160 1218 1182 extremis
1227 1160 1358 1190 reipublicae
1371 1160 1520 1191 temporibus
1533 1163 1622 1186 nullam
1635 1163 1669 1186 le-

892 1196 947 1220 gem
954 1190 1254 1214 centuriatiscomitiisline
1266 1193 1324 1215 S.C.
1333 1191 1434 1222 patribus
1447 1192 1583 1217 authoribus
1596 1195 1666 1219 latam

892 1222 990 1245 invenio
998 1239 1004 1248 ‚
1022 1224 1145 1252 permultas
1153 1230 1229 1246 autem
1237 1225 1257 1246 S.
1266 1223 1388 1247 C.iisdem
1395 1224 1514 1248 comitiis:
1533 1224 1578 1249 sive
1585 1242 1591 1252 ‚
1600 1226 1668 1255 quod

892 1253 999 1284 abrogata
1012 1254 1038 1277 fit
1051 1254 1148 1278 Publilia
1160 1255 1211 1278 lex:
1230 1254 1288 1281 five,
1305 1256 1370 1286 quod
1380 1272 1386 1282 ,
1403 1263 1458 1279 cum
1472 1256 1536 1280 idem
1550 1257 1666 1282 Publilius

891 1285 1106 1315 eodemtemp01e‚
1123 1285 1272 1317 posteaquam
1287 1287 1465 1318 Quot-tentius
1473 1288 1575 1312 Dictator
1588 1290 1667 1320 legem

892 1316 991 1342 tulisset,
1010 1318 1126 1345 uteojure
1133 1317 1198 1348 quod
1207 1318 1272 1349 plebs
1286 1317 1406 1346 statuisset,
1424 1326 1508 1342 omnes
1523 1321 1622 1351 quirites
1634 1328 1668 1345 te-

894 1355 1016 1375 nerentur,
1036 1349 1276 1380 nihilattinuitpatres
1289 1349 1396 1373 authores
1407 1350 1437 1374 de
1449 1359 1478 1374 eo
1486 1351 1536 1375 fieri
1545 1368 1550 1377 ‚
1568 1360 1617 1384 quo
1627 1354 1666 1378 vel

893 1379 1072 1411 stauthoresipfi
1085 1380 1238 1407 mulierem,
1256 1388 1334 1404 tamen
1348 1389 1433 1405 omnes
1445 1383 1508 1406 cives
1523 1391 1588 1416 atque
1602 1391 1667 1409 tene-

891 1419 978 1436 rentur.
996 1412 1074 1443 iraque
1087 1412 1230 1442 magistratus
1242 1419 1279 1436 aut
1293 1411 1305 1436 ὲ
1324 1414 1384 1436 S.C.
1400 1415 1532 1438 centuriatis
1543 1417 1665 1445 comitiis,

893 1450 944 1471 aut,
962 1444 978 1467 fi
991 1442 1078 1467 leuatus
1090 1444 1233 1469 dissentiret,
1250 1444 1344 1468 tributis
1356 1445 1418 1476 leges
1434 1447 1549 1470 tulerunt:
1565 1449 1667 1480 (quam-

891 1483 963 1505 qurm
971 1476 1064 1505 &leges
1071 1476 1149 1499 multa:
1157 1475 1361 1499 tributiscomitiis
1369 1484 1396 1500 ex
1407 1480 1427 1500 S.
1436 1479 1466 1500 C.
1474 1478 1523 1501 latae
1531 1477 1583 1502 sunt
1593 1483 1665 1509 )cum

892 1506 980 1530 duabus
987 1507 1078 1538 legibus
1087 1523 1093 1534 ,
1112 1507 1209 1529 Publilia
1217 1524 1223 1533 ‚
1241 1509 1266 1531 &
1275 1507 1394 1531 Hortenlia
1403 1525 1409 1536 ‚
1425 1509 1524 1533 eandem
1533 1511 1582 1533 vim
1596 1511 1665 1535 habe-

892 1545 942 1562 rent
948 1539 1010 1569 leges
1017 1539 1111 1561 tributis
1121 1539 1280 1562 comitiislatae
1289 1556 1296 1566 ,
1312 1546 1383 1570 quam
1391 1540 1518 1565 habuerunt
1530 1548 1593 1566 antea
1602 1544 1666 1575 leges

891 1577 922 1593 ea:
935 1587 941 1596 ,
959 1578 1010 1602 quae
1022 1571 1155 1594 centuriatis
1174 1571 1281 1594 comitiis
1293 1588 1299 1597 ,
1324 1571 1424 1602 patribus
1443 1573 1578 1597 authoribus
1591 1591 1597 1601 ‚
1614 1576 1665 1599 latae

890 1608 962 1625 erant.
975 1603 1112 1629 nonenim,
1130 1602 1327 1633 quodaitCiceto
1344 1604 1472 1635 Philippica
1484 1608 1511 1628 Χ.
1525 1613 1572 1637 cap.
1584 1611 1606 1629 ε.
1624 1609 1667 1630 Le-

886 1642 937 1663 gem
946 1635 1015 1662 Pausa}
1021 1635 1114 1655 comitiis
1121 1635 1247 1656 centuriatis
1259 1643 1287 1656 ex
1293 1636 1428 1658 auum-itate
1441 1636 1508 1664 nostra
1520 1638 1606 1659 laturur
1620 1640 1648 1667 2st
1656 1656 1663 1666 ‚

890 1672 919 1687 eo
927 1664 992 1688 sensu
1000 1665 1090 1688 distum
1096 1664 1205 1688 existimo
1212 1681 1218 1691 ‚
1236 1665 1302 1696 quod
1308 1673 1360 1688 eam
1367 1666 1444 1696 legem
1453 1667 1554 1696 patribus
1561 1668 1664 1693 authori-

891 1696 933 1719 bus
941 1695 1170 1722 Pansalaturusesset,
1189 1695 1226 1719 sed
1240 1704 1267 1718 ex
1279 1698 1414 1720 authoritate
1423 1700 1505 1728 nostra,
1522 1700 1635 1730 explano,
1654 1700 1664 1726 ὲ

894 1730 917 1750 S.
927 1725 949 1750 C.
962 1728 1068 1760 loquitur
1074 1728 1140 1751 enim
1148 1728 1176 1750 de
1183 1726 1276 1751 Caesaris
1283 1728 1349 1751 astis:
1367 1729 1476 1760 qumlege
1482 1731 1616 1756 confirmari
1625 1749 1631 1759 ,
1639 1734 1665 1758 δε

893 1759 993 1786 sanciri,
1017 1758 1106 1783 senatus
1118 1758 1231 1790 cupiebat.
1250 1767 1305 1783 cum
1323 1767 1393 1791 porro
1411 1768 1521 1793 cuperet,
1545 1763 1671 1790 nimirum*

893 1793 914 1814 S.
923 1794 952 1814 C.
963 1792 1054 1821 potius,
1072 1799 1143 1823 quam
1151 1791 1192 1814 alia
1205 1792 1285 1823 quavis
1300 1792 1406 1819 ratione,
1423 1793 1553 1819 declararet.
1567 1796 1632 1826 quod
1646 1796 1670 1821 fi>

893 1823 929 1846 cui
942 1822 1108 1847 authoritatem
1124 1823 1214 1846 senatus
1232 1831 1273 1855 pro
1287 1825 1308 1847 S.
1322 1827 1352 1848 C.
1372 1823 1494 1857 usurpari,
1512 1834 1601 1851 novum
1618 1828 1664 1852 est:

894 1854 1067 1879 nihiletrabitfi
1076 1873 1082 1882 ,
1101 1856 1238 1879 utdelatine
1251 1856 1365 1887 loquendi
1378 1857 1549 1882 consuetudine
1561 1860 1621 1883 reste
1631 1861 1668 1888 ju-

894 1887 970 1910 dicare
979 1887 1058 1917 poffit,
1078 1887 1282 1911 Ciceronislibros
1290 1888 1416 1919 diligenter
1423 1891 1546 1914 evolverit.
1565 1891 1665 1916 Hicfor-

894 1917 1080 1949 assequeretur,
1097 1926 1148 1942 ante
1156 1919 1363 1949 Publiliamlegem
1376 1928 1460 1945 omnes
1473 1929 1503 1945 ne
1514 1922 1591 1953 leges,
1608 1931 1665 1955 quas

895 1949 984 1973 senatus
995 1966 1001 1975 ,
1015 1949 1213 1977 fivecenturiatis‚
1232 1950 1278 1974 sive
1290 1951 1384 1975 tributis
1395 1954 1513 1980 comitiis,
1530 1954 1585 1977 ferri
1596 1962 1666 1986 cupe-

895 1988 940 2008 ret,
960 1981 1072 2005 fertentur
1079 1979 1119 2006 es.
1127 1984 1156 2005 C.
1171 1989 1260 2005 anvero
1271 1983 1319 2006 alix
1332 1981 1345 2006 e
1359 1985 1415 2008 S.C.
1430 1985 1477 2008 aliae
1484 1993 1540 2009 vero
1547 1985 1594 2009 fine
1605 1989 1663 2012 S.C.

894 2019 984 2037 tantum
998 2013 1100 2045 patribus
1111 2013 1254 2038 authoribus.
1268 2021 1395 2046 utrumque
1406 2015 1492 2040 factum
1503 2017 1545 2040 est.
1557 2025 1611 2041 nam
1623 2026 1665 2043 ne-

912 2052 941 2068 ue
953 2052 1038 2068 omnes
1051 2044 1064 2069 e
1075 2047 1133 2069 S.C.
1147 2053 1226 2076 neque
1240 2053 1324 2069 omnes
1342 2047 1444 2077 patribus
1462 2049 1597 2072 authoribus
1614 2050 1671 2075 lata*

905 2083 954 2101 unt.
966 2077 996 2100 de
1008 2077 1058 2100 latis
1070 2075 1082 2100 ὲ
1093 2078 1152 2101 S.C.
1164 2077 1330 2101 testimonium
1342 2086 1377 2101 res
1386 2087 1433 2103 non
1444 2079 1569 2104 desiderat:
1583 2088 1665 2106 exem-

895 2110 990 2140 plorum
1001 2109 1068 2132 enim
1081 2109 1147 2140 plena
1159 2108 1211 2133 sunt
1223 2110 1313 2134 omnia.
1327 2110 1428 2141 patribus
1442 2118 1519 2136 autem
1527 2111 1664 2138 authoribus

895 2142 975 2164 minus
981 2141 1079 2171 quidem
1087 2142 1178 2168 multae,
1198 2140 1235 2164 sed
1242 2142 1416 2172 aliquottamen
1424 2144 1471 2167 latae
1479 2143 1541 2170 sunt,
1551 2150 1575 2167 ut
1584 2146 1665 2170 Petilia

895 2173 924 2196 de
931 2173 1034 2199 ambitu,
1047 2171 1162 2196 atribuite
1171 2173 1520 2204 plebistributiscomitiislata3
1534 2175 1563 2199 de
1571 2184 1614 2207 qua
1626 2177 1664 2200 Li-

896 2206 946 2228 vius
958 2204 1022 2227 libro
1037 2207 1085 2228 vn.
1101 2206 1215 2235 Qixritur
1225 2206 1310 2232 etiam,
1328 2205 1437 2237 (pergam
1451 2215 1500 2232 non
1515 2207 1644 2231 dubitando
1654 2225 1661 2235 ,

895 2244 945 2268 quo
954 2244 1003 2259 non
1018 2235 1095 2259 solum
1106 2243 1213 2261 veterum
1226 2237 1341 2260 librorum
1355 2237 1497 2266 observatio,
1515 2239 1552 2262 led
1565 2238 1611 2269 ipsa
1625 2246 1664 2263 me

896 2268 1028 2295 comestura
1034 2267 1113 2297 durit)
1131 2276 1210 2292 utrum
1220 2269 1353 2292 centuriatis
1364 2271 1470 2294 comitiis
1481 2272 1543 2301 leges
1555 2268 1674 2298 amajore*

880 2316 882 2325 s
897 2299 1124 2331 tantummagistratu
1133 2317 1139 2326 ,
1157 2301 1261 2324 anetiam
1274 2299 1286 2323 a
1300 2303 1393 2325 minore
1405 2301 1526 2326 ferrentur.
1539 2301 1665 2330 faciamus,

94 2330 158 2360 leges
166 2345 172 2354 ,
191 2336 240 2359 qua:
247 2333 379 2351 centuriatis
385 2328 491 2351 comitiis
497 2327 610 2352 ferrentur
632 2327 672 2354 es.
680 2332 708 2353 C-
719 2336 755 2353 aut
764 2331 864 2361 patribus
896 2332 962 2362 quod
970 2339 1070 2355 oratores
1080 2331 1167 2355 solent:
1181 2334 1283 2363 quicum
1291 2332 1386 2357 testibus
1397 2341 1446 2357 rem
1455 2333 1549 2364 probate
1557 2340 1604 2356 non
1612 2333 1675 2364 pos-2

94 2359 353 2389 nuthoxibusessklitffi
368 2358 550 2391 quodfifastum
556 2368 748 2393 uunquamantea
754 2368 866 2393 uouerat,
896 2364 963 2393 sunt,
980 2370 1168 2395 argumentantur
1181 2363 1287 2392 insimili,
1305 2365 1382 2389 &hoc
1389 2372 1472 2398 genere
1479 2364 1536 2396 [πρε
1548 2364 1620 2389 fidem
1634 2365 1670 2389 fa-

1203 2398 1306 2428 Ppppp
1330 2404 1340 2423 3
1592 2397 1668 2423 ciunt.
