2075 2734
15 76 18 91 l

0 0 19 136 ll
319 107 372 136 De
391 113 568 136 civia-Art
587 114 629 135 ετ
648 101 739 143 jun
759 111 894 132 clvluM
913 101 1167 135 Romanum
1207 106 1289 135 Cn.
1306 115 1336 134 ι.
1582 115 1636 152 ⁶⁰3

744 173 856 208 Porcia
880 173 942 207 lex.

99 245 192 272 Secuta
204 239 322 269 Valerias
340 238 411 276 leges
429 239 467 267 est
482 237 584 269 Porcia,
603 244 685 274 quam
700 234 761 263 tulit
779 239 821 263 M.
838 234 935 263 Porcius
948 234 1061 264 tribunus
1074 235 1157 274 plebis
1169 258 1178 271 ,
1200 239 1296 269 eodem
1310 249 1381 270 anno
1394 251 1399 268 :
1421 240 1466 268 Ne
1479 243 1537 279 quis
1551 247 1637 282 magi-

14 285 18 295 *
61 283 152 312 stratus
165 281 253 308 civem
269 281 427 306 Romanum
440 276 522 314 virgis
533 275 661 307 caederet,
680 280 837 303 necaretve:
856 272 900 301 sed
915 275 1044 303 damnato
1057 276 1165 315 exilium
1177 279 1347 313 permitteret
1359 290 1365 307 :
1387 289 1449 308 cum
1465 288 1542 309 antea
1556 285 1640 312 nudo-

13 299 18 379 l
62 330 124 350 rum
140 319 229 348 cervix
244 317 402 346 insereretur
413 314 506 345 furcae,
527 322 623 350 corpus
636 314 718 351 virgis
731 313 763 340 ad
778 321 873 340 necem
889 314 1041 342 caederetur.
1078 313 1167 340 Lurius
1177 315 1220 344 lib.
1231 328 1273 345 10.
1291 320 1376 346 Cicero
1389 328 1440 355 pro
1455 319 1567 349 Rabirio
1580 330 1640 359 per-

13 382 16 394 ·
61 357 199 389 duellionis
212 367 273 390 κο,
294 357 321 385 ὃς
335 354 400 392 ssepe
411 353 486 385 alias,
505 350 637 390 Sallustius
649 353 677 381 in
691 351 876 388 conjuratione
891 352 1027 384 Catilinae,
1049 352 1178 380 Suetonius
1192 354 1220 383 in
1236 356 1346 385 Nerone
1355 378 1363 390 ,
1383 359 1410 387 δε
1425 357 1477 387 alii.

13 401 17 451 ᾇ
701 407 880 453 Sempronia
903 405 994 451 leges.

61 478 63 480 ·
101 468 222 497 Porciam
237 465 298 495 inde
310 464 387 502 legem
402 461 543 503 Sempronia
555 461 615 492 sunt
630 461 775 492 consecuta:
788 483 796 494 ‚
823 460 836 489 a
851 465 884 490 G.
905 461 1047 496 Sempronio
1060 464 1167 491 Graccho
1181 464 1278 493 tribuno
1299 465 1382 503 plebis
1393 489 1400 500 ‚
1421 469 1569 508 Qcacilio
1580 476 1637 500 Me.

13 503 15 512 ⁴
63 505 136 536 tello,
156 511 188 534 T.
199 502 320 543 Qinfflo
334 501 459 530 Flammio
470 501 542 529 Cofl‘.
555 512 626 530 anno
644 510 750 531 mcxxx-
764 500 822 529 latae
836 521 844 533 ,
866 501 911 528 Ne
923 501 957 528 de
971 502 1059 537 capite
1078 503 1143 531 civis
1159 504 1279 532 Romani
1295 525 1302 535 ‚
1322 506 1418 541 injussu
1431 508 1523 544 populi
1536 509 1639 545 judica-

61 553 143 574 retur.
162 546 201 573 Ut
208 544 251 581 qui
258 541 424 579 magistratus
432 540 531 568 indieta
541 541 650 569 causain
659 542 747 569 civem
757 540 916 567 Romanum
924 539 1152 569 animadvertisset
1159 561 1168 573 ‚
1189 542 1223 569 de
1237 552 1269 570 eo
1277 544 1369 581 populi
1379 546 1486 581 quaestio
1499 548 1641 577 constitue.

60 590 150 610 retur:
169 581 240 618 quod
248 588 359 618 propter
371 580 401 606 P.
409 578 540 613 Popillium
552 581 629 614 Cujus
641 579 716 610 tulit,
737 578 812 614 aquo
820 576 935 606 Consule
943 577 1047 606 Tiberii
1056 579 1144 607 fratris
1154 579 1219 608 socii
1233 581 1328 609 misere
1343 582 1447 612 fuerant
1458 584 1590 618 divexati,
1609 594 1639 616 ut

59 629 122 649 eum
130 618 311 651 ulcisceretur,
331 626 411 655 atque
420 617 507 650 Urbe,
528 619 592 646 ut&
599 616 678 649 fecit,
699 616 849 652 expelleret.
870 616 1022 645 Eratetiam
1030 616 1082 645 hoc
1091 626 1184 645 earum
1191 627 1283 655 caput:
1304 623 1343 646 Ne
1354 620 1411 660 quis
1423 621 1510 652 coiret,
1529 624 1643 652 comm.

58 666 112 685 ret:
131 667 182 696 quo
193 656 252 695 quis
256 655 354 691 judicio
359 654 455 689 publico
467 655 699 684 circumveniretur.
722 657 812 691 Qam
819 655 909 692 legem
918 653 1005 682 Cicero
1013 655 1040 684 in
1049 655 1207 685 Cluentiana
1214 677 1221 688 ,
1241 657 1269 685 in
1277 657 1409 687 senatorer
1418 681 1426 691 ,
1445 669 1495 696 pro
1502 660 1579 697 plebe
1588 663 1639 692 effi:

59 694 141 723 iatam
149 695 224 723 dicit.
245 694 349 721 Carolus
363 692 478 731 Sigonius
491 695 628 731 opinatur,
649 695 730 722 etiam
745 693 856 721 Pomm
866 692 944 731 legem
955 693 988 721 ab
1002 704 1035 721 co
1043 694 1155 722 relatam
1168 694 1253 725 fuisse.
1273 699 1311 723 Ne
1324 696 1489 735 magistratus
1500 699 1579 728 civem
1590 704 1641 729 Ro.

59 743 165 761 manum
179 731 255 770 ungis
266 733 381 763 caderet,
401 731 645 768 autftcuriferiret.
673 731 859 760 Meminerunt
874 731 969 759 harum
983 731 1075 770 legum
1092 731 1175 760 cicero
1190 742 1239 769 pro
1252 734 1363 762 Rabirio
1375 755 1382 766 ‚
1401 745 1451 772 pro
1459 737 1568 770 Domo,
1588 748 1640 776 pro

57 771 184 799 Cluentio
192 792 199 802 ,
219 774 246 799 ἔς
258 770 327 798 libro
341 780 365 807 3.
375 770 408 797 de
416 770 541 807 Legibus.
560 769 705 798 Plutarchus
712 770 740 797 in
748 768 885 798 Gracchis.
905 770 982 797 Idem
991 774 1073 798 Cicero
1087 781 1111 806 7.
1132 773 1246 799 Verrina
1255 772 1400 800 exclamat:
1421 776 1555 804 Onomen
1564 777 1640 806 dulce

55 808 197 838 libertatis:
218 810 235 835 ὁ
247 809 289 844 jus
301 808 432 837 eximium
440 808 534 835 nostrae
541 808 667 835 civitatis:
687 810 704 836 ὁ
715 807 757 835 lex
764 806 848 834 Porcia
856 828 864 839 ‚
883 807 994 846 legesque
1001 810 1155 844 Sempronia.
1177 810 1291 838 Videtur
1298 819 1390 839 autem
1405 820 1547 849 exceptum
1557 816 1639 852 parri.

53 848 156 883 cidium
164 846 204 877 his
217 845 318 884 legibus
332 844 407 873 suissi:
412 865 421 880 ,
442 855 504 875 cum
511 846 540 875 in
547 846 668 874 oratione
675 855 726 883 pro
733 848 805 874 Sext.
811 844 913 874 Roscio
919 866 927 878 ‚
948 853 1026 875 vetus
1035 846 1196 884 supplicium
1205 857 1449 878 commemoretur.

637 901 770 949 Papiria
785 899 840 934 lex
855 897 893 933 de
908 901 1047 934 civitate.

94 969 167 996 Cum
179 965 263 1002 igitur
274 968 348 992 tanta
359 960 464 990 libertas
478 963 505 990 &
518 966 591 990 tanta
605 962 720 1000 dignitas
733 961 835 990 civium
858 962 1050 989 Romanorum
1065 962 1130 991 estet
1141 982 1150 995 ‚
1170 963 1233 991 ideo
1248 962 1348 991 factum
1366 985 1375 996 ‚
1394 970 1424 993 ut
1437 966 1521 994 exteri
1535 967 1642 1003 Latini‚'

49 1005 83 1037 ἃ
96 1005 155 1035 Itali
167 1004 277 1033 summo
290 1001 375 1028 studio
387 999 542 1034 adipifiendae
555 999 667 1027 civitatis
679 1006 848 1028 tenerentur:
867 999 990 1028 nonnulli
1001 1000 1084 1028 etiam
1100 1009 1152 1037 pro
1165 1000 1216 1029 suis
1227 1002 1255 1029 in
1271 1001 1466 1039 rempublicam
1481 1005 1638 1036 Romanam

54 1045 158 1074 meritis
171 1044 355 1078 impetrarent.
393 1038 468 1065 Nam
482 1041 514 1064 L.
530 1037 644 1073 Papirius
655 1046 754 1074 praetor
767 1058 774 1070 ,
793 1047 865 1066 anno
875 1047 977 1067 cornix.
990 1039 1062 1066 CossZ
1082 1038 1194 1067 Cornelio
1206 1038 1274 1078 Cqffia
1289 1041 1390 1070 Arvina
1406 1051 1445 1070 11.
1461 1045 1510 1071 Cn.
1522 1043 1637 1073 Domitio

49 1081 176 1115 Calvino,
195 1081 285 1117 legem
297 1077 372 1110 tulit,
391 1083 421 1104 ut
436 1077 576 1106 Acerranis
591 1077 683 1106 civitas
695 1076 749 1105 [ωε
763 1075 889 1115 suffragio
903 1077 1019 1106 daretur.
1037 1076 1127 1105 Livius
1139 1077 1221 1108 lib.8.

739 1129 870 1164 Valeria
891 1129 954 1163 lex.

93 1196 130 1225 Et
142 1200 172 1224 C.
185 1193 301 1222 Valerius
315 1196 411 1236 Τόφρα,
429 1189 545 1234 tribqnus
561 1190 645 1233 plebis
658 1199 728 1232 anno
742 1194 883 1230 nux-3²21.
889 1189 996 1230 Claudio
1003 1190 1122 1218 Marcello
1135 1201 1160 1219 v.
1169 1196 1200 1220 T.
1209 1190 1329 1230 Qinfflo
1341 1192 1452 1228 Crispino
1465 1194 1537 1222 Coffi
1548 1194 1637 1233 legem

51 1234 131 1302 31],ξῖ
147 1232 357 1307 ἒξῖξιὲτῧῗῗὲὶὲῗ,
376 1230 522 1261 Fundanis,
543 1227 715 1264 Arpinatibus
722 1226 918 1266 ssffiagnlano
936 1229 1018 1262 (nam
1031 1236 1094 1257 ante
1105 1228 1159 1257 fine
1177 1229 1302 1268 suffragio
1321 1230 1465 1261 habuerant
1478 1233 1637 1269 civitatem)

488 1316 627 1353 claudia
646 1318 698 1352 lex
713 1316 751 1351 de
763 1317 852 1363 ficiis
875 1329 912 1351 ac
929 1319 1060 1351 nominis
1076 1318 1201 1352 Latini.

93 1386 158 1414 Nec
170 1393 236 1412 vero
250 1384 285 1411 ita
298 1389 402 1411 temere
414 1382 496 1410 cuivis
509 1379 641 1408 civitatem
654 1378 779 1415 impertiri
792 1379 942 1408 voluerunt.
982 1380 1071 1417 Qare
1085 1390 1149 1408 cum
1167 1381 1308 1417 aliquando
1324 1381 1402 1411 multi
1419 1392 1452 1411 ex
1467 1385 1567 1414 Latinis
1579 1387 1638 1414 1202

52 1426 130 1454 'mam
147 1423 215 1452 clam
230 1422 393 1458 migrarent,
413 1419 503 1456 ibique
517 1428 567 1454 pro
580 1418 681 1447 civibus
692 1419 825 1458 Romanis
838 1417 890 1446 sese
903 1426 1044 1454 gererent,
1064 1427 1144 1456 atque
1158 1428 1188 1446 ea
1202 1419 1236 1446 de
1248 1429 1277 1447 re
1283 1418 1419 1448 sociorum
1430 1422 1510 1459 legati
1521 1426 1639 1460 graviter

54 1468 240 1500 quererentur:
263 1461 295 1487 C.
312 1456 437 1485 Claudius
449 1456 548 1484 Consul
563 1466 626 1484 cum
641 1461 672 1484 T.
687 1459 839 1491 Sempromo,
859 1465 930 1484 anno
950 1464 1079 1485 IDLXXVI.
1097 1466 1129 1484 ex
1142 1456 1367 1487 senatusconsulto
1379 1458 1467 1496 legem
1483 1460 1545 1489 tulit
1555 1482 1563 1493 ,
1584 1464 1640 1490 edi-

54 1501 162 1536 aitque,
181 1506 213 1526 ut
227 1498 271 1534 qui
285 1506 318 1524 ex
332 1495 424 1528 sociis,
445 1504 476 1522 ac
490 1495 576 1522 Latini
590 1495 710 1522 nominis
722 1494 783 1532 ipfi,
805 1493 955 1530 majoresve
969 1503 1065 1521 eorum
1087 1499 1126 1522 M.
1145 1495 1271 1527 Claudio,
1292 1501 1323 1524 T.
1335 1496 1456 1533 Qincho
1471 1499 1638 1533 censoribus,

54 1538 166 1575 postque
179 1546 209 1564 ea
227 1536 295 1572 apud
309 1533 395 1562 socios
414 1532 533 1560 nominis
546 1531 635 1560 Latini
651 1532 720 1560 cenfi
740 1532 822 1561 effent
835 1553 842 1564 ‚
877 1541 975 1559 omnes
996 1532 1025 1559 in
1044 1532 1118 1559 suam
1135 1533 1244 1570 quisque
1264 1533 1403 1562 civitatem
1422 1543 1484 1562 ante
1500 1536 1560 1564 Kal.
1576 1539 1636 1565 No-

55 1575 177 1603 vembris
191 1574 316 1600 redirent.
336 1573 461 1608 Cumque
474 1578 564 1602 antea,
584 1570 643 1608 lege
655 1570 744 1602 sociis,
765 1580 796 1598 ac
810 1571 930 1598 nominis
946 1570 1052 1602 Latini,
1071 1570 1117 1607 qui
1125 1570 1232 1608 stirpem
1248 1580 1281 1598 ex
1293 1570 1347 1598 sese
1360 1572 1438 1599 domi
1450 1572 1639 1610 relinquerent,

55 1614 149 1642 datum
162 1611 238 1642 esset,
259 1618 289 1638 ut
302 1610 373 1636 cives
386 1609 504 1635 Romani
518 1608 626 1640 fierent,
647 1618 730 1646 eaque
741 1609 800 1646 lege
809 1608 879 1636 male
891 1608 1002 1645 quidam
1015 1607 1203 1640 abuterentur,
1221 1608 1333 1646 suosque
1345 1608 1458 1641 liberos,
1479 1620 1546 1648 quos
1560 1613 1639 1642 domi

55 1651 206 1688 relinquere
219 1657 252 1676 ex
267 1648 326 1684 lege
339 1645 485 1674 debebant,
504 1644 701 1683 quibuscunque
716 1647 848 1675 Romanis
862 1647 890 1674 in
904 1655 962 1673 eam
979 1647 1179 1678 conditionem,
1199 1654 1229 1675 ut
1242 1649 1513 1678 manumitterentur,
1534 1652 1637 1678 manci-

54 1690 103 1727 pio
114 1689 220 1718 darent,
240 1694 270 1714 ut
282 1684 397 1714 libertini
408 1684 479 1711 cives
493 1683 588 1712 essent:
607 1685 695 1712 addita
709 1684 763 1712 haec
775 1685 817 1713 lex
830 1685 878 1712 est:
900 1687 942 1711 Ne
950 1683 1006 1722 quis
1014 1693 1088 1722 quem
1098 1683 1211 1711 ciwtatis
1224 1686 1352 1713 mutanda
1363 1685 1636 1722 caufivfimmsaceret,

54 1737 124 1757 neve
137 1726 278 1756 alienaret:
298 1726 325 1753 ἃ
334 1721 417 1760 fiquis
429 1722 466 1750 ita
479 1723 545 1751 civis
559 1723 699 1750 Romanus
713 1722 797 1750 faetus
810 1723 887 1753 esset,
908 1723 972 1750 civis
983 1731 1039 1750 non
1051 1722 1124 1751 effet.
1142 1722 1233 1751 Livius
1247 1723 1293 1751 lib.
1302 1733 1348 1759 «μ.

546 1778 646 1826 Papia
662 1783 709 1811 (9‘
725 1774 834 1822 Junia
850 1775 902 1809 lex
915 1773 953 1808 de
963 1777 1143 1822 peregrinis.

94 1841 156 1870 Post
167 1840 258 1878 legem
272 1837 412 1866 Claudiam
430 1845 486 1864 non
499 1835 592 1864 multis
605 1837 679 1864 annis
690 1835 740 1864 lata
754 1837 790 1864 est
805 1835 882 1871 Papia
893 1835 925 1863 de
937 1833 1042 1863 civitate
1053 1856 1061 1868 ,
1081 1845 1136 1874 quo
1149 1844 1220 1864 anno
1239 1836 1372 1864 incertum
1386 1858 1395 1870 ,
1416 1838 1491 1874 cujus
1504 1838 1633 1871 sententia

57 1880 112 1908 haec
124 1879 191 1910 fuit,
210 1885 240 1906 ut
251 1876 385 1914 peregrini
399 1874 465 1902 urbe
478 1876 570 1902 Roma
582 1875 784 1911 expellerentur.
805 1874 890 1903 Cicero
902 1884 952 1911 pro
967 1873 1056 1902 Balbo.

96 1917 217 1944 Eandem
227 1915 317 1952 legem
332 1923 402 1940 anno
419 1921 534 1941 mcxxvi
543 1922 565 1939 ¹.
580 1913 757 1940 M.zm.AEm1'l.
773 1912 877 1948 Lepido,
899 1914 930 1939 L.
943 1911 1050 1938 Aurelio
1063 1910 1147 1948 Oreste
1161 1912 1232 1939 Coss.
1245 1916 1285 1938 M.
1301 1912 1404 1948 Junius
1418 1914 1517 1941 Pennus
1530 1916 1628 1949 retulit,

24 1978 26 1980 ,
58 1958 87 1985 &
100 1954 204 1990 insuper
217 1952 268 1980 hoc
281 1952 395 1983 addidit,
416 1960 446 1980 ut
459 1951 592 1987 peregrini
604 1950 650 1979 usu
663 1951 777 1979 civitatis
788 1950 1003 1987 prohiberentur.
1041 1949 1170 1976 Meminit
1185 1949 1260 1986 hujus
1271 1950 1336 1987 legis
1349 1971 1356 1983 ‚
1378 1950 1461 1989 Festux
1474 1971 1482 1981 ,
1502 1954 1529 1982 ὅς
1545 1954 1631 1984 Cicer,

58 1993 105 2022 lib.
117 2003 140 2031 3.
154 1993 188 2020 de
201 1990 311 2022 officiis,
331 1989 376 2019 ubi
387 1989 456 2018 hanc
466 1989 557 2027 legem
570 1988 743 2016 inhumanam
758 1988 934 2027 reprehendit.

405 2045 524 2079 Fulvia
539 2051 585 2079 <9⁹
599 2046 777 2093 Sempronia
791 2044 842 2077 lex
858 2043 896 2078 de
908 2043 1038 2078 civitate
1054 2043 1150 2076 Italis
1165 2041 1281 2078 danda.

99 2110 166 2138 Non
181 2108 269 2138 multo
282 2108 339 2146 post
351 2111 391 2135 M.
404 2105 510 2135 Fulvius
524 2106 622 2134 Flaccus
636 2106 738 2135 Consul
752 2116 815 2135 cum
829 2111 868 2134 M.
879 2106 983 2134 Plautio
995 2106 1104 2145 Hst’saeo,
1124 2115 1195 2134 anno
1208 2104 1240 2133 ab
1251 2103 1326 2134 Urbe
1341 2107 1451 2136 condita
1469 2108 1632 2138 mcxxviii.

59 2147 149 2186 legem
162 2146 344 2185 promulgavit
356 2146 387 2172 de
399 2145 503 2173 ciuitate
514 2145 588 2174 Italis
601 2145 686 2174 danda
698 2156 705 2173 :
725 2155 819 2174 verum
833 2146 990 2183 indignante
1005 2165 1013 2177 ,
1037 2152 1117 2181 atque
1136 2144 1284 2179 adverfimte
1295 2145 1388 2180 ftnatu
1400 2166 1409 2178 ‚
1434 2156 1465 2174 ac
1484 2146 1563 2175 miffo
1575 2169 1584 2180 ,
1606 2151 1634 2177 ὃς

59 2195 144 2224 prope
158 2186 301 2214 amandato
314 2184 341 2211 in
355 2184 523 2220 provinciam
536 2189 576 2211 M.
591 2184 679 2212 Fulvio
688 2205 695 2216 ,
714 2183 780 2213 nihil
790 2183 919 2212 effestum
932 2184 979 2211 est.
1009 2183 1142 2218 Appianas
1153 2181 1201 2210 lib.
1220 2193 1240 2210 1.
1256 2183 1311 2211 Bel.
1325 2183 1395 2211 civil.
1419 2183 1530 2211 Valerius
1541 2185 1634 2212 Maxi-

59 2236 117 2252 mm
136 2223 205 2252 libro
219 2235 244 2261 9.
261 2233 318 2261 cap.
335 2232 360 2258 5.
380 2221 511 2249 Triennio
528 2223 586 2258 post
601 2225 633 2251 C.
648 2223 770 2251 Gracchus
782 2222 895 2251 tribunus
916 2220 1000 2259 pleBis
1019 2222 1107 2259 legem
1123 2221 1191 2249 hanc
1209 2221 1319 2252 retulit;
1341 2224 1379 2249 Ut
1386 2221 1460 2256 ficiis
1475 2222 1575 2250 Latinis
1586 2225 1634 2257 jus

52 2262 136 2301 fieffia
153 2262 173 2290 ii
187 2263 290 2300 serendi
306 2283 312 2293 ,
327 2259 431 2295 perinde
447 2268 477 2287 ut
494 2260 586 2288 civibus
598 2260 720 2289 Romanis
737 2261 804 2300 effes.
843 2260 995 2290 Plutarchus
1015 2261 1042 2288 in
1057 2260 1192 2289 Gracchis.
1231 2259 1356 2295 Appianas
1370 2259 1440 2289 libro
1466 2271 1488 2288 1.
1508 2262 1542 2289 de
1556 2260 1633 2288 Bellis

59 2274 180 2330 civililius
194 2312 200 2328 :
222 2301 345 2328 Gracchus
360 2299 456 2327 multas
472 2298 543 2335 leges
562 2300 745 2338 promulgavit
767 2301 799 2328 de
813 2300 918 2335 judiciis
931 2321 938 2332 ,
958 2300 991 2327 de
1004 2299 1054 2327 viis
1067 2319 1074 2331 ,
1096 2299 1128 2327 de
1142 2298 1253 2327 coloniis
1264 2321 1270 2331 ,
1292 2301 1317 2328 ἃ
1331 2299 1362 2327 ad
1377 2308 1473 2327 omnes
1494 2301 1634 2327 Romano-

60 2349 121 2368 rum
137 2349 178 2368 res
198 2341 309 2368 Latinos
321 2335 468 2366 advocabat
480 2358 487 2369 ,
515 2337 585 2374 quafi
605 2337 670 2366 vero
690 2338 790 2367 senatus
809 2337 964 2366 hominibus
982 2337 1182 2375 consanguineis
1200 2337 1308 2365 honeste
1333 2347 1481 2375 repugnare
1501 2347 1555 2365 non
1574 2337 1636 2374 pos-

59 2377 105 2418 set.
124 2377 246 2418 Reliquis
259 2387 324 2407 vero
337 2376 427 2408 sociis,
440 2373 536 2415 quibus
541 2377 586 2412 jus
591 2375 713 2416 suffragii
728 2387 784 2407 non
796 2384 869 2411 erat,
890 2377 1044 2415 suffragium
1052 2378 1080 2404 in
1089 2376 1223 2415 posterum
1234 2375 1330 2411 dabat,
1349 2376 1467 2408 ut&h0s
1481 2377 1508 2405 iu
1517 2375 1636 2442 i'erelridis

940 2417 1043 2455 §geg
1061 2425 1076 2446 2
1569 2422 1641 2452 ,0312
