2075 2734
659 110 1041 156 PITISCI
1096 108 1628 155 PRAEFATIO.

357 185 569 241 Pyramide
580 185 619 226 C.
634 184 745 237 Cestii
758 182 956 236 Epulouis.
989 176 1178 218 Defendit
1188 176 1275 217 illos
1287 176 1340 217 sat
1349 178 1485 218 validis
1507 179 1740 233 argumentis
1751 182 1930 226 Rofinus.

353 243 551 297 Johauues
563 241 665 280 Faes
675 239 728 278 ad
738 236 947 288 Gyraldum
959 235 1002 274 de
1005 232 1214 287 st’pelieudi
1223 232 1381 272 ritibus.
1423 236 1512 273 Hoc
1525 234 1743 275 institutum
1755 238 1803 277 ad
1817 240 1934 280 Vale-

356 299 456 337 rium
480 294 726 349 Poplicolam
750 290 918 331 referunt
931 317 942 336 ‚
972 288 1020 326 de
1041 300 1124 340 quo
1146 286 1374 326 Plutarchus
1396 287 1436 326 in
1455 289 1534 340 ejus
1560 291 1639 330 vita
1650 323 1658 336 ‚
1691 292 1865 346 &Johan
1872 309 1933 336 nes

354 350 523 392 Rosmus
553 348 847 402 Antiquitatum
862 345 1124 384 Romanarum
1139 355 1244 394 v.39.
1271 342 1308 380 in
1322 341 1523 383 confilium
1536 344 1798 386 adhibeantur.
1830 349 1933 390 Pro-

353 406 545 447 baveruut
559 437 567 450 ‚
597 405 663 458 qui
675 403 812 443 diurna
823 400 1079 452 uoc‘Juruaque
1091 410 1205 437 mauu
1216 397 1420 437 triverunt
1432 425 1443 443 ‚
1463 397 1800 452 studz'ostlecrores.
1851 403 1936 445 Hoc

354 475 421 501 uos
432 461 562 500 docent
572 467 629 499 tot
640 458 824 498 editiones
840 483 850 502 ‚
880 466 963 508 quae
974 467 1048 493 uua
1059 459 1174 491 aetate
1185 452 1225 493 {a
1234 451 1333 505 quod
1340 453 1519 492 excurrit
1518 455 1753 507 prodierunt
1764 485 1776 503 ,
1788 458 1828 498 in
1839 460 1933 508 folio

355 514 570 567 Bafilieusts
588 529 602 553 1
614 513 660 564 58
669 528 701 561 3.
732 509 961 562 ‘Parrsseusts
980 522 995 546 Ι
1005 510 1027 547 6
1041 521 1053 545 1
1067 520 1100 559 3.
1115 508 1154 546 in
1167 516 1308 559 quarto
1323 506 1580 560 Lugduueusts
1598 523 1613 547 1
1623 511 1716 551 606.
1746 512 1937 554 Colonieu-

346 569 403 626 fis
429 570 544 609 1620.
576 565 805 618 Geueveufis
823 566 898 605 162
908 580 940 602 2.
966 562 1006 604 &5
1026 575 1040 600 1
1050 563 1142 613 640.
1177 561 1432 614 Lugduueusts
1450 575 1465 599 1
1475 563 1553 614 663
1582 563 1760 617 &-1685.
1790 567 1886 608 Haec
1897 570 1937 609 in

359 623 586 673 auteccssum
597 632 636 661 te
637 622 744 673 scire
753 620 859 659 volui
882 619 928 657 B.
944 617 991 656 L.
1022 616 1069 656 Iu
1081 617 1153 655 hac
1162 628 1262 655 uova
1274 616 1369 670 quid
1380 616 1631 672 praestiterim
1641 645 1653 664 ,
1683 621 1938 676 tandempau-

360 680 418 718 cis
429 679 564 731 accipe.
594 676 758 718 Thomas
769 673 1023 727 ‘Dempsterus
1035 672 1104 711 vir
1115 671 1342 721 multiscius,
1355 672 1445 725 quia
1455 672 1584 711 multae
1595 674 1768 713 lediioais
1780 675 1820 717 &
1830 687 1938 718 tena-

363 732 508 784 ciffimae
519 733 704 771 memoriae
725 727 1013 769 meditabundus
1023 727 1202 766 aitc‘Jores
1213 754 1224 772 ,
1254 739 1348 779 quos
1369 726 1503 766 laudat
1512 754 1525 773 ,
1553 741 1620 767 uec
1640 730 1818 780 evolviffe
1833 758 1846 778 ‚
1875 745 1943 774 nec

363 788 558 843 iuspexiffl’
571 809 580 833 3
601 786 797 839 ssdfhlius
809 783 994 823 memoria
1005 781 1177 834 beneficio
1188 782 1305 820 nixus
1316 781 1438 821 omnia
1449 808 1461 827 ,
1490 790 1534 822 ut
1545 783 1565 821 ὲ
1576 784 1718 822 calamo
1716 784 1941 836 fluxerunt,

362 843 463 897 quod
473 844 520 892 se
530 842 668 892 facere
689 839 910 891 coustteviffe
931 836 1072 877 alicubi
1085 836 1249 889 agnoscit
1262 835 1436 889 &jac-fat
1449 835 1708 887 Nobilzffimus
1720 839 1916 881 Barthius
1926 870 1939 889 ,

363 899 403 937 iu
414 897 575 945 chartas
587 895 772 949 cory'eciffe
781 894 950 933 videtur.
992 892 1023 932 S
1023 900 1089 931 uut
1101 890 1192 930 adeo
1202 891 1333 929 lacera
1345 917 1357 936 ‚
1386 889 1477 929 adeo
1488 891 1582 931 luxa
1593 918 1605 938 ,
1634 892 1724 932 adeo
1735 896 1885 944 confusa
1899 896 1940 939 ὥ

365 952 581 1004 indistineJa
593 979 603 997 ,
632 963 714 1003 quae
727 949 892 988 advocat
904 975 916 994 ,
947 957 1137 991 veterum,
1156 942 1581 999 praecipue'Graecorum
1593 947 1815 999 testimonia.
1845 950 1936 1004 Isto.

364 1020 452 1047 rum
466 1008 540 1046 vix
555 1005 720 1046 decimus
731 1003 780 1054 est
790 1035 799 1049 ‚
830 1016 938 1057 quem
949 1003 1098 1054 integre
1110 1000 1246 1040 laudat
1256 1028 1268 1047 ‚
1287 998 1540 1054 scriptorum.
1570 999 1602 1041 S
1601 1001 1650 1040 ed
1646 1011 1775 1055 panno
1784 1012 1865 1043 tam
1877 1019 1940 1046 no-

363 1062 436 1102 bili
445 1070 514 1102 aut
525 1061 570 1100 de
572 1061 643 1110 βω
653 1058 748 1113 quid
753 1057 863 1098 addit
874 1088 884 1103 ‚
914 1064 983 1096 aut
995 1057 1096 1096 mala
1096 1055 1237 1108 forfice
1248 1055 1343 1108 quid
1351 1056 1482 1106 aufert
1493 1055 1533 1097 (5
1543 1058 1693 1109 reftcat
1704 1085 1715 1104 ‚
1744 1059 1940 1100 minimum

365 1117 498 1157 ordine
511 1144 523 1162 ,
552 1128 661 1169 quem
671 1114 810 1166 fallax
830 1114 1010 1151 memoria
1023 1111 1164 1150 calamo
1179 1110 1352 1164 fitggerit
1365 1138 1377 1157 ,
1405 1110 1578 1162 disponit.
1617 1111 1817 1165 Johauues
1836 1115 1939 1166 Rosi-

366 1186 438 1211 uus
449 1199 460 1218 ‚
489 1170 650 1210 Thomas
662 1169 917 1221 ‘Dempsterus
928 1166 968 1208 &5
980 1166 1136 1206 ‘Paulus
1148 1166 1355 1206 Manutius
1368 1192 1381 1212 ‚
1411 1165 1521 1219 ciffus
1532 1166 1652 1206 libros
1662 1166 1708 1206 de
1722 1168 1887 1222 Legibus
1900 1170 1942 1212 {5

368 1227 514 1267 Senatu
525 1226 579 1266 ad
585 1226 725 1265 calcem
737 1224 863 1276 operis
875 1221 1045 1276 adjecJos
1056 1220 1171 1260 vides
1182 1247 1195 1267 ,
1223 1220 1383 1260 laudaut
1401 1234 1445 1260 ea
1457 1252 1466 1266 ,
1496 1234 1578 1274 quae
1590 1221 1694 1273 apud
1701 1224 1920 1276 scriptores
1930 1256 1939 1271 ‚

370 1295 463 1336 quos
476 1279 636 1321 laudaut
647 1307 659 1326 ,
678 1278 753 1331 fi'd
770 1291 838 1318 uou
850 1279 924 1317 loco
937 1305 947 1323 ‚
976 1289 1085 1330 quem
1096 1275 1269 1315 iudicant
1279 1305 1296 1321 ,
1324 1276 1576 1316 inveniuntur
1589 1291 1597 1315 :
1627 1276 1700 1316 imo
1712 1277 1808 1317 huuc
1819 1306 1831 1324 ,
1860 1293 1943 1319 cum

367 1338 476 1376 illum
489 1335 653 1375 laudare
662 1334 865 1384 debuiffi’ut
875 1361 886 1379 ‚
913 1331 1073 1372 laudant
1076 1332 1321 1382 scriptorem.
1361 1330 1552 1383 Exempla
1563 1345 1611 1370 ex
1621 1332 1757 1371 multis
1758 1341 1887 1385 pauca
1886 1335 1941 1386 fi-

366 1392 447 1431 dem
462 1391 626 1443 facient.
670 1389 835 1427 Lavatio
860 1386 989 1425 Deum
1012 1386 1140 1424 matris
1160 1382 1214 1423 est
1238 1384 1355 1423 hodie
1367 1415 1383 1430 ,
1408 1385 1522 1438 Jovis
1542 1385 1700 1437 epulum
1714 1399 1799 1425 cras>
1812 1386 1875 1426 est.
1889 1419 1896 1427 .
1911 1420 1918 1428 .
1933 1423 1942 1430 .

366 1444 603 1488 2Aruome
614 1443 944 1495 adverfttsgeutes
954 1440 1124 1491 scribere
1135 1439 1234 1479 libro
1240 1438 1406 1489 secundo
1418 1439 1576 1478 totidem
1588 1440 1783 1481 elementis
1795 1443 1943 1493 scribit

366 1501 524 1553 Rosmus
542 1513 598 1539 1v.
617 1513 648 1551 3.
659 1498 802 1548 scribit
812 1498 879 1535 hoc
891 1495 1115 1538 2A7⁴uobius
1126 1495 1187 1534 lib.
1205 1509 1229 1533 1.
1234 1504 1367 1547 pag-7.
1398 1492 1469 1533 De
1480 1493 1628 1547 legibus
1640 1495 1884 1549 sumptuariis
1895 1513 1944 1538 ex

366 1555 566 1597 Macrobio
578 1554 736 1594 saturn.
753 1553 850 1592 libro
861 1550 981 1591 tertio
1002 1560 1081 1603 cap.
1100 1565 1114 1588 1
1126 1565 1158 1598 7.
1179 1550 1300 1590 multa
1320 1548 1452 1602 adfert
1465 1548 1622 1600 Rosmus
1641 1564 1665 1589 v
1674 1564 1689 1589 1
1702 1565 1717 1590 1
1729 1565 1759 1590 1.
1777 1564 1836 1602 13.
1859 1552 1947 1593 ‘Sea'

368 1611 412 1650 de
427 1611 509 1650 illis
521 1611 603 1664 agit
616 1607 870 1648 (Macrobius
880 1605 981 1646 libro
981 1604 1146 1657 fi³cuudo
1157 1614 1235 1656 cap.
1251 1619 1267 1643 1
1279 1616 1311 1656 3.
1336 1603 1376 1645 ΕΞ
1387 1603 1484 1643 liber
1496 1605 1644 1644 tertius
1655 1632 1667 1652 ,
1681 1605 1708 1644 a
1721 1600 1850 1658 Rostao
1861 1608 1943 1648 lau-

367 1665 483 1706 datus
495 1664 687 1704 duodecim
697 1662 889 1710 capitibus
900 1660 1125 1711 absolvitur.
1168 1659 1324 1700 Gallum
1329 1659 1581 1713 gallinaceum
1595 1659 1754 1700 Latouae
1775 1672 1944 1703 amatum
1956 1686 1958 1689 f

358 1721 473 1771 fuiſje
484 1720 588 1773 apud
596 1718 828 1765 QAEliauum
841 1717 914 1770 legi
933 1729 971 1755 m
983 1715 1108 1754 Varia
1120 1713 1292 1768 Historia
1294 1713 1440 1764 scribit
1451 1714 1606 1764 Rostnus
1618 1715 1675 1755 II.
1685 1729 1699 1754 1
1711 1732 1749 1769 9.=
1778 1716 1945 1772 Legitur·

366 1775 471 1828 apud
484 1776 592 1814 illum
603 1774 650 1814 de
661 1774 787 1813 Auim.
800 1785 837 1824 4.
857 1786 874 1810 2
884 1785 920 1823 9.
951 1770 1167 1823 Templum„
1177 1770 1334 1810 Martis
1346 1767 1406 1807 bis
1420 1768 1575 1808 Ultoris
1589 1770 1636 1809 ad
1649 1769 1944 1814 similitudinem

371 1830 481 1883 Jovis
494 1829 654 1869 Feretrii
675 1827 777 1868 fabri!
785 1841 819 1865 m
843 1827 1029 1865 memoria
1041 1823 1482 1877 prodidiss'e‘Diouyslum
1493 1824 1591 1864 libro
1612 1842 1674 1877 54.
1687 1826 1834 1877 scribit
1844 1827 1946 1875 Rofi'-

372 1899 443 1925 nus
456 1885 514 1924 II.
535 1899 590 1924 10.
624 1883 815 1923 Prodidit
837 1891 963 1921 aufem
983 1880 1068 1920 Dio
1086 1880 1152 1920 lib.
1166 1892 1184 1931 5
1197 1896 1228 1930 3,
1241 1888 1333 1934 pag.
1347 1890 1365 1930 5
1378 1893 1397 1918 2
1407 1880 1442 1918 6.
1457 1879 1505 1919 A.
1529 1878 1568 1921 ξῧ
1592 1879 1798 1929 Diouyffus
1810 1914 1818 1926 ‚
1849 1883 1953 1935 quod

372 1940 437 1993 qui
459 1940 566 1978 illum
588 1940 614 1978 a
626 1939 754 1978 limine
759 1939 1044 1987 stzlutaveruut
1048 1935 1167 1988 probe
1179 1943 1340 1983 norunt„
1369 1933 1539 1974 undecim
1549 1934 1742 1975 duntaxat
1753 1935 1874 1976 libros
1876 1946 1947 1991 po-

361 1995 539 2046 steritati
548 1995 720 2047 reliquit.
756 1993 917 2045 Reginae
928 1989 1118 2029 sacrorum
1132 2021 1147 2037 ,
1176 2003 1259 2043 quo
1272 1990 1426 2028 nomine
1440 1990 1562 2043 Regis
1572 1989 1760 2029 sacrorum
1773 2004 1870 2030 uxor
1881 2005 1948 2045 ap-

375 2049 586 2102 peilabatur
600 2077 610 2095 ‚
641 2049 840 2097 memiuiffe
863 2045 1127 2086 Plutarchum
1147 2047 1186 2085 iu
1207 2061 1242 2097 4.
1263 2044 1421 2085 Saturn.
1444 2055 1527 2099 cap.
1547 2057 1608 2098 15.
1621 2045 1767 2098 scribit
1788 2045 1948 2096 Rostnus

374 2104 455 2144 III,
473 2115 535 2155 25.
570 2104 739 2143 meminit
751 2104 859 2142 illius
874 2101 1104 2143 Macrobius
1114 2100 1261 2141 Satura
1294 2099 1358 2139 lib.
1373 2115 1404 2139 1.
1419 2109 1498 2152 cap.
1517 2111 1577 2153 15.
1611 2100 1680 2139 Illa
1703 2110 1806 2151 gerat
1826 2100 1945 2141 vestes

377 2170 518 2198 tenues.
531 2191 536 2196 .
551 2190 557 2197 .
574 2191 580 2197 .
611 2159 684 2212 legi
694 2157 797 2210 apud
807 2157 1000 2196 Tibullum
1013 2156 1111 2196 libro
1112 2156 1242 2209 primo
1254 2155 1387 2209 eleg03.
1401 2154 1546 2207 scribit
1557 2155 1812 2208 Dempsterus
1832 2169 1867 2194 v.
1883 2173 1900 2206 3
1912 2171 1943 2197 r.

380 2214 547 2268 Legitur
570 2213 675 2266 apud
693 2213 800 2252 illum
813 2211 876 2251 lib.
892 2227 926 2251 2.
939 2212 1027 2265 eleg.
1039 2213 1078 2251 6.
1093 2224 1189 2252 imm.
1209 2225 1225 2250 1
1235 2212 1267 2250 8.
1298 2210 1524 2253 Obvoivere
1535 2209 1646 2262 quod
1659 2210 1809 2262 antiqui
1821 2210 1943 2250 obnu-

379 2270 465 2308 bere
477 2278 663 2307 vocarunt
676 2295 687 2314 ,
716 2269 767 2307 ob
780 2280 898 2319 quam
912 2267 1058 2306 cauiam
1070 2266 1194 2319 legem
1205 2278 1365 2318 quoque
1378 2274 1570 2318 parentam
1580 2264 1713 2316 jubere
1734 2275 1853 2318 caput
1866 2268 1947 2316 'ejus

375 2324 583 2363 obnubere.
598 2355 603 2361 .
620 2357 625 2363 .
640 2355 645 2361 .
676 2322 782 2375 apud
792 2322 937 2374 Festum
951 2322 1022 2375 legi
1032 2321 1118 2361 lib.1
1130 2334 1162 2374 3.
1175 2322 1214 2361 iu
1227 2334 1316 2360 voce
1327 2318 1536 2359 obvolvere
1537 2319 1681 2370 scribit
1693 2319 1946 2372 ‘Dempsterus

379 2393 426 2420 Π
438 2394 453 2419 1
466 2392 496 2417 1.
514 2392 531 2431 3
545 2394 568 2418 ι.
601 2379 768 2433 Legitur
787 2378 891 2432 apud
908 2377 1018 2418 illum
1038 2376 1102 2417 lib.
1119 2389 1134 2417 1
1146 2392 1178 2418 ι.
1199 2377 1238 2416 in
1257 2389 1348 2416 voce
1366 2375 1528 2429 nuptias.
1556 2374 1720 2416 Sudibus
1732 2374 1829 2413 inter
1851 2371 1886 2468 fg
1904 2374 1946 2414 in

1789 2439 1855 2467 mo
1887 2441 1953 2468 um
