2075 2734
421 84 484 112 De
527 84 1297 122 Macxsr20EQu1a-un.cn.18.
1594 99 1648 128 507

64 142 140 170 lateri
153 139 215 168 aedis
227 136 297 173 Jow's
310 143 368 173 opt.
382 142 457 165 Max.
473 146 503 165 ea
517 143 608 173 parte,
627 144 678 173 qua
691 139 814 163 Minerva
828 136 961 175 templum
978 138 1023 166 est.
1044 139 1113 166 Eum
1128 137 1243 166 clavum.
1263 138 1324 175 quia
1339 147 1404 167 rarae
1415 147 1466 175 per
1479 148 1508 168 ea
1521 146 1646 177 tempora

62 179 147 209 literae
165 186 255 207 erant,
275 184 370 204 notam
390 177 496 204 numeri
513 182 644 202 annorum
660 173 735 201 fuiss‘e
747 174 851 207 ferunt,
874 184 960 212 eoque
972 175 1093 203 Minerva
1106 177 1195 211 templo
1210 177 1326 205 dicatam
1338 176 1428 214 legem
1444 179 1505 215 quia
1517 188 1645 207 numerus

63 217 187 245 Minerva
199 216 340 243 inventum
355 214 394 242 fit.
424 213 548 241 Volsiniis
559 220 665 249 quoque
681 211 769 240 clavos
784 213 886 241 indices
899 214 1005 241 numeri
1018 224 1149 242 annorum
1165 215 1231 242 fixos
1244 216 1272 242 in
1290 217 1394 252 templo
1408 215 1502 242 Nortia
1519 218 1641 251 Hetruftae

63 259 122 284 Dea
139 263 296 290 comparere
310 273 317 284 ,
342 252 454 290 diligens
470 250 562 279 talium
584 251 818 278 monimentorum
840 251 937 280 author
955 251 1059 280 cincius
1079 253 1206 281 affirmat.
1227 257 1268 280 M.
1282 253 1405 281 Horatius
1425 254 1519 288 Consta!
1532 264 1565 282 ex
1580 255 1640 292 lege

62 292 199 329 templum
219 293 294 330 Joxis
309 293 376 327 Opr.
390 292 462 318 Max.
476 288 626 317 dedicavit,
645 297 716 316 anno
729 289 786 325 post
803 291 890 327 Reges
905 290 1020 318 exacTtos.
1051 292 1073 318 A
1087 290 1231 325 Confidubm
1245 292 1334 327 postea
1347 292 1379 320 ad
1400 291 1558 324 adiutores,
1579 295 1640 330 quia

62 331 151 367 majus
165 331 310 368 imperium
326 336 395 360 erat,
416 326 524 366 solenne
537 325 605 353 clavi
620 326 719 363 figendi
733 327 888 355 transsatum
904 328 949 355 est.
990 329 1144 356 Intermisso
1158 330 1253 356 deinde
1268 339 1346 357 more
1360 331 1440 368 digna
1456 331 1539 358 etiam
1552 339 1600 366 per
1613 330 1640 358 se

61 368 116 397 visa
131 370 168 396 est
179 378 221 397 res
235 389 243 400 ‚
267 374 378 403 propter
389 373 470 402 quam
483 362 604 392 D1c7aror
617 374 757 393 crearetur.
788 368 853 393 Hace
867 365 918 393 ille.
950 376 958 392 1
968 376 976 392 1
986 375 1008 393 1.
1020 366 1176 394 comitiorum
1195 366 1380 395 habendorum
1401 367 1475 396 caula
1487 389 1495 400 ‚
1522 367 1642 396 Dichter

61 406 202 435 crfflbatm·
214 427 222 438 ,
249 404 347 441 majori
364 401 514 439 magstrum
534 401 648 430 absente.
678 413 717 430 iv.
731 402 886 430 Latinarum
899 402 1027 439 seriarum
1048 404 1129 431 causa.
1157 415 1180 431 v.
1196 404 1321 433 ludorum
1339 408 1528 434 Romanorum
1545 406 1638 440 causs,

61 446 109 481 qui
123 445 227 482 fignum
238 443 312 470 daret
326 441 464 469 mittendis
477 440 621 478 quadrigis.
647 451 691 469 vi.
707 440 808 469 senatus
821 441 927 479 legendi
940 440 1026 469 causti:
1049 442 1120 478 quod
1135 441 1207 469 bello
1224 443 1323 470 Punico
1344 454 1383 471 11.
1396 452 1508 480 propter
1520 444 1639 473 solitudi-

62 492 127 510 nem
148 483 226 510 curiae
238 480 386 508 institutum
400 478 459 507 fuit.
499 480 626 516 Qorurn
642 480 766 507 omnium
782 479 904 516 exempla
918 480 945 507 in
960 479 1038 506 Fastis
1052 479 1226 515 Capitolinis,
1246 479 1356 516 Sigomi,
1375 483 1486 516 Onuphr.
1503 481 1638 515 panvinii,

60 519 169 547 Huberti
182 516 282 547 Goltzii
292 539 301 551 ,
323 519 350 546 &
362 516 478 544 aliorum
491 518 667 553 reperiuntur.
699 516 894 546 Conferebatur
907 526 998 545 autem
1018 516 1158 545 Didi‘atura
1173 517 1250 545 alicui
1265 519 1323 545 viro
1337 521 1468 554 Corfidium*
1482 539 1489 549 ,
1518 520 1639 556 speeiatae

61 559 185 589 virtutis,
205 565 261 584 non
277 555 291 583 a
304 555 405 592 populo
417 576 426 589 ,
445 563 490 583 aut
503 564 550 591 per
564 554 685 593 suffragia
697 577 705 588 ,
729 565 779 584 nec
793 557 806 584 a
819 556 910 584 senatu
924 557 1088 592 (quanquam
1103 556 1124 582 is
1137 555 1274 584 interdum
1290 557 1441 585 nominaret
1456 567 1538 595 quem
1557 559 1639 587 vellet

58 596 216 624 DiHatorem
230 594 296 629 dici)
311 593 356 621 sed
369 592 383 621 a
399 592 515 622 Consule
528 615 535 625 ,
561 603 622 621 Viva
636 603 703 622 voce
717 595 922 632 (nonnunquam
935 594 1018 621 etiam
1033 602 1080 629 per
1093 593 1180 621 literas
1194 615 1202 625 ‚
1222 593 1265 621 sed
1280 595 1376 628 rarius>
1391 595 1424 622 iic
1437 604 1465 622 ut
1479 597 1636 624 cessantibus

57 634 166 662 interim
181 632 282 661 caeteris
301 630 485 669 magistratibus
505 631 631 659 omnibus
641 653 649 664 ,
675 642 769 669 praeter
789 632 948 660 trtbmmtum
962 630 1041 666 plebis
1054 632 1113 669 (qui
1130 639 1221 659 tamen
1234 641 1268 659 eo
1283 641 1353 658 anno
1366 652 1374 663 ‚
1401 642 1454 669 quo
1468 635 1571 670 primus
1586 634 1636 662 Di-

57 673 138 699 Hator
153 671 291 699 creabatur
304 691 312 702 ,
339 670 422 698 nullus
443 670 505 706 fuit)
524 669 630 698 summa
645 671 669 698 ci
689 672 892 707 permitteretur
904 690 911 701 ,
936 678 1016 707 atque
1036 669 1113 706 plena
1133 670 1247 707 potestas
1263 669 1324 697 belli
1339 679 1370 697 ac
1382 671 1452 707 pacis
1467 672 1634 709 aliorumque

57 710 184 737 omnium
198 708 370 746 negotiorum
379 729 388 740 ,
409 717 492 745 eaque
506 707 610 745 prorsus
624 708 718 741 libera,
739 711 766 737 δε
777 708 872 746 absque
880 709 956 736 omni
965 709 1171 744 provocatione,
1185 710 1218 736 Ex
1228 708 1399 743 licetiamjus
1407 709 1636 738 animadvertendi

56 756 108 784 pro
127 747 171 775 iba
184 747 313 775 sententia
326 747 354 773 in
367 745 558 783 cujuieumque
577 747 641 774 civis
658 747 776 774 Romani
795 754 887 782 caput,
907 746 1006 773 indiCta
1020 745 1109 777 caula,
1131 749 1157 774 δε
1172 746 1322 773 inconsulto
1338 746 1437 783 populo
1448 767 1454 777 ‚
1476 748 1636 782 mandandi.

57 786 194 817 edicendi,
214 784 412 822 praescribendi,
433 785 538 812 creandi
553 784 580 811 in
592 783 717 812 semestre
729 783 903 822 magistratus,
925 793 1006 820 prout
1020 784 1066 820 ipfi
1081 784 1219 812 videbatur
1233 785 1284 811 effe
1299 793 1330 811 ex
1347 783 1500 811 commodo
1514 786 1637 820 reipubli-

56 833 102 853 cae.
121 825 156 851 Et
168 824 220 851 hoc
234 822 359 859 intelligit
374 821 472 857 Festus,
495 831 558 849 cum
571 820 673 850 scribit:
694 822 798 856 Optima
808 823 849 849 lex
863 823 928 838 *a*
944 823 971 849 in
986 822 1113 859 magistro
1124 821 1216 859 populi
1229 822 1367 854 faciendo,
1388 823 1434 860 qui
1450 821 1529 859 vulgo
1545 822 1635 851 Dtc‘r'a-

58 871 99 890 τον
111 861 271 898 appellatur,
291 869 372 897 quam
387 859 567 896 pleniffimum
582 861 667 895 pollet
680 860 722 897 jus
735 860 802 892 effe,
817 859 1018 898 fignificabatur.

95 902 148 927 Sed
168 909 259 927 tamen
271 908 328 926 non
340 907 466 935 perpetua
479 918 486 929 ‚
513 907 563 925 nec
576 899 659 926 etiam
672 899 797 927 diuturna
810 920 817 930 ,
842 899 886 928 sed
900 899 1054 936 regulariter
1065 896 1192 936 semestris
1204 898 1256 927 fuit
1269 898 1324 927 haec
1331 895 1435 935 potestas
1447 918 1455 930 ‚
1484 907 1638 936 quanquam

58 938 200 975 aliquando
214 938 242 964 in
257 939 360 974 magnis
372 935 508 974 pericuIiS,
528 936 561 963 ad
574 946 675 964 annum
690 937 823 966 nonnullis
839 937 889 966 fuit
898 938 1069 969 continuata,
1089 945 1118 964 ut
1126 937 1247 969 Camtuo,
1268 938 1375 973 quando
1383 938 1480 964 iterum
1490 936 1541 966 fuit
1547 939 1638 965 Dich-

55 985 110 1008 ter,
131 977 158 1004 &
178 975 218 1003 bis
232 978 263 1001 L.
281 975 380 1009 Papino
391 979 413 1002 C
413 973 506 1009 uerri‚
527 976 555 1002 ἃ
568 975 696 1012 Qfabio
711 975 839 1004 Maximo.
870 975 942 1004 Hinc
955 975 997 1003 illa
1010 974 1133 1002 Ciceronis
1149 975 1190 1003 lex
1205 985 1210 1000 2
1237 974 1283 1012 Ast
1294 976 1395 1014 quando
1408 974 1521 1002 duellum
1527 975 1638 1012 gravius

54 1013 206 1049 dg'sc'ordiave
217 1011 311 1040 civium
324 1013 433 1047 crefiunt
444 1034 453 1045 ‚
478 1022 544 1040 unm
556 1023 587 1039 ne
601 1013 708 1048 amphus
716 1014 764 1048 Jex
777 1015 870 1049 menft’s
885 1036 893 1046 ,
918 1012 968 1052 nist
976 1015 1076 1047 [enatus
1088 1012 1191 1040 creverit
1206 1034 1213 1046 ,
1239 1012 1307 1040 idem-
1313 1013 1383 1048 juris
1397 1032 1404 1042 ‚
1429 1013 1498 1051 quod
1509 1014 1558 1040 duo
1572 1018 1638 1041 Con-

47 1052 118 1088 sules
135 1060 218 1079 teneto
227 1071 235 1083 2
255 1050 324 1090 isque
336 1061 383 1078 ave
389 1049 495 1090 finistra
507 1050 592 1078 dietus
599 1051 682 1086 populu
695 1051 812 1090 magister
826 1051 887 1090 esto,
907 1054 960 1081 δυε-
1001 1052 1044 1080 Sic
1057 1051 1130 1079 enim
1145 1051 1210 1088 legit
1223 1051 1360 1080 Lambinus
1369 1063 1377 1078 .·
1396 1051 1474 1088 paulo
1488 1051 1562 1079 aliter
1576 1051 1639 1079 Gui-

55 1089 156 1118 lielmm
168 1094 294 1118 Canterus
305 1089 350 1116 lib.
363 1099 388 1117 2.
409 1091 551 1116 Novarum
563 1089 728 1121 lestionum,
748 1099 804 1127 cap.
813 1100 841 1127 4.
855 1091 954 1118 eodem
968 1098 1060 1118 tamen
1073 1088 1156 1116 sensu.
1177 1090 1251 1126 Qin
1264 1091 1345 1118 etiarn
1359 1092 1393 1118 de
1400 1088 1636 1128 pluribuslegitur,

57 1130 131 1166 quod
143 1137 204 1157 ante
217 1128 370 1165 legitimum
385 1135 493 1164 tempus
505 1148 512 1159 ,
533 1127 754 1166 decimoquarto,
775 1129 818 1157 vel
830 1129 925 1166 quinto
939 1129 981 1156 die
995 1129 1135 1165 postquam
1150 1127 1317 1155 Dthaturam
1330 1129 1418 1165 adePti
1435 1127 1538 1156 fuerant
1548 1149 1555 1160 ,
1577 1137 1637 1156 eau-

56 1170 121 1195 dem
134 1167 310 1204 deposuerint.
352 1167 413 1194 Nec
422 1165 518 1193 licebat
531 1167 659 1194 ch‘laton
671 1176 769 1204 equum
782 1188 790 1199 ‚
809 1167 856 1195 nifi
870 1168 941 1195 ituro
954 1167 987 1194 ad
1003 1166 1102 1194 bellum
1115 1165 1292 1194 conscendere
1301 1187 1310 1199 ‚
1331 1176 1375 1195 aut
1389 1165 1456 1193 ullos
1465 1165 1584 1202 iumptus
1600 1167 1636 1194 fa-

58 1214 119 1232 cere
139 1215 171 1233 ex
187 1205 296 1236 aerario,
317 1204 370 1232 fine
379 1203 601 1239 senatusconstelto‚
621 1205 664 1232 vel
683 1205 774 1242 populi
788 1205 870 1240 jussu,
890 1205 988 1242 alioqui
1000 1214 1096 1232 omnes
1111 1204 1206 1235 fasces,
1227 1213 1257 1232 ut
1270 1206 1327 1240 plus
1342 1204 1451 1233 terroris
1465 1203 1588 1236 haberet,
1609 1207 1636 1232 &-

57 1243 192 1279 majorem
206 1242 317 1279 parendi
330 1242 513 1270 necessitatem
527 1240 682 1270 hominibus
697 1245 827 1271 incuteret
840 1242 992 1278 usurpabat:
1011 1251 1092 1279 quare
1105 1240 1219 1276 Polybius
1231 1242 1276 1269 lib.
1287 1253 1310 1280 3.
1323 1250 1418 1279 praeter
1431 1241 1480 1268 alia
1493 1241 1636 1270 discrimen

56 1280 110 1308 hoc
128 1281 198 1308 inter
211 1279 342 1314 Confidem
355 1283 383 1309 ὅ(
396 1277 553 1307 Βίὲῗαιονεηπ
567 1278 641 1308 fuiffe
653 1280 743 1309 scribit
756 1301 764 1312 ,
792 1281 864 1318 quod
878 1281 1006 1315 Conjislem
1021 1277 1166 1308 duodecim
1179 1279 1282 1308 lecures
1295 1280 1471 1317 praecesserint
1485 1300 1492 1311 ‚
1519 1279 1637 1307 Daciam-

57 1328 111 1346 rem
128 1328 192 1346 vero
208 1325 425 1355 vigintiquatuor.
1223 1350 1228 1353 .

97 1357 141 1384 Est
155 1359 181 1385 δι
196 1355 249 1384 hoc
262 1356 296 1383 de
310 1355 482 1384 Diciataribus
495 1356 680 1384 observatione
692 1357 876 1394 dignissimum
886 1377 894 1389 ,
915 1357 987 1394 quod
1003 1355 1132 1395 Dimfius
1148 1356 1192 1384 lib.
1204 1368 1230 1393 5.
1245 1356 1326 1385 refert
1340 1378 1347 1388 ‚
1367 1356 1412 1384 ubi
1426 1355 1506 1383 tradit
1519 1359 1562 1389 Sp.
1572 1359 1638 1382 Lar-

48 1394 124 1433 gium
144 1394 199 1429 (vel
213 1393 344 1429 Lartium)
358 1393 517 1422 Diffi-mrem
528 1396 650 1431 primum
664 1394 751 1432 sopito
765 1395 834 1422 bello
851 1395 948 1422 Latino
963 1397 1130 1422 Dac'z‘atumm
1146 1394 1287 1432 designatis
1299 1396 1371 1432 prius
1384 1393 1542 1421 Consulibus
1556 1414 1564 1425 ,
1591 1394 1640 1421 de-

54 1433 182 1470 posuiffe,
203 1432 314 1460 nemine
332 1432 434 1460 civium
448 1432 462 1460 a
475 1432 502 1459 se
516 1432 604 1460 occiso
617 1453 624 1464 ‚
646 1442 696 1460 nec
710 1432 784 1468 pulso
802 1433 828 1460 in
843 1432 950 1461 exilium
965 1453 972 1464 ,
992 1443 1042 1460 nec
1058 1433 1188 1460 mulstato
1201 1434 1315 1470 gravius.
1334 1433 1371 1460 ibi
1385 1433 1459 1460 enim
1473 1431 1526 1458 haec
1542 1432 1616 1459 addit
1627 1441 1636 1457 :

55 1472 88 1500 Id
101 1471 256 1507 exemplum
269 1479 364 1497 omnes
377 1471 467 1506 postea
479 1469 624 1497 Dtc'i‘atores
635 1469 717 1498 secuti
728 1470 803 1502 sunt,
824 1470 904 1507 usque
916 1471 949 1498 ad
962 1480 1067 1499 aetatem
1082 1472 1113 1498 ab
1121 1471 1170 1498 hac
1177 1472 1264 1498 nostra
1272 1471 1388 1499 tertiam.
1411 1469 1552 1505 Nusquam
1562 1470 1636 1497 enim

55 1510 85 1538 in
103 1510 180 1537 omni
195 1508 301 1536 historia
311 1509 450 1544 proditum
465 1509 613 1544 reperimus
626 1529 634 1540 ,
659 1508 775 1546 aliquem
788 1510 814 1536 in
828 1508 880 1536 hoc
893 1507 1042 1546 magistratu
1055 1509 1081 1535 fi:
1094 1509 1195 1546 geffiss'e
1208 1509 1370 1536 immodeste
1385 1528 1393 1539 ‚
1418 1507 1461 1534 vel
1474 1507 1636 1538 inciviliter,

58 1548 180 1584 quamvis
198 1546 263 1582 saepe
287 1546 430 1582 respublica
441 1545 585 1581 sslenmbm
602 1545 788 1583 magtstraubus
800 1546 934 1583 abrogatis
947 1567 954 1578 ‚
981 1547 1074 1574 omnia
1090 1548 1165 1574 unius
1179 1547 1303 1582 potestati
1316 1544 1466 1582 permiserit
1482 1555 1487 1571 :
1515 1545 1561 1581 qui
1575 1545 1592 1571 ii
1607 1545 1636 1572 in

58 1585 175 1612 externis
195 1591 300 1611 tantum
317 1583 392 1611 bellis
408 1583 574 1612 Drciatumm
587 1585 691 1620 adepti,
710 1585 779 1613 bene
792 1585 907 1621 patriam
922 1583 1110 1616 defendfl‘ent,
1130 1585 1167 1612 nil
1182 1585 1299 1621 corrupti
1314 1583 1498 1620 magnitudine
1512 1583 1636 1618 imperii,

34 1656 37 1657 ⁷
60 1623 149 1649 minus
163 1622 264 1648 mirum
279 1621 349 1648 esset.
369 1622 451 1649 Nunc
463 1623 534 1650 inter
548 1622 645 1649 multas
660 1632 769 1659 magnas
781 1623 923 1651 seditiones
935 1623 1051 1655 civium,
1072 1623 1114 1650 vel
1129 1632 1257 1660 regnum,
1278 1620 1637 1658 tyrannidemveaffectanti-

58 1660 108 1688 bus
122 1658 278 1697 quibusdam
294 1659 410 1690 civibus,
430 1659 472 1686 vel
487 1660 689 1688 imminentibus
702 1661 850 1688 innumeris
862 1662 918 1689 aliis
931 1660 1125 1690 calamitatibus
1139 1663 1170 1688 ad
1183 1660 1361 1697 prohibendas
1374 1669 1416 1687 eas
1428 1659 1638 1695 potestateacce-

57 1705 120 1736 pta,
140 1706 236 1724 ornnes
249 1697 282 1724 ad
301 1706 384 1724 unum
399 1697 453 1725 fine
466 1697 667 1734 repreheniione
680 1698 717 1726 ufi
728 1719 736 1730 ,
756 1700 875 1734 primum
888 1699 965 1727 illum
978 1698 1136 1727 Dic‘i‘atorem
1149 1699 1267 1727 aemulati
1280 1698 1356 1732 sunt,
1376 1706 1406 1726 ut
1419 1697 1501 1733 vulgo
1517 1696 1638 1724 credere-

58 1744 103 1764 tur
116 1735 225 1763 unicum
240 1736 267 1762 id
281 1735 333 1762 effe
347 1735 460 1771 cujusvis
473 1735 620 1764 insanabilis
635 1737 697 1764 mali
710 1737 875 1766 remedium:
895 1740 923 1767 ὃς
938 1745 1088 1765 extremam
1101 1737 1171 1765 hanc
1182 1737 1267 1765 filutis
1282 1736 1354 1772 spem
1369 1735 1498 1771 reliquam
1508 1755 1515 1766 ,
1535 1735 1637 1762 caeteris

58 1773 250 1802 deficientibus.
290 1773 340 1800 Sed
359 1782 468 1809 patrum
486 1781 562 1801 aetate
581 1775 781 1812 quadringentis
793 1776 867 1803 anuis
881 1776 970 1812 elapsis
986 1775 1000 1802 ἐι
1012 1775 1152 1803 DiHatura
1169 1775 1223 1803 Titt
1236 1773 1325 1811 Largti
1337 1794 1345 1806 ‚
1372 1772 1462 1801 odiosa
1474 1782 1515 1800 res
1530 1772 1584 1800 viia
1599 1773 1636 1800 est

58 1813 184 1840 omnium
203 1810 361 1839 mortalium
373 1811 476 1848 judicio
489 1832 497 1843 ‚
525 1812 632 1848 quando
646 1816 737 1840 Lucms
749 1813 880 1840 Cornelius
891 1814 958 1852 Sylla
971 1815 1074 1851 primus
1088 1816 1113 1842 &-
1128 1813 1197 1842 solus
1211 1813 1305 1841 acerbe
1319 1811 1513 1848 crudeliterque
1527 1810 1585 1838 usus
1598 1811 1636 1839 est

59 1859 104 1882 ea,
123 1858 153 1878 ut
167 1858 227 1879 tum
245 1849 366 1886 primum
379 1849 507 1878 sentirent
523 1851 656 1883 Romani,
678 1852 750 1888 quod
765 1851 940 1888 superioribus
954 1852 1123 1889 temporibus
1136 1854 1323 1889 ignoraverant
1337 1870 1345 1883 ‚
1364 1848 1532 1877 Dtcimuram
1545 1849 1586 1880 ζῇ·-
1598 1856 1637 1888 τ]-

57 1886 201 1916 rannidem.
240 1888 315 1915 Nam
336 1889 363 1916 &
380 1887 500 1916 senatum
522 1897 554 1916 ex
570 1889 794 1927 qualibuscunque
815 1891 968 1922 constituit,
996 1893 1023 1918 ἃ
1042 1889 1204 1917 tribunttmm
1215 1887 1361 1924 potestatem
1379 1887 1442 1915 fecit
1457 1896 1536 1923 quam
1555 1887 1637 1914 mini-

60 1934 153 1958 mam,
173 1928 201 1954 &
213 1925 299 1952 Urbes
312 1925 436 1954 delolavit
450 1927 583 1963 integras,
603 1929 631 1955 ὃς
644 1929 789 1965 regnaaliis
797 1929 886 1961 dedit,
906 1927 1086 1958 aliisabstulit‚
1108 1925 1516 1964 aliaquemultasuperbegeffit‚
1537 1925 1637 1962 dequi-

60 1964 109 1992 bus
128 1962 241 2000 longum
259 1963 321 1991 esset
334 1964 430 1992 dicere.
464 1965 575 1992 Civium
590 1974 697 2002 quoque
708 1975 805 2002 praeter
817 1976 877 1998 eos,
898 1966 944 2003 qui
956 1965 1049 2001 praeliis
1061 1964 1193 2000 absumpti
1209 1963 1283 1994 sunt,
1304 1963 1488 1991 dedititiorum
1502 1963 1638 1992 interfecit

59 2012 117 2031 non
131 2002 221 2029 minus
234 2010 346 2038 quatuor
359 2001 456 2033 millia,
466 2004 493 2031 &
506 2002 546 2030 his
559 2004 721 2032 excruciatos
734 2005 805 2041 prius
817 2004 926 2041 aliquot.
947 2003 1084 2031 Haerenus
1097 2000 1237 2039 Dioryfius.
1258 2002 1317 2029 Post
1332 2001 1393 2037 Caji
1403 2009 1492 2029 autem
1505 2001 1570 2033 Juln
1583 2004 1636 2028 (Σι-

53 2042 134 2106 fizrgl,
156 2040 367 2105 qpislqustremus
385 2039 520 2074 Didiator,
541 2043 569 2071 &
589 2042 699 2079 quidem
713 2050 864 2077 Impetum,
885 2049 979 2070 contra
998 2040 1071 2078 leges
1089 2041 1186 2078 patrias
1205 2039 1273 2072 fuit,
1294 2039 1434 2071 Dtdiatura
1446 2040 1552 2076 penitus
1566 2038 1581 2068 ὲ
1593 2048 1636 2074 re-¹

61 2088 97 2116 pu
127 2098 134 2105 .
147 2083 171 2106 el
210 2088 226 2106 u
255 2085 306 2105 ata.
1317 2093 1319 2095 ·

726 2133 752 2160 C
773 2142 790 2160 Α
811 2143 835 2160 Ρ.
873 2131 981 2160 XVIII.

651 2194 703 2228 De
727 2194 869 2241 magistro
893 2195 1038 2240 equitum.

128 2278 192 2298 uam
205 2270 327 2307 primum
342 2269 459 2298 Diaator
472 2271 523 2304 ita,
542 2273 581 2300 uti
591 2273 695 2302 dietum
710 2274 762 2305 est,
784 2280 885 2302 creatus
900 2273 976 2303 esset,
996 2267 1110 2308 eligebat
1123 2268 1168 2297 fibi
1182 2266 1528 2308 ipsemagistrumequitum‚
1548 2269 1637 2297 virum

148 2308 279 2346 aliquem,
299 2317 332 2349 ut>
348 2308 497 2345 plurimum
517 2311 694 2345 confiat-vem,
714 2320 758 2340 aut
777 2312 796 2340 fi
811 2314 847 2340 ita
859 2311 1000 2348 postularet
1012 2308 1163 2341 necessitas,
1182 2308 1282 2346 alioqui
1295 2309 1384 2336 virum
1397 2307 1554 2336 industrium
1565 2327 1572 2337 ‚
1593 2307 1641 2344 qui

146 2358 214 2385 magt
234 2357 261 2375 er
275 2355 390 2388 equitum
405 2347 611 2383 nominabatur,
637 2351 709 2388 quod
722 2351 747 2379 ej
760 2350 873 2389 potestas
884 2352 913 2380 in
925 2347 1259 2416 equs'su’fieommittebatur
1273 2357 1280 2375 :
1298 2345 1374 2376 sicuti
1388 2346 1422 2376 de
1435 2347 1565 2375 Dictatore
1580 2345 1639 2381 jam

1054 2395 1069 2415 2
1581 2389 1640 2417 mee
