2075 2734
413 97 468 133 50ss
702 87 1711 123 ANTiqverTUMROMANARUML1130VII.

413 139 628 169 memoravimus
638 159 645 170 ,
665 147 729 166 eum
743 135 891 175 magistrum
900 135 983 170 populi
997 137 1146 165 vocitatum
1155 157 1163 169 ‚
1182 137 1254 173 quod
1269 145 1349 173 penes
1362 136 1448 174 ipsum
1464 137 1570 164 summa
1582 137 1611 164 in
1623 136 1751 174 populum
1767 139 1924 169 Romanum
1941 140 1990 178 po-

412 179 489 207 testas
504 178 592 205 fuerit.
622 177 671 204 Sed
685 177 717 204 ad
732 176 893 212 dignitatem
908 177 933 202 ἃ
949 176 1106 210 potestatem
1121 174 1294 212 magistrorum
1308 184 1423 215 equrtum
1437 176 1508 212 quod
1523 176 1618 203 attinet
1633 195 1639 205 ‚
1660 175 1739 203 tradit
1753 178 1901 213 Pomponius
1913 179 1989 215 juris-

412 216 562 247 consultus,
583 214 638 242 fere
658 214 770 242 eandem
792 223 837 240 eos
856 213 985 244 habuisse,
1006 223 1086 250 quam
1107 215 1216 250 Regum
1233 214 1398 250 temporibus
1411 212 1508 241 mbum'
1520 213 1626 240 celerum
1642 234 1648 245 ‚
1670 216 1696 241 ἃ
1711 215 1781 250 post,
1802 217 1917 253 irnperio
1932 219 1990 246 uni-

413 253 489 283 verso
502 254 528 280 in
542 254 617 280 unius
634 262 714 279 manu
727 251 829 288 polito,
844 251 950 285 praej‘em
958 250 1078 284 prator-io.
1100 251 1217 287 Subjeffi
1232 259 1305 278 certe
1318 251 1425 280 fuerunt
1440 251 1602 279 Dictaturam
1615 252 1744 287 imperio,
1766 254 1791 281 &
1806 253 1858 281 fine
1870 256 1988 290 ipsorum

413 292 541 320 mandatu
557 294 581 319 ὃ(
597 290 724 327 permissu
744 289 812 317 nihil
826 288 916 316 moliri
937 289 988 316 ausi
1004 289 1070 317 sunt.
1102 291 1181 316 Unde
1195 289 1308 325 legimus
1321 290 1354 317 de
1367 289 1494 328 QFabio
1509 292 1534 318 &
1550 294 1590 316 M.
1602 289 1712 315 Minucio
1725 289 1845 326 mngtstris
1859 293 1988 330 equitum,

413 340 476 358 cum
493 329 640 356 ablennbus
656 327 843 356 mannam,
862 330 888 355 ἃ
909 326 940 354 ab
954 327 1013 363 ipsis
1026 327 1169 364 prohibiti,
1190 326 1307 362 praelium
1330 337 1391 359 cum
1406 328 1522 356 hostibus
1537 328 1728 355 commifiss‘ent
1744 329 1815 364 quod
1831 330 1858 356 in
1872 333 1989 366 graviffi-

413 378 492 396 mum
506 368 566 394 vitae
579 366 722 394 discrimen
736 366 869 394 venerint:
891 367 916 393 8<
930 366 976 392 nili
988 365 1078 401 populi
1090 364 1209 401 precibus
1222 364 1339 396 liberati,
1361 368 1386 394 ὅ(
1401 366 1482 394 salute
1495 366 1586 393 donati
1601 365 1719 396 fuifllnt‚
1733 365 1825 401 capitis
1833 367 1990 405 supplicium

414 406 501 434 subire
515 404 720 434 fuerintcoaffl,
741 403 882 432 u'tLirius,
903 403 1065 435 Plutarchus,
1086 401 1235 436 Eutropius,
1256 402 1474 432 &alittestantun
1496 401 1897 441 Demagistrocquitumquidam
1906 407 1988 434 etiam

414 442 539 470 caet-onis
551 443 639 480 legem
656 441 822 479 intelligunt,
843 450 923 477 quam
937 451 998 468 cum
1014 442 1040 468 iu
1056 442 1168 478 vulgatis
1181 440 1374 476 exemplaribus
1387 441 1421 469 fic
1434 450 1562 478 concepta
1576 443 1619 472 iit,
1640 444 1797 480 AEqutmtem
1804 443 1944 482 quicunque
1951 454 1991 470 re-

411 489 476 519 gat,
496 480 582 507 habeto
592 479 651 514 pari
659 482 720 514 jure
732 490 787 506 cum
799 489 840 511 eo,
860 479 1001 518 quicunque
1014 478 1062 505 erit
1075 478 1143 513 juris
1156 478 1313 512 distepmtor:
1335 479 1370 507 fic
1388 479 1528 516 legendam
1543 487 1618 516 putat
1635 479 1785 506 Gutlrelmus
1799 485 1924 508 Camerus
1936 483 1951 509 l.
1968 493 1991 511 2.

418 520 564 546 Novarum
585 517 732 545 leffionum
746 539 754 550 ,
776 527 799 544 c.
817 527 844 552 4.
863 516 1015 555 Equitarum
1027 527 1168 555 qutcunqrte
1181 525 1250 553 rega!
1266 536 1273 545 ,
1293 516 1378 544 habeto
1385 517 1444 552 pirri
1457 520 1530 552 jure,
1551 518 1593 544 rel
1600 519 1710 551 parjur,
1730 527 1832 547 cumea,
1851 530 1992 559 quicunque

414 556 465 583 erit
481 556 547 590 juris
566 556 712 590 difteptator
724 568 732 581 .·
759 555 904 591 voluntque
926 558 1071 581 Clceronc’m
1088 563 1179 591 parem
1201 553 1314 592 magistri
1332 564 1447 594 equttum
1471 556 1629 592 potestatem
1646 561 1732 583 iacere
1746 556 1861 592 imperio
1871 559 1992 591 panorm,

416 595 635 631 Nonnunquam,
656 594 700 621 sed
715 603 774 621 raro
789 598 930 620 chtatores
944 594 996 620 fine
1011 592 1134 629 magzslm
1147 591 1263 630 equitum
1278 596 1359 622 creati
1372 592 1439 622 sunt.
1466 593 1597 621 Peculiare
1610 592 1661 620 hoc
1675 593 1742 625 fuit,
1762 595 1833 630 quod
1848 601 1887 621 M.
1901 597 1991 624 Minu-

415 641 450 659 tto
465 640 589 670 tempore
603 631 708 659 secundi
725 632 813 658 Punici
831 631 891 658 belli
905 640 976 667 aequa
991 632 1116 667 potestas,
1137 640 1199 657 cum
1217 629 1349 658 Dictatore
1363 632 1504 660 commissa
1518 632 1567 662 est,
1587 632 1659 667 quod
1674 638 1766 659 tamen
1777 641 1839 661 ante
1852 643 1991 671 nunquam

417 670 520 699 factum
535 670 611 699 fuiffe
624 671 749 699 testantur
763 669 911 696 Plutarchus
925 670 951 696 in
967 669 1046 696 Fabio
1056 689 1063 701 ‚
1084 667 1211 706 Polybius.
1230 668 1334 702 Livius,
1356 669 1457 700 Florus,
1480 667 1632 703 Eutropius,
1652 671 1679 698 δι
1691 668 1743 697 alii.

1086 756 1110 783 C
1131 765 1146 783 A
1169 765 1192 784 r.
1230 756 1322 786 XIX.

756 822 807 856 De
823 820 1007 855 decemviris
1022 819 1136 867 legibus
1144 820 1314 866 scribendis
1330 820 1489 867 Confiaelari
1499 820 1654 870 potestate.

418 901 634 962 Occasionem
654 898 829 929 creandorum
851 899 1046 927 decemvirorum
1064 900 1180 937 primam
1201 901 1274 929 dedit
1294 904 1325 929 C.
1345 899 1488 933 Terentius,
1508 909 1538 930 ut
1559 899 1685 938 Dion-fias
1699 909 1761 928 eum
1777 902 1915 934 nominat,
1935 901 1992 933 vei,

506 947 536 967 ut
552 938 643 966 Livius
656 959 665 972 ‚
693 941 724 965 C.
745 936 894 965 Terentillus
916 940 983 972 Atfiz
1002 939 1120 966 tribunus
1140 939 1231 975 plebis.
1271 941 1296 967 Is
1317 940 1389 966 enim
1409 948 1480 967 anno
1498 939 1530 966 ab
1551 939 1624 966 Urbe
1645 940 1751 966 condita
1771 949 1863 968 ccxci.
1889 938 1992 966 Consu-

415 975 483 1005 libus
500 981 532 1004 L.
552 981 667 1004 Lucretm
688 974 846 1010 Trictpitino,
868 977 895 1003 &
915 980 945 1003 T.
967 975 1065 1002 Veturio
1085 977 1203 1006 Gemino,
1222 976 1309 1014 legem
1330 977 1355 1004 se
1374 977 1625 1014 promulgaturum,
1646 976 1772 1014 profess'us
1792 985 1848 1005 erat
1869 977 1902 1004 de
1917 975 1993 1015 quin—

416 1013 529 1053 queviris
542 1014 633 1052 legum
648 1015 682 1042 de
696 1013 824 1047 Cotgsizlari
837 1012 939 1047 imperio
953 1013 1150 1042 scnbendarum
1166 1014 1240 1043 causa
1251 1015 1377 1042 creandis.
1417 1016 1467 1043 Sed
1481 1015 1654 1042 resistentibus
1666 1015 1761 1042 acriter
1775 1017 1895 1052 primum
1910 1015 1993 1051 patri-

417 1053 465 1080 bus
481 1055 506 1081 δε
523 1053 636 1088 Praefecto
651 1051 723 1079 Urbis
735 1049 874 1088 Qfabio,
894 1051 991 1078 deinde
1004 1053 1085 1079 etiam
1100 1051 1257 1087 Consulibus,
1276 1053 1376 1089 perlata
1390 1062 1420 1079 ea
1433 1063 1488 1080 nou
1501 1053 1545 1080 est.
1565 1054 1596 1080 In
1608 1053 1724 1090 sequenti
1732 1062 1821 1082 autem
1830 1063 1900 1080 anno
1909 1057 1939 1080 P.
1948 1055 1993 1079 Wr-

417 1090 515 1117 lumm'o
527 1109 534 1120 .
561 1093 588 1118 δε
605 1089 691 1117 Servio
709 1088 813 1123 Sulpm'o
830 1094 964 1116 Camermo
984 1090 1140 1118 Consulibus
1152 1091 1230 1128 legem
1244 1090 1407 1118 Terentillam
1424 1090 1437 1118 ὲ
1452 1097 1512 1118 toto
1526 1090 1640 1128 collegio
1652 1091 1761 1118 relatam
1776 1113 1782 1123 ,
1809 1091 1897 1119 Livius
1910 1090 1956 1117 lib.
1970 1099 1996 1126 3.

418 1129 516 1159 docet,
535 1127 629 1164 quibus
642 1136 732 1155 tamen
747 1127 868 1154 nonnihil
881 1126 982 1154 diversa
996 1127 1084 1156 scribit
1099 1129 1199 1167 Dionys?
1209 1128 1252 1156 lib.
1267 1139 1306 1156 10.
1326 1131 1351 1156 Is
1365 1129 1437 1156 enim
1450 1138 1505 1156 non
1519 1128 1628 1156 relatam
1643 1129 1756 1156 Terentii
1764 1128 1842 1167 legem
1858 1128 1910 1157 hoc
1922 1138 1994 1155 anno

419 1166 496 1195 fuisse
509 1186 516 1197 ‚
543 1166 587 1193 sed
608 1165 751 1203 collegium
771 1165 939 1193 tribunorum
957 1166 989 1193 ad
1003 1166 1135 1202 populum
1149 1167 1235 1194 tuliss'e
1247 1187 1254 1198 ,
1279 1168 1315 1195 de
1326 1165 1469 1194 decemviris
1482 1168 1572 1203 legum
1585 1167 1781 1195 scribendarum
1795 1167 1913 1195 creandis
1927 1186 1934 1197 ‚
1961 1175 1995 1194 ex

418 1213 537 1241 quorum
557 1202 710 1239 praescripto
724 1205 816 1230 onmia
829 1210 884 1230 tam
902 1204 1027 1240 privatim
1039 1225 1046 1235 ,
1066 1214 1146 1240 quam
1161 1204 1266 1240 publice
1278 1212 1448 1242 gererentur,
1467 1205 1563 1232 author
1577 1206 1622 1232 est.
1661 1204 1743 1232 Causa
1756 1212 1845 1233 autem
1859 1203 1996 1242 rogationis

417 1241 576 1268 tribunorum
596 1241 651 1268 haec
672 1248 727 1268 erat
743 1252 748 1267 z
777 1242 909 1269 Nondum
924 1261 931 1272 ,
957 1243 1043 1278 inquit
1063 1241 1164 1279 Diorgffi
1176 1250 1230 1270 erat
1245 1243 1314 1279 apud
1330 1244 1470 1270 Romanos
1483 1242 1525 1278 jus
1539 1251 1644 1278 aequum
1658 1242 1783 1270 omnibus
1797 1243 1918 1273 civibus,
1943 1251 1995 1270 nec

418 1288 516 1306 omnes
531 1288 563 1306 ex
576 1288 652 1316 aequo
665 1280 760 1306 ordine
773 1279 982 1307 admittebantur
996 1281 1027 1308 ad
1042 1281 1207 1309 trastandam
1223 1280 1415 1317 rempublicam
1427 1301 1435 1313 ,
1454 1290 1504 1307 nec
1517 1281 1558 1316 jus
1573 1280 1700 1316 scriptum
1710 1280 1829 1308 extabat:
1849 1279 1892 1307 scd
1901 1288 1995 1317 quam-

418 1318 465 1345 diu
478 1324 620 1354 regnatum
635 1318 671 1344 est
684 1319 710 1344 in
726 1318 812 1349 Urbe,
834 1319 940 1354 Regum
955 1318 1066 1345 arbitrio
1079 1318 1138 1346 lites
1151 1319 1359 1350 dirimebantur,
1378 1319 1451 1355 quod
1465 1326 1524 1347 turn
1541 1325 1596 1345 erat
1611 1328 1660 1355 pro
1672 1318 1781 1356 legibus.
1800 1318 1940 1346 Transsate
1949 1318 1995 1346 de-

419 1356 483 1383 inde
501 1355 515 1382 a
528 1355 637 1390 Regibus
648 1376 655 1386 ,
679 1356 712 1383 ad
726 1365 828 1384 annuos
840 1354 1002 1392 magtstratus
1016 1357 1132 1392 imperio
1145 1377 1153 1388 ‚
1182 1358 1252 1385 inter
1266 1366 1359 1385 caetera
1372 1357 1459 1385 officia
1472 1357 1545 1393 regia
1555 1377 1562 1388 ‚
1587 1356 1654 1392 juris
1674 1366 1779 1394 quoque
1794 1356 1922 1384 reddendi
1935 1365 1996 1383 mu-

421 1403 470 1421 nus
486 1394 519 1420 ad
534 1402 579 1419 eos
592 1394 708 1422 devenit.
741 1394 771 1420 Id
784 1394 826 1429 jus
841 1395 961 1421 maxima
975 1403 1006 1422 ex
1020 1403 1095 1429 parte
1109 1395 1242 1422 constabat
1257 1396 1377 1422 virorum
1392 1395 1521 1430 potestate
1533 1395 1705 1431 praeditorum
1719 1395 1876 1432 praejudiciis
1888 1415 1894 1425 ‚
1916 1394 1997 1421 mini-

421 1441 469 1459 ma
488 1440 547 1467 pars
569 1431 625 1467 ejus
647 1431 792 1459 habebatur
811 1432 838 1458 in
852 1431 924 1457 libris
933 1432 1080 1469 pomtficum
1092 1444 1099 1457 :
1124 1442 1234 1469 quarum
1252 1433 1342 1469 legum
1356 1431 1463 1460 scientia
1474 1441 1556 1468 penes
1570 1431 1639 1459 solos
1653 1441 1708 1459 erat
1718 1432 1837 1465 patrinos
1848 1453 1854 1463 ,
1882 1433 1952 1469 quod
1966 1431 1996 1459 hi

419 1469 468 1496 soli
489 1469 644 1504 hujusmodi
661 1469 741 1496 libros
761 1468 902 1496 versarent.
944 1470 1088 1506 Reliquum
1106 1472 1198 1507 vulgus
1211 1472 1410 1508 negotiatorum
1425 1473 1451 1498 &
1465 1470 1640 1506 agricolarum
1655 1489 1662 1500 ‚
1689 1470 1760 1506 quod
1775 1468 1877 1496 nonnisi
1893 1478 1996 1496 merca-

420 1515 463 1534 tus
480 1506 564 1543 gratia
578 1507 604 1533 in
620 1506 721 1533 Urbem
739 1507 808 1534 statis
821 1506 912 1534 diebus
926 1507 1118 1539 conveniebat,
1145 1508 1251 1543 prorsus
1269 1508 1427 1543 imperitum
1443 1517 1498 1535 erat
1510 1517 1599 1534 rerum
1616 1507 1718 1535 talium.
1758 1507 1851 1543 Capita
1863 1505 1997 1544 rogationis

420 1543 580 1571 tribunorum
601 1543 708 1571 fuerunt
725 1543 794 1571 haec:
815 1543 970 1571 Decemviros
989 1544 1108 1581 legitimis
1126 1545 1231 1572 (omittis
1250 1544 1263 1573 a
1282 1545 1383 1581 populo
1401 1545 1477 1582 eligi,
1497 1553 1587 1576 aetate,
1608 1545 1762 1581 prudentia,
1783 1546 1914 1581 dignitate
1932 1554 1998 1580 prae-

422 1581 595 1609 stantiffimos
606 1601 613 1612 ‚
643 1583 669 1608 δε
689 1583 734 1616 qui
749 1581 824 1609 bonae
839 1581 888 1609 suae
901 1581 979 1609 famae
992 1583 1124 1610 rationem
1137 1582 1250 1611 habeant
1263 1584 1422 1610 maximam.
1462 1584 1514 1610 Eos
1528 1583 1600 1610 viros
1612 1584 1684 1619 leges
1696 1583 1728 1609 de
1745 1583 1859 1618 negotiis
1874 1589 1928 1609 tam
1943 1582 1998 1618 pri-

423 1620 505 1649 vatis,
525 1627 606 1655 quam
622 1618 732 1653 publicis
745 1621 930 1657 promulgare,
951 1620 1044 1656 quibus
1056 1620 1158 1656 legibus
1172 1621 1214 1648 sua
1227 1622 1285 1657 jura
1297 1620 1531 1656 praescribebantur
1543 1627 1598 1647 tam
1612 1621 1721 1657 privatis
1728 1620 1843 1652 civibus,
1863 1629 1944 1656 quam
1952 1629 1998 1647 an-

422 1658 480 1685 nuis
494 1654 689 1692 magsstrattbus.
723 1658 862 1685 Certatum
878 1658 974 1685 deinde
987 1657 1089 1694 aliquot
1101 1667 1184 1685 annos
1197 1661 1267 1687 inter
1275 1657 1392 1692 patricios
1406 1661 1432 1686 ὃς
1442 1657 1536 1692 plebem
1551 1659 1584 1685 de
1597 1658 1674 1694 hujus
1686 1657 1751 1695 legis
1763 1657 1998 1695 promulgatione,

421 1696 510 1722 donec
535 1695 644 1721 tandem
673 1704 743 1722 anno
763 1705 874 1724 cxxcix.
896 1695 966 1722 Coss.
985 1700 1026 1729 Sp.
1046 1698 1166 1730 Tarpejo,
1194 1700 1232 1724 A.
1252 1696 1361 1723 AEternio
1386 1705 1450 1723 cum
1478 1695 1576 1723 tribuni
1595 1696 1678 1732 plebis
1697 1696 1779 1724 lenius
1799 1706 1860 1724 cum
1880 1696 2000 1731 patribus

422 1741 532 1771 agerent
544 1753 552 1763 ,
576 1734 602 1760 δε
617 1741 662 1759 eos
676 1740 802 1770 rogarent
815 1753 823 1764 ,
843 1741 872 1761 ut
886 1733 968 1761 finem
982 1734 1161 1761 certaminum
1177 1733 1296 1762 facerent
1308 1755 1316 1766 ‚
1336 1734 1355 1761 si
1369 1734 1478 1771 plebejae
1491 1734 1561 1770 leges
1574 1733 1741 1770 displicerent
1751 1755 1758 1766 ‚
1778 1741 1807 1762 ut
1821 1734 1859 1761 illi
1872 1743 1997 1762 commu-

423 1773 495 1799 niter
508 1770 697 1807 legumlatores
712 1775 737 1799 δε
753 1781 785 1798 ex
798 1771 876 1806 plebe
887 1792 895 1803 ‚
917 1773 943 1799 ὃς
956 1781 989 1799 ex
1004 1771 1123 1807 patribus
1138 1773 1183 1809 qui
1197 1772 1313 1809 utrisque
1326 1773 1400 1800 utilia
1417 1771 1530 1802 ferrent,
1553 1781 1662 1808 quaeque
1675 1772 1806 1809 aequandae
1820 1772 1946 1800 libertatis
1959 1771 1998 1799 es-

422 1809 493 1840 sent,
514 1809 629 1836 finerent
643 1810 739 1840 creari,
760 1809 884 1837 suadente
897 1814 928 1835 T.
948 1809 1076 1840 Romulto,
1096 1810 1141 1845 qui
1154 1811 1249 1845 prioris
1263 1811 1325 1837 anni
1340 1809 1440 1837 Consul
1459 1808 1560 1839 fuerat,
1573 1809 1811 1844 jenatusconsnltum
1830 1810 1931 1838 factum
1945 1811 1998 1842 est,

422 1856 453 1876 ut
466 1848 547 1884 legati
559 1847 732 1874 mitterentur
743 1847 777 1874 ad
791 1848 896 1874 Graecas
909 1847 995 1874 Urbes
1004 1867 1012 1878 ‚
1034 1855 1092 1883 quae
1104 1846 1163 1875 sunt
1178 1849 1205 1875 in
1220 1848 1307 1879 Italia,
1327 1847 1369 1875 alii
1380 1846 1509 1879 Athenas,
1530 1849 1576 1884 qui
1588 1855 1709 1883 peterent
1719 1848 1733 1875 a
1743 1849 1842 1875 Graecis
1850 1848 1921 1885 leges
1928 1848 1999 1884 opti-

424 1895 482 1913 mas
496 1905 503 1916 ‚
529 1887 555 1913 ὅ(
569 1885 689 1912 instituto
702 1884 747 1912 luo
761 1885 1030 1912 convenientiffimas.
1071 1884 1174 1921 Quibus
1192 1886 1299 1913 reverfis
1312 1907 1321 1918 ,
1346 1885 1519 1913 referendum
1534 1886 1566 1913 ad
1580 1885 1699 1913 senatum
1714 1885 1747 1913 de
1760 1885 1939 1923 legislatortbus
1953 1885 1999 1914 eli-

423 1924 517 1961 gendis
532 1925 559 1951 &
572 1923 709 1959 quodnam
724 1932 820 1950 eorum
836 1922 957 1950 futurum
972 1923 1002 1950 fit
1017 1923 1163 1958 imperium
1177 1944 1185 1955 ,
1206 1933 1323 1960 quamve
1337 1924 1493 1952 diuturnum
1503 1944 1509 1955 ,
1528 1924 1613 1960 deque
1627 1925 1727 1951 caeteris
1739 1923 1816 1951 rebus
1830 1925 1861 1952 ad
1875 1925 1902 1952 id
1917 1933 2000 1962 nego-

421 1963 491 1990 tium
506 1960 705 1997 pertinentibus.
732 1961 803 1989 Miffi
816 1961 904 1997 itaque
917 1961 996 1997 legati
1011 1961 1043 1988 ad
1059 1962 1163 1989 Graecas
1178 1962 1263 1989 Urbes
1278 1962 1336 1990 sunt
1349 1966 1390 1996 Sp.
1403 1960 1559 1997 Posthumius
1568 1983 1577 1994 ,
1596 1966 1649 1988 Ser.
1660 1961 1797 1996 Sulpttius,
1818 1966 1856 1990 A.
1870 1962 1998 1994 Manlius,

423 1999 598 2035 triremesque
612 2000 648 2027 eis
662 1999 793 2036 affignatae
807 2002 834 2027 &
846 2006 946 2026 ornatae
959 1998 1034 2030 sunt,
1055 2007 1087 2026 ex
1100 2000 1204 2031 aerario,
1226 2008 1276 2036 pro
1290 2000 1427 2037 majestate
1440 2001 1523 2027 Rom.
1535 2000 1651 2036 imperii.
1672 1999 1774 2036 Qibus
1787 2008 1856 2028 anno
1867 2000 1947 2028 tertio
1958 2008 2000 2028 re-

426 2037 504 2065 verfis
522 2036 620 2065 tribuni
634 2036 714 2070 plebn
734 2036 874 2069 urserunt,
900 2044 929 2064 ut
949 2036 1138 2073 legumlator-es
1158 2046 1318 2066 crearentur.
1358 2039 1417 2066 Post
1431 2037 1531 2075 aliquot
1548 2038 1630 2075 igitur
1644 2038 1830 2066 contentiones
1843 2037 2002 2066 tribunorum

426 2076 453 2101 δε
473 2075 607 2109 Confidam
620 2095 628 2107 ,
657 2073 909 2103 senatusconsultum
924 2076 951 2102 in
966 2075 1164 2113 designatorum
1179 2076 1313 2111 Confidam
1326 2075 1504 2113 subsequentis
1517 2076 1579 2103 anni
1591 2075 1748 2104 sententiam
1761 2075 1862 2105 fastum
1874 2077 1910 2104 est
1923 2097 1930 2107 ‚
1955 2077 2001 2104 eli-

425 2113 528 2147 gendos
545 2111 697 2140 decemviros
717 2112 732 2140 ἐ
750 2113 853 2140 senatus
872 2113 1046 2150 primoribus:
1068 2123 1162 2141 eorum
1182 2124 1302 2142 annuum
1321 2115 1373 2142 effe
1392 2114 1538 2150 imperium
1552 2124 1584 2142 ex
1597 2124 1630 2142 eo
1644 2115 1703 2146 die,
1726 2123 1779 2151 quo
1792 2116 1872 2143 creati
1887 2114 2000 2145 fuerint,

426 2157 489 2175 cum
505 2159 534 2176 ea
546 2152 689 2186 potestate,
709 2160 790 2188 quam
806 2151 891 2178 modo
908 2151 1038 2185 Consules,
1058 2151 1125 2179 olirn
1141 2155 1218 2189 Reges
1231 2153 1390 2181 habuissent:
1411 2153 1519 2179 interim
1533 2152 1628 2180 cessare
1641 2162 1737 2180 omnes
1750 2152 1912 2190 magistratus
1921 2151 2000 2183 alios,

427 2186 514 2213 donec
533 2188 606 2221 juxta
625 2188 696 2224 leges
715 2190 796 2217 creati
816 2188 934 2217 fuerint:
959 2189 1109 2216 decemviros
1128 2200 1192 2217 vero
1211 2192 1320 2227 privatis
1337 2191 1396 2227 jura
1415 2191 1526 2218 reddere
1540 2211 1546 2222 ‚
1574 2193 1600 2219 &
1619 2190 1814 2228 rempublicam
1835 2190 2001 2218 constituere.

427 2225 489 2251 Hoc
507 2225 711 2259 Jemrtusconjulto
732 2226 746 2253 a
766 2226 879 2254 tribunis
897 2228 930 2255 ad
949 2227 1079 2263 populum
1098 2228 1182 2256 relato
1196 2250 1202 2260 ‚
1227 2234 1274 2263 Ap.
1294 2227 1418 2256 Claudius
1435 2249 1441 2259 ‚
1466 2232 1492 2257 ὃς
1513 2233 1545 2258 T.
1564 2228 1688 2256 Genutius
1701 2249 1708 2261 ‚
1735 2230 1780 2266 qui
1799 2230 1826 2256 in
1844 2228 1999 2264 sequentem

426 2270 528 2290 annum
554 2262 680 2302 Consules
704 2263 830 2301 defignati
856 2274 931 2294 erant
944 2286 950 2296 ,
975 2264 1152 2302 magistratum
1179 2267 1315 2302 ejurarunt
1327 2287 1334 2298 ‚
1360 2268 1387 2294 δε
1405 2266 1577 2300 subamarum,
1596 2266 1706 2294 edilium
1713 2287 1723 2299 ,
1747 2266 1889 2305 questurum
1913 2266 1998 2303 magi-

426 2299 547 2340 stratibus
559 2319 568 2332 ²
589 2298 695 2341 alsssque
708 2320 714 2330 2
735 2304 766 2328 ad
788 2310 895 2339 tempus
914 2303 1072 2340 antiquam,
1091 2302 1198 2332 comitiis
1215 2304 1360 2332 centuriatis
1379 2304 1517 2332 decemviri
1535 2304 1614 2332 creati
1632 2304 1707 2336 fiint,
1727 2305 1761 2332 de
1778 2312 1893 2341 quorum
1914 2304 2001 2340 impe-

424 2338 467 2367 rio
492 2335 621 2376 Dtorgyfius
644 2336 713 2364 libro
738 2339 835 2368 ottavo
859 2341 914 2370 haec
938 2341 1035 2370 tradit:
1064 2343 1190 2380 Sequenti
1214 2352 1285 2372 anno
1309 2343 1373 2381 (qui
1398 2342 1450 2372 fuit
1474 2342 1507 2371 ab
1533 2342 1607 2371 Urbe
1632 2343 1740 2372 condita
1765 2351 1831 2369 ccci
1840 2341 1880 2375 ι.)
1905 2342 2001 2369 decem.

1950 2379 2003 2408 viri
