2075 2734
403 103 457 131 740
709 86 1696 121 AwrtQurrATuitRoMANAnuuLimx.

397 139 539 175 descriptio
560 145 630 166 extat
644 137 712 173 apud
729 135 809 173 l’ogyb.
825 135 872 163 lib.
891 146 912 162 ι.
932 134 983 162 huc
999 135 1156 163 referenda:
1177 137 1249 164 Cum
1266 157 1273 168 ,
1293 137 1379 172 inquit
1395 134 1507 174 Polybius
1520 155 1527 166 ,
1548 137 1741 165 Romanorum·
1751 146 1832 167 naves
1846 141 1925 170 tardae
1937 145 1977 173 ni.

397 179 448 206 mis
463 197 469 205 ,
492 179 517 205 δε
533 177 564 203 ad
579 176 744 203 celeritatem
757 183 852 210 parum
865 174 1019 201 commodae
1033 175 1115 202 essent
1126 194 1134 205 ,
1153 173 1261 211 fingulis
1276 174 1422 212 quibusque
1437 175 1608 202 munimenta
1620 175 1740 212 quaedam
1755 177 1879 213 aptabant
1895 200 1901 211 ,
1921 190 1980 217 quae

396 215 485 252 postea
496 224 577 242 corvos
589 213 765 250 appellavere:
784 221 815 240 ea
828 210 879 239 fuit
892 210 1014 239 machina
1027 211 1180 248 hujusmodi
1195 231 1201 243 ,
1224 212 1311 249 lignea
1323 212 1448 240 columna
1461 213 1546 249 proris
1559 213 1657 244 inerat,
1679 212 1852 251 longitudinis
1866 226 1979 254 quatuor

397 252 520 281 ulnarum
532 274 538 284 ,
568 251 712 279 latitudinis
725 249 880 286 palmorum
895 251 993 283 trium,
1014 251 1041 278 in
1055 251 1112 285 ejus
1125 252 1199 286 apice
1210 256 1299 278 rotam
1315 251 1515 279 constituerant:
1536 250 1598 278 huic
1607 253 1733 287 praete'rea
1746 252 1839 281 tabulae
1851 255 1980 285 inhaeren-

396 297 437 318 tes
454 290 530 318 staltis
544 289 719 317 conficiebant
734 309 739 319 ‚
761 297 873 324 quarum
889 287 1002 316 latitudo
1021 296 1076 315 erat
1089 289 1169 324 pedes
1186 296 1300 324 quatuor
1313 309 1320 320 ‚
1340 289 1480 325 longitudo
1499 288 1543 316 sex
1561 288 1643 316 ulnae:
1673 288 1797 317 foramen
1809 292 1917 321 tabulati
1931 304 1978 330 per

399 326 596 364 longitudinem
611 335 666 354 erat
679 336 685 353 ε
707 325 779 352 Scala
793 325 824 353 ab
838 332 953 362 utroque
965 325 1047 354 latere
1062 326 1143 362 usque
1162 327 1194 354 ad
1209 335 1278 362 genu
1296 328 1405 354 munitae
1421 336 1428 353 e
1449 327 1480 353 In
1499 326 1564 363 ligni
1579 335 1704 354 extremo
1717 327 1818 355 ferrum
1832 339 1888 358 erat
1901 332 1978 360 instar

400 365 488 392 mallei
501 372 658 402 peracutum
673 385 680 395 ,
700 371 827 399 praeterea
840 363 951 392 annulus
964 364 1026 391 fune
1041 363 1161 401 alligatus
1176 384 1183 396 ‚
1211 365 1246 391 ita
1260 371 1289 391 ut
1303 364 1358 392 haec
1372 363 1494 391 machina
1509 364 1637 392 machinis
1650 364 1832 394 frumentariis
1845 368 1980 398 fimillima

399 404 542 431 videretur,
578 403 662 438 Igitur
674 401 751 428 simul
765 411 795 429 ac
808 402 882 429 navis
895 401 1010 429 hostium
1025 402 1199 433 adventabat,
1219 402 1306 429 laxato
1321 402 1384 429 fune
1397 401 1469 429 scalae
1482 402 1707 434 demittebantur,
1728 403 1828 431 ferrum
1844 407 1980 441 pondere,

397 449 428 468 ac
446 441 470 467 vi
484 440 549 477 ligni
563 439 639 476 super
652 439 767 467 hostium
782 440 891 467 navium
905 439 1040 476 delapsum
1054 441 1197 478 figebatur:
1216 439 1234 466 fi
1245 440 1352 467 adversa
1364 449 1442 475 prora
1454 448 1523 472 erat,
1543 440 1597 468 bini
1611 440 1709 468 milites
1722 450 1768 476 per
1782 440 1859 470 scalas
1872 444 1983 473 descen-

399 477 510 510 debant,
531 478 586 505 duo
599 478 680 513 primi
695 477 865 514 praeferentes
879 477 963 509 scuta,
984 478 1078 515 reliqui
1093 478 1173 506 latera
1184 476 1262 505 scutis
1274 477 1401 514 proteiti:
1421 477 1441 505 fi
1456 487 1519 506 vero
1532 478 1639 516 obliqua
1651 486 1707 507 erat
1718 478 1835 507 hostium
1850 483 1939 515 navis,
1951 484 1979 512 in

402 525 461 543 eam
478 526 509 544 ex
525 523 581 545 tota
595 516 694 552 pariter
707 516 767 543 navi
781 515 954 544 desiliebatur.
980 517 1116 544 Hadrenus
1134 514 1257 552 Poiybim.

440 554 506 581 Falx
526 553 661 581 dicebatur
679 553 859 581 acutiffimum
874 554 991 585 ferrum,
1014 562 1153 582 curvatum
1168 554 1200 580 ad
1216 553 1417 581 fimilitudinem
1433 552 1505 581 falcis
1519 574 1527 587 ‚
1547 555 1620 591 quod
1634 555 1721 583 contis
1734 555 1899 593 longioribus
1911 558 1980 586 indi-

400 598 475 620 tum,
494 591 645 620 collatorios
660 591 734 619 funes
747 591 840 628 quibus
856 600 982 620 antemna
998 591 1173 628 suspenditur,
1194 600 1304 627 repente
1323 592 1497 628 percurrebat,
1525 591 1693 629 collapfisque
1715 593 1777 621 velis
1789 594 1921 623 liburnam
1940 598 1981 633 pi-

401 630 535 666 griorem,
555 639 585 657 ac
597 629 720 657 inutilem
735 629 871 658 reddebat.
896 630 1018 667 Vegetius.
1048 630 1111 657 Aliae
1125 630 1281 665 erantfaz'ces
1294 630 1417 660 murales,
1438 631 1472 657 de
1486 630 1579 666 quibus
1591 630 1674 665 supra.

441 668 554 695 funium
568 670 648 695 etiam
661 668 688 695 in
702 678 731 695 re
744 669 848 706 nautica
864 668 964 695 multus
976 667 1034 695 usus
1048 669 1096 699 est,
1118 667 1144 694 hi
1158 668 1280 695 dicuntur
1297 668 1427 701 rudentes,
1448 667 1462 695 a
1472 668 1558 695 nimio
1572 667 1670 695 scilicet
1684 668 1810 702 stridore,
1830 673 1856 699 Se
1870 680 1921 707 pro
1934 682 1980 701 va.

402 706 459 734 rio,
480 716 561 743 quem
576 706 696 742 praestant
714 704 777 736 usu,
797 707 868 733 varia
881 705 967 733 sortiti
979 705 1038 734 sunt
1051 707 1177 736 nomina,
1198 714 1314 742 quorum
1330 706 1452 741 quaedam
1467 705 1510 733 hic
1526 705 1705 733 recitabimus.

446 746 498 773 Eos
511 744 586 772 funes
599 742 694 781 quibus
706 742 796 772 velum
809 742 975 775 subducitur,
995 743 1113 780 mgsim'cu
1127 750 1238 773 vocant:
1261 746 1287 772 &
1298 743 1393 781 quibus
1407 753 1438 772 ex
1451 750 1561 781 utraque
1574 750 1648 780 parte
1663 742 1766 771 malum
1777 745 1981 784 constringitur,

416 791 521 812 rotonos.

397 793 415 819 p
442 826 490 848 Pes
509 821 628 850 nauticus
643 820 713 848 funis
726 820 762 847 est
777 830 831 858 quo
845 819 935 849 velum
949 821 1076 849 tenditur.
1113 820 1231 856 Qidam
1246 826 1337 853 tamen
1352 826 1506 849 extremum
1520 819 1571 848 veli
1584 817 1712 856 angulum
1724 820 1775 849 effe
1787 822 1938 859 opinantur.
1958 824 1982 852 A

402 861 471 897 pede
480 868 564 893 propes
576 859 674 889 diffluis,
697 858 766 886 funis
781 859 890 896 quidam
899 879 907 890 ‚
929 868 984 896 quo
996 869 1042 896 pes
1056 858 1107 886 veli
1119 859 1250 895 alligatur.

444 902 542 936 ijera
557 896 626 924 funis
641 897 677 923 est
691 898 825 928 nauticus,
845 896 978 924 asumma
991 897 1173 933 propendens,
1194 905 1248 932 quo
1264 903 1451 924 antemnarum
1468 905 1567 924 cornua
1581 896 1765 926 traducuntur,

442 938 509 963 Sunt
521 937 547 962 δε
558 935 671 969 pesmata
684 934 759 962 funes
773 934 867 970 quibus
880 944 983 961 ancorae
995 935 1147 971 alligantur.
1167 934 1286 971 Qidam
1295 932 1435 970 prymnest'a
1448 934 1568 961 arbitrati
1580 933 1648 961 sunt.
1667 933 1752 970 Festm
1767 941 1858 963 tamen
1865 944 1984 974 pomne-

394 973 466 1014 fium
479 980 557 1000 vocat
571 971 717 1003 tonsillam,
736 972 825 1008 palum
841 971 926 1007 ipsum
936 992 944 1004 ,
965 973 998 999 de
1011 982 1064 1008 quo
1079 972 1205 1008 religatur
1219 972 1307 1002 navis,
1328 982 1384 999 non
1400 972 1502 1000 funem.

445 1014 549 1038 Verum
563 1010 631 1039 funis
644 1010 704 1042 iste,
725 1011 770 1047 qui
787 1018 884 1038 navem
897 1009 924 1037 in
937 1009 1006 1042 alto,
1025 1018 1070 1038 aut
1085 1011 1154 1038 vado
1165 1009 1228 1036 sistit
1242 1029 1250 1041 ‚
1270 1010 1351 1037 etiam
1359 1009 1434 1045 funis
1445 1008 1587 1038 ancorarius
1597 1029 1605 1039 .
1625 1009 1737 1038 ancorale
1745 1030 1755 1044 ,
1775 1013 1803 1041 &
1814 1010 1984 1041 retinaculum

403 1048 557 1085 appellatur.

444 1086 564 1115 Camelus·
576 1086 672 1114 dicitur
686 1085 757 1114 funis
769 1086 876 1118 craffirs,
897 1096 951 1124 quo
963 1093 1047 1115 nautae
1060 1085 1200 1124 alligandis
1211 1086 1315 1113 ancoris
1330 1091 1450 1113 utuntur.

440 1126 562 1159 Epitonus
581 1123 631 1151 lori
645 1124 686 1152 vel
699 1125 797 1152 vinculi
811 1134 894 1162 genus
905 1126 956 1156 est,
977 1134 1030 1162 quo
1043 1132 1171 1153 antemna.
1187 1124 1257 1151 malo
1271 1123 1402 1159 alligatur.

444 1161 549 1190 Protoni
563 1172 628 1190 vero
642 1162 717 1190 funes
731 1163 869 1196 dicuntur,
890 1163 936 1200 qui
949 1173 981 1190 ex
996 1163 1059 1190 mali
1073 1170 1183 1199 utraque
1195 1169 1270 1198 parte
1284 1161 1296 1189 a
1308 1171 1388 1198 prora
1399 1163 1425 1189 &
1440 1169 1528 1199 puppe
1541 1162 1736 1191 extenduntur..

444 1201 681 1229 Connumerantur
695 1202 764 1228 inter
777 1201 864 1232 funes,
885 1203 912 1230 ὃς
923 1200 1048 1233 himonia,
1069 1210 1128 1237 quae
1141 1210 1174 1229 ex
1186 1200 1249 1227 loris
1261 1200 1469 1227 conficiebantur
1482 1201 1513 1227 ad
1526 1209 1605 1236 aquas
1618 1200 1782 1231 hauriendas.

446 1241 514 1267 Sunt
531 1241 556 1267 ὃς
571 1237 649 1272 tropi,
670 1240 716 1276 qui
730 1241 756 1267 ὅ(
770 1247 915 1273 nopotem,
938 1241 965 1267 &
977 1238 1145 1273 epicopoterex,
1166 1239 1260 1266 Latine
1263 1236 1361 1275 struppi
1375 1245 1515 1271 vocantur,
1536 1238 1654 1271 vincula,
1674 1239 1768 1276 quibus
1781 1238 1880 1268 scalmo
1893 1249 1984 1272 remus

403 1277 535 1315 alligatur.
566 1275 699 1304 Vitruvius
712 1286 758 1304 eos
763 1275 876 1314 strophas
890 1277 996 1304 videtur
1008 1276 1149 1314 appellare.

444 1321 525 1344 Tarm
540 1315 608 1343 funis
622 1315 657 1341 est
671 1313 685 1342 ἐ
701 1314 763 1341 loris
777 1322 931 1346 contortus,
952 1316 998 1351 qui
1011 1323 1077 1349 toro,
1097 1315 1124 1342 id
1139 1315 1191 1347 est,
1210 1314 1281 1342 lecto
1295 1312 1508 1342 subtendebatur.

445 1352 519 1388 spira
527 1353 633 1389 proprie
641 1352 699 1380 sunt
709 1351 813 1381 funium
823 1352 1008 1381 volubilitates.
1026 1352 1129 1381 Servius
1140 1363 1147 1380 :
1161 1353 1214 1381 five
1222 1361 1251 1381 ut
1259 1351 1344 1388 Festus
1351 1352 1454 1385 scribit,
1469 1351 1537 1380 funis
1548 1353 1668 1381 nauticus
1681 1354 1709 1382 in
1715 1354 1810 1384 orbem
1817 1353 1992 1389 convolutus.,

444 1392 590 1426 Transt’nmz
612 1390 680 1418 funis
696 1398 826 1419 extentus.
988 1398 990 1401 ’

446 1429 562 1465 opifera,
583 1428 634 1456 five
646 1428 825 1464 opiserifunes,
845 1428 939 1465 quibus
953 1438 1051 1457 cornua
1066 1436 1199 1458 antemnae
1215 1430 1323 1462 dextra,
1341 1428 1493 1468 finistraque
1506 1429 1660 1458 tenduntur.

447 1470 532 1494 Mirra
547 1466 632 1497 funis,
653 1475 706 1502 quo
721 1468 794 1494 navis
808 1466 896 1493 media
911 1467 1033 1494 vincitur.

446 1507 575 1542 Anqujum
588 1504 669 1533 funis,
693 1513 747 1540 quo
761 1504 793 1530 ad
809 1504 909 1531 malum
923 1513 1050 1532 antemna
1063 1505 1261 1541 constringitur.

448 1541 571 1568 Remulm
586 1542 655 1569 funis
669 1542 717 1573 est,
738 1550 792 1578 quo
804 1541 913 1578 religata
927 1543 1000 1570 navis
1014 1543 1102 1579 major
1115 1544 1251 1570 minorem
1266 1541 1380 1579 sequitur
1392 1543 1474 1571 remis
1489 1542 1590 1573 aetam,
1614 1541 1656 1571 vel
1665 1551 1719 1580 quo
1727 1542 1841 1581 deligata
1853 1545 1928 1573 navis
1942 1548 1988 1576 re,

408 1580 449 1608 mi
465 1581 522 1607 vice
537 1579 657 1607 trahitur.

448 1619 491 1644 De
504 1617 565 1644 vela
577 1618 633 1653 jam
648 1618 801 1647 dicendum.

448 1656 538 1683 Velum
551 1654 664 1683 linteum
679 1658 816 1693 quoddam
834 1656 884 1689 est,
905 1657 936 1685 ad
951 1658 1059 1685 navium
1073 1657 1236 1686 celeritatem
1252 1666 1402 1694 repertum:
1423 1656 1495 1694 quod
1510 1657 1580 1694 quafi
1591 1656 1634 1684 ala
1647 1656 1684 1684 est
1695 1658 1778 1687 navis.

449 1695 517 1731 Qis
532 1693 652 1721 velorum
667 1694 762 1722 author
776 1695 870 1725 fuerit,
891 1695 904 1722 a
915 1696 1038 1731 plurimis
1053 1698 1175 1724 traditur·
1202 1697 1419 1725 conficiebantur
1432 1707 1464 1724 ex
1478 1695 1579 1723 diversa
1595 1696 1720 1727 materia,
1742 1705 1774 1725 ex
1787 1695 1850 1727 lino·
1861 1696 1984 1732 tzinnah,

402 1730 494 1767 ftirpo,
505 1732 604 1765 sparto,
626 1731 666 1764 ἐς·
679 1732 748 1759 corio.
769 1732 882 1770 Triplici
894 1742 985 1762 autem
999 1735 1087 1761 forma
1101 1735 1157 1762 fieri
1169 1735 1340 1763 consuevere.
1365 1737 1437 1762 Nam
1451 1734 1500 1762 alia
1511 1735 1657 1770 trmngula,
1677 1743 1728 1770 qua
1741 1734 1890 1770 plurimum
1904 1735 1996 1771 figura.

412 1780 481 1798 nunc
496 1771 612 1800 utimur,
632 1770 681 1797 alia
694 1772 836 1809 quadrata,
858 1778 887 1798 ut
901 1771 927 1799 in
941 1773 1090 1800 minoribus
1104 1773 1228 1809 navigiis,
1250 1776 1277 1802 Sc
1292 1775 1406 1801 amnicis
1419 1773 1475 1801 fieri
1489 1772 1609 1799 videmus
1623 1782 1629 1798 z
1649 1771 1699 1799 alia
1714 1772 1839 1805 rotunda,
1858 1773 1944 1810 qualia
1958 1773 1985 1801 se

412 1808 570 1844 conspeiifl‘e
583 1816 667 1836 nautae
682 1808 797 1836 Lufitani
813 1809 949 1837 affirmant
963 1811 1031 1846 apud
1049 1811 1139 1838 Indos.

451 1847 524 1883 Qu
540 1849 565 1874 Σκ-
581 1847 607 1873 in
622 1856 716 1873 eorum
731 1847 877 1882 majoribus
891 1848 1000 1875 navibus
1013 1849 1044 1875 ad
1058 1846 1186 1875 duodecim
1198 1847 1253 1874 vela
1267 1847 1362 1876 habere
1379 1849 1525 1877 traduntur.
1564 1846 1698 1876 Caeterum
1713 1847 1789 1877 vela,
1811 1855 1839 1875 ut
1854 1847 1924 1876 libro
1943 1861 1985 1878 10.

411 1884 498 1914 scribit
515 1883 644 1911 Vim-urias
657 1905 664 1916 ,
688 1887 713 1913 ὃς
729 1886 797 1912 ratio
810 1885 896 1922 palam
913 1885 992 1919 facit,
1012 1895 1076 1913 cum
1090 1886 1147 1913 tunt
1158 1895 1206 1921 per
1217 1886 1386 1914 altitudinem
1400 1888 1519 1915 mediam
1534 1885 1598 1913 mali
1610 1886 1761 1922 pendentia,
1776 1895 1831 1913 non
1844 1887 1930 1921 potest
1942 1887 1992 1915 ha-

411 1924 472 1951 bere
485 1923 558 1949 navis
573 1923 687 1949 celerem
706 1921 822 1950 curium:
844 1932 906 1951 cum
920 1931 1011 1951 autem
1026 1925 1053 1951 in
1068 1924 1176 1952 summo
1189 1925 1328 1952 cacumine
1340 1934 1473 1953 antemnae
1484 1924 1614 1951 ihbtfflae
1624 1923 1700 1956 sunt,
1720 1932 1779 1952 turn
1792 1923 1988 1954 vehementiori

410 1961 578 1997 progreditur
593 1961 695 1997 impetu
705 1981 712 1992 ‚
732 1961 805 1998 quod
819 1971 874 1988 non
884 1962 1010 1998 proxime
1024 1962 1123 1990 calcem
1138 1962 1200 1990 mali
1210 1982 1218 1991 ‚
1238 1961 1280 1990 sed
1295 1963 1322 1990 in
1329 1962 1438 1992 summo
1447 1963 1565 2000 longius,
1586 1962 1653 1991 &ab
1664 1971 1696 1989 eo
1708 1962 1842 1999 progressa
1854 1963 1986 2000 recipiunt
2006 1973 2012 1978 ·

410 2000 437 2026 in
452 2000 477 2026 se
492 1998 548 2025 vela
562 2006 682 2026 ventum.

450 2037 533 2072 Igitur
546 2046 607 2063 cum
626 2037 681 2065 vela
696 2046 743 2074 per
760 2038 880 2065 medium
896 2037 954 2067 sunt
968 2045 1117 2075 temperata
1130 2059 1137 2070 ,
1158 2039 1294 2066 minorem
1308 2038 1405 2067 habent
1418 2040 1556 2068 virtutem.
1595 2040 1662 2075 Qae
1677 2046 1767 2066 autem
1781 2038 1808 2066 in
1822 2039 1908 2075 capite
1921 2039 1986 2068 mali

412 2072 710 2115 summo-collocantur,
731 2076 890 2104 discedentia
905 2077 1009 2114 longius
1023 2077 1036 2105 a
1050 2085 1144 2105 centro
1155 2097 1162 2107 ,
1182 2086 1238 2104 non
1252 2078 1354 2105 acriore
1365 2098 1372 2109 ‚
1392 2077 1436 2105 sed
1450 2077 1548 2105 eodem
1564 2077 1630 2106 flatu
1641 2076 1772 2113 preffione
1784 2079 1930 2105 cacuminis
1943 2088 1989 2107 ve-

412 2111 562 2139 hementius
575 2121 673 2147 cogunt
687 2115 811 2149 progredi
826 2123 933 2143 navem.
960 2116 1096 2143 Hastenus
1110 2115 1161 2143 iile.

449 2149 525 2176 Idem
543 2151 567 2176 -&
585 2154 692 2175 Aea-naus
705 2155 810 2178 Seneca:
834 2152 912 2180 Nulla
932 2154 1004 2180 enim
1026 2154 1113 2190 inquit
1132 2161 1172 2180 res
1187 2162 1260 2189 :tque
1273 2153 1381 2189 adjuvat
1394 2151 1500 2180 cursum
1514 2175 1521 2188 ,
1542 2163 1623 2191 quam
1637 2153 1745 2181 summa
1754 2162 1814 2189 pars
1827 2152 1896 2186 veli,
1916 2153 1990 2184 illinc

412 2187 531 2227 maxime
545 2187 616 2227 navis
630 2195 751 2223 urgetur:
772 2191 860 2225 itaque
874 2192 977 2226 quoties
993 2199 1086 2219 ventus
1099 2190 1230 2218 increbuit
1242 2211 1248 2222 ‚
1269 2192 1410 2228 majorque
1424 2191 1460 2218 est
1472 2213 1480 2224 ,
1501 2201 1582 2230 quam
1597 2192 1717 2229 expedit,
1737 2199 1864 2220 antemna
1874 2191 1988 2222 submit-

411 2225 490 2255 titur,
512 2232 600 2250 minus
615 2223 692 2252 habet
706 2227 801 2253 virium
818 2228 895 2255 flatus
909 2238 939 2255 ex
953 2229 1058 2257 humili.

450 2261 521 2301 Vela,
530 2261 580 2289 tria
597 2260 658 2289 facit
672 2263 758 2293 Julrm
772 2265 861 2306 [fallax
873 2286 882 2297 ‚
904 2269 930 2294 ὃς
946 2277 1007 2294 eum
1024 2267 1127 2296 secutus
1160 2267 1245 2295 tdoras
1256 2287 1263 2297 ‚
1285 2267 1372 2304 majus
1384 2288 1392 2299 ,
1414 2267 1485 2305 quod
1500 2270 1600 2296 acation
1618 2267 1751 2306 appellant
1767 2280 1775 2297 ι
1795 2270 1868 2307 quod
1883 2269 1897 2297 ὲ
1907 2277 1984 2307 tergo

409 2301 444 2327 est
459 2321 466 2331 ,
485 2299 624 2342 epudromon
638 2309 644 2324 z
665 2301 735 2335 quod
751 2304 895 2330 minimum
910 2324 916 2335 ‚
936 2304 1032 2333 dolona.
1070 2310 1176 2333 Amnon
1191 2326 1199 2339 ‚
1221 2306 1308 2342 inquit
1320 2304 1438 2344 {fidorufi
1460 2306 1549 2333 velum
1563 2309 1714 2336 maximum
1730 2308 1766 2335 est
1779 2309 1806 2336 in
1821 2308 1910 2335 media
1923 2307 1985 2336 navi

410 2338 592 2367 constitutum.
610 2337 752 2372 Eia-‘dromos
764 2339 883 2368 secundae
895 2343 1089 2378 amplitudinis,
1104 2343 1148 2373 sed
1156 2344 1187 2373 ad
1198 2343 1325 2381 puppim:
1339 2344 1420 2373 Dolon
1433 2344 1596 2378 minimum,
1608 2347 1636 2375 &
1644 2346 1676 2377 ad
1685 2355 1796 2384 proram
1809 2345 1986 2411 defixumm
