2075 2734
382 95 438 127 ΒΗ·
819 88 1066 124 Panis

379 138 458 161 Porcia
466 135 664 160 condemnatum:
679 135 734 160 huic
741 134 807 159 facile
819 135 921 160 satisfieri
935 139 1037 169 poterit,
1050 137 1065 161 si
1080 138 1110 161 ita
1122 145 1157 161 re-

381 168 549 193 soondebitur:
563 176 618 192 cum
631 170 653 192 S.
661 170 689 192 C.
697 167 756 191 illud
763 167 827 191 fieret
834 185 840 195 ‚
854 176 904 200 quo
911 169 1038 194 deventum
1047 169 1089 193 nisi
1096 168 1157 194 diffi-

381 196 481 225 cillimis
488 218 495 228 ,
509 208 532 224 ac
539 199 736 232 periculoiisfimis
743 199 875 230 reipublicae
882 202 1029 234 temporibus
1040 210 1089 225 non
1097 201 1141 226 eise
1149 219 1155 228 ,

381 234 495 257 traditum
501 232 546 256 est:
557 235 641 255 Darem
648 239 731 264 operam
740 233 845 261 confides,
854 241 879 255 ne
885 236 940 265 quiri
947 233 1157 266 respubdnrimenti

382 272 477 297 caperet,
486 263 575 292 iacuisse
582 261 673 295 prorsus
681 263 758 294 legem
766 264 870 287 Porciam
879 282 886 292 ‚
894 266 917 289 &
926 266 1023 297 impune
1029 265 1117 290 licuiffe
1124 266 1156 288 ci-

381 303 421 320 ves
427 295 550 321 seditiosos
557 313 563 322 ,
577 303 620 319 nec
627 294 750 318 salutariter
763 295 792 318 de
800 297 869 327 patria
876 298 1006 328 cogitantes
1018 298 1156 322 interficere.

383 328 470 361 quibus
478 331 497 351 S.
507 331 533 351 C.
543 328 644 354 excitati,
652 334 720 358 atque
727 330 806 351 armati
815 327 892 352 Nasica
901 346 907 356 ,
917 330 1030 361 Opimius
1041 347 1046 357 ‚
1055 330 1143 353 Matius
1150 346 1157 355 ‚

383 361 477 384 Cicero,
486 359 588 383 fecerunt
597 360 620 383 id
629 366 707 382 contra
715 360 793 390 legem
803 361 913 388 Porciam,
922 362 987 393 quod
995 361 1038 386 nifi
1045 361 1157 388 fecissent,

383 391 519 415 timendum
527 397 670 423 magnopere
677 391 733 415 fuit.
742 399 772 415 ne
780 393 842 424 leges
849 393 942 424 teliqux
950 401 1034 417 omnes
1042 394 1158 425 pernicio-

383 423 410 447 fis
419 424 633 447 malorumcIvium
646 422 763 449 confiliis,
777 431 800 446 ac
814 422 910 452 scelere,
922 426 1083 450 conciderent.
1095 427 1159 457 leges

384 456 452 479 enim
460 455 486 478 ad
495 455 591 478 salutem
599 454 716 486 publicam
729 455 868 480 referuntur.
882 464 906 480 ea
912 465 968 481 curn
980 458 1005 481 in
1013 457 1112 482 dubium
1120 465 1159 481 ve-

385 488 421 510 nit
430 505 435 514 ,
443 486 458 510 st
466 487 557 518 legibus
566 486 687 510 subvenite
694 488 805 511 nonlicet
814 505 820 515 ‚
835 488 860 512 ad
868 490 917 512 vim
923 488 1069 521 confugitur.
1085 496 1158 521 eaque

385 518 440 548 justa
448 520 490 546 vis,
498 526 522 541 ea
530 519 601 550 pietas
609 520 632 542 in
642 520 736 551 patriam
746 519 861 546 est,nu110
869 528 946 552 neque
953 521 1071 552 praesenti,
1081 529 1158 552 neque

385 551 524 582 posteritatis
533 551 622 579 judicio
630 551 735 574 damnata
742 568 748 578 ,
764 550 801 575 sed
809 553 922 576 omnium
935 551 1071 577 saeculorum
1079 560 1158 585 perpe-

383 583 428 605 tuis
436 582 582 606 sermonibus
589 601 594 610 ,
603 590 627 606 ac
634 583 740 607 laudibus
752 590 854 615 excepta.
870 586 951 616 Atque
958 585 1015 609 hanc
1022 586 1046 609 in
1054 587 1115 609 cives
1123 585 1157 608 ul·

384 614 446 637 timo
454 614 569 646 supplicio
576 614 777 638 animadvertendi
789 615 926 646 potestatem
940 624 990 641 non
1003 617 1046 641 nifi
1059 620 1079 641 S.
1088 620 1119 641 C.
1133 623 1158 641 ut

384 646 491 670 diximus
498 664 505 673 ‚
519 645 662 670 Consulibus
670 647 714 670 effe
721 647 797 670 datam
812 648 881 677 (mm
889 648 980 680 legibus
987 650 1085 673 multare
1097 649 1158 673 cives

383 679 462 701 mirre
470 686 519 701 non
527 678 626 709 licebat)
640 679 677 702 illa
686 679 710 702 in
717 679 845 703 Catilinam
858 680 962 705 indicant
975 684 1038 705 Orat.
1049 690 1068 705 r.
1077 688 1125 712 cap.
1136 689 1158 707 z.

386 711 431 733 -Ad
438 718 526 732 mortem
534 718 554 733 re
563 712 657 732 Catilina
668 711 786 742 ducijuſju
799 712 893 740 Confidis
900 714 1034 742 jampridem
1042 713 1156 745 oportebat.

384 741 486 764 habemus
494 742 550 764 enim
558 742 581 765 S.
591 745 611 765 C.
622 744 644 764 in
651 749 672 764 te
678 744 773 765 Catilina
781 745 895 766 vehemens
903 761 909 771 ,
929 742 1040 775 &grava
1054 753 1092 766 non
1104 744 1157 773 deest

383 773 502 805 retpublin
509 774 626 804 confilium,
634 782 701 804 neque
709 775 828 797 authoritas
836 776 902 806 hujus
909 777 996 799 ordinis.
1004 785 1039 798 nos
1046 793 1052 803 ,
1061 785 1103 801 nos,
1111 778 1155 798 dico

383 811 457 836 aperte
464 821 471 831 ‚
480 806 575 834 Consules
582 806 692 835 desumus.
703 807 796 828 (λεια-ω]
803 808 911 836 quondam
918 808 1009 836 fimatur
1017 824 1022 834 ‚
1036 814 1061 830 ut
1068 809 1097 831 L.
1106 809 1157 837 opi-

386 838 526 866 muescanfid
533 838 629 863 videret,
643 845 668 859 ne
677 840 731 868 quiri
745 838 799 868 resp.
813 838 938 861 detrimenti
949 846 1038 868 caperet.
1050 847 1092 861 nox
1099 840 1158 861 nuHa

382 868 507 896 interceffit:
517 876 568 890 mox
575 869 700 897 interfellus
710 869 828 901 ej‘ipropter
834 871 939 900 quasdam
949 872 1078 899 seditionum
1086 872 1157 900 suspi-

381 900 448 921 ciorum
456 902 478 924 C.
487 901 608 926 Gracchus,
614 900 788 931 clariffimopatre
795 908 867 927 natus,
879 902 1060 932 avir,majonbus
1067 912 1076 926 ,·
1083 903 1158 932 accisus

383 930 410 958 est
417 938 465 952 cum
472 930 541 954 liberis
549 933 695 954 .M.Fu1vius
703 933 829 961 Consularis.
840 933 911 960 finnli
923 935 945 956 S.
957 935 978 956 C.
989 935 1010 956 C.
1026 935 1100 956 Mam
1108 950 1114 959 ,
1128 935 1157 956 L.

385 963 469 985 Va!eri0
479 958 528 991 soff:
534 965 632 993 permissa
639 962 666 991 est
672 963 722 992 resp.
732 971 785 984 num
792 971 861 985 unum
867 964 999 994 dtempostea
1015 967 1042 987 L.
1051 966 1156 986 Saturni-

382 993 437 1023 num
450 993 563 1016 tribunum
575 994 642 1023 plebix
656 993 681 1016 (θ’
696 996 717 1017 Ε,
731 994 852 1016 Servilium
865 1000 974 1025 putorem
983 1002 1044 1024 poena
1051 1002 1157 1017 remorata

384 1025 411 1053 est
419 1028 430 1047 ἱ
443 1031 467 1047 at
475 1034 509 1046 για]
518 1026 703 1057 vigesimum—jam
711 1025 767 1047 diem
776 1025 987 1056 partmurhebefcere
999 1035 1066 1049 aciem
1082 1029 1159 1049 horum

383 1057 535 1079 turbarirare‘r.
547 1056 648 1079 habemus
655 1058 711 1079 enim
717 1057 821 1086 ejusmodi
829 1057 853 1079 S.
862 1059 883 1079 C.
891 1064 1032 1080 'veruntamen
1039 1060 1060 1080 ιή
1068 1058 1159 1085 tabulis,

381 1093 486 1117 tanquam
494 1089 516 1109 in
524 1089 618 1119 vagina,
636 1089 776 1110 reconditum.
789 1095 829 1117 quo
844 1096 871 1110 ex
884 1089 907 1112 S.
917 1091 939 1111 C.
951 1091 1058 1118 confestim
1070 1091 1160 1119 interse-

384 1119 443 1141 Hnm
457 1126 478 1141 te
485 1121 578 1142 catilina
590 1121 696 1142 convenit.
714 1121 742 1142 Et
749 1119 897 1143 Sallustiusin
905 1121 1046 1144 Catilinario
1059 1128 1105 1152 cap.
1118 1129 1158 1147 29.

383 1150 478 1172 sanaim
485 1152 588 1177 decrevit,
598 1153 786 1182 quudplerumqm
792 1160 813 1173 ιη
821 1154 886 1174 atroci
892 1153 1030 1182 negotiosblet
1038 1170 1044 1180 ‚
1052 1159 1078 1175 ut
1084 1154 1157 1175 darent

384 1189 469 1211 operam
478 1179 575 1211 confides
583 1199 589 1208 ,
604 1191 628 1205 ne
635 1184 690 1214 qmd
700 1183 751 1213 resp.
763 1183 985 1215 detrimenticaperee.
998 1193 1024 1206 ea
1030 1184 1158 1214 potestasper

376 1213 478 1242 senarum
492 1222 549 1236 more
556 1217 647 1237 Romano
655 1216 793 1245 magistratui
805 1216 904 1237 maxima
913 1217 1065 1247 permittitur,
1078 1217 1159 1238 exerci-

383 1251 521 1275 zumparnre,
530 1245 693 1276 bevagerere,
701 1248 787 1269 coercere
794 1246 889 1268 omnibus
896 1247 1032 1276 modissbcios
1040 1264 1046 1274 ,
1055 1254 1122 1278 atque
1128 1249 1157 1270 ci-

381 1285 430 1303 ves,
438 1278 496 1299 domi
504 1279 632 1307 militisque
638 1279 757 1309 imperium
764 1278 1066 1309 atqtaeejudiciumsummum
1073 1278 1157 1303 habere.

384 1309 647 1339 aliterfimpopulijrffs
655 1310 789 1332 nulliearum
797 1317 869 1331 rerum
879 1311 960 1339 Confieli
971 1313 1005 1334 ius
1014 1311 1048 1339 est.
1059 1313 1157 1338 Verum,

383 1341 438 1370 quia
445 1341 466 1362 S.
476 1341 504 1362 C⁴
520 1340 654 1368 hujusmodi
663 1348 711 1363 non
720 1341 761 1364 nifi
770 1339 873 1364 adversus
881 1348 921 1364 eos
928 1342 990 1365 cives
1002 1342 1052 1366 fieri
1059 1341 1156 1366 soIitum

382 1371 421 1397 est,
431 1372 473 1402 qui
481 1371 515 1394 vel
525 1371 658 1402 perniciosis
666 1372 765 1403 legibus,
773 1373 809 1396 vel
817 1373 895 1399 armis,
905 1374 940 1396 vel
949 1374 990 1397 alia
999 1375 1078 1405 quavis
1087 1375 1155 1397 ratio-

381 1410 412 1426 ne
419 1402 587 1434 rempublicam
596 1411 765 1435 oppugnarent,
773 1404 902 1435 perduelles
908 1404 974 1429 fuisse
981 1409 1009 1429 T.
1018 1407 1041 1429 δε
1049 1407 1078 1428 C.
1088 1408 1157 1429 Grac-

384 1435 441 1458 chos
449 1452 455 1462 ‚
470 1436 620 1459 Saturninum
629 1453 634 1461 ,
651 1437 773 1459 t—Iauciatn
780 1453 785 1462 ,
802 1437 932 1460 Catilinam
941 1454 948 1464 ,
962 1436 1057 1468 eiusque
1064 1437 1139 1460 socios
1146 1455 1152 1464 ,

383 1466 488 1498 ideoque
495 1475 542 1490 non
551 1468 627 1490 modo
634 1469 654 1491 S.
663 1470 692 1490 C.
705 1467 743 1491 sed
751 1469 801 1499 lege
808 1475 906 1498 quoque
913 1469 990 1491 Porcia
996 1468 1140 1492 concedente
1148 1485 1155 1496 ,

382 1498 432 1525 iure
438 1498 507 1521 cxsos
516 1515 521 1524 ‚
537 1499 590 1522 licet
598 1499 736 1522 existimare.
756 1499 891 1530 opponitur
898 1500 969 1523 etiam
978 1500 1037 1523 illud
1046 1516 1052 1525 ‚
1069 1500 1154 1530 quoda

381 1530 484 1552 Pediano
498 1537 540 1560 pro
555 1533 589 1554 Μ,
597 1533 680 1553 scauro
694 1537 744 1561 pag.
754 1537 807 1556 173.
820 1530 932 1553 traditum
945 1531 984 1554 est.
1002 1533 1029 1554 L.
1043 1531 1139 1554 Tubulus
1147 1548 1154 1559 ,

385 1562 446 1583 mmo
454 1563 564 1590 putarim
572 1579 578 1588 ‚
594 1568 747 1591 ararepairum
755 1563 856 1584 Ciceroni}
863 1578 869 1588 ,
880 1568 966 1593 propter
973 1563 1139 1593 mulmflagutia
1147 1579 1153 1589 ,

383 1597 434 1614 clam
441 1593 466 1615 de
472 1594 538 1614 exilm
545 1593 592 1621 effi!
599 1594 709 1621 acccrfitm
717 1610 722 1620 ‚
731 1602 756 1615 ne
762 1595 783 1615 in
790 1601 868 1616 carcere
874 1602 982 1616 necaretur
990 1611 996 1620 ι
1009 1602 1116 1616 'venenum
1124 1594 1156 1616 Μ·

384 1622 423 1646 bit.
442 1624 489 1654 Qi
497 1623 512 1647 fi
521 1631 601 1647 necem
609 1625 691 1647 timuit
699 1641 706 1651 ,
718 1632 768 1648 non
776 1624 868 1647 videtur
877 1641 882 1650 ,
896 1623 946 1647 satis
954 1625 994 1648 fibi
1002 1624 1155 1649 constitutum

384 1654 450 1678 fuisse
459 1655 554 1685 praefidii
568 1657 592 1679 in
601 1657 652 1686 lege
659 1656 746 1682 Porcia,
755 1655 867 1682 iudicasse.
884 1657 935 1686 Ego
942 1663 1021 1679 contra
1029 1656 1065 1679 ste.
1080 1657 1157 1679 Potuit

384 1686 490 1710 Tubulus
497 1686 615 1711 committi
622 1686 800 1718 perduellionis,
807 1694 855 1718 quo
861 1687 962 1711 crimine
969 1688 1091 1711 damnatos
1099 1687 1158 1711 affici

383 1725 492 1741 extremo
500 1717 615 1749 supplicio
623 1726 700 1750 neque
707 1720 784 1742 Porcia
793 1735 799 1745 ‚
807 1725 884 1750 neque
892 1719 936 1743 ulla
944 1719 1047 1743 omnino
1054 1720 1090 1742 lex
1098 1726 1157 1743 veta-

384 1749 430 1776 bat,
439 1749 479 1774 fibi
488 1749 654 1774 effeconscius:
664 1751 767 1782 ideoque
774 1757 878 1774 mortem
885 1750 934 1779 iure
941 1751 1106 1783 pertimescens
1115 1768 1120 1777 ‚
1129 1759 1157 1775 ne

384 1781 410 1805 iti
417 1789 506 1805 carcere
513 1788 631 1805 necaretur
639 1799 645 1809 ‚
655 1789 774 1805 venenum
782 1781 850 1805 bibit.
858 1784 943 1812 potuit
955 1784 1026 1806 eriam
1035 1799 1041 1810 ‚
1052 1783 1157 1813 perduel-

385 1814 452 1837 lione
458 1821 508 1837 non
514 1812 640 1837 commisso
647 1830 653 1840 ‚
661 1813 784 1837 deterritus
791 1813 933 1837 conscientia
941 1815 1019 1844 potius
1027 1831 1032 1840 ,
1046 1821 1117 1845 quam
1125 1815 1155 1837 le-

384 1845 452 1876 gibus
460 1863 465 1872 ,
479 1853 582 1869 mortem
590 1846 674 1869 timete
681 1863 688 1872 ,
695 1850 720 1869 ut
727 1845 746 1868 ii
754 1862 760 1871 ‚
768 1852 829 1876 quos
835 1845 915 1877 aliquo
922 1845 1156 1869 scelerecontamina—

383 1883 420 1900 ros
427 1876 491 1901 furiae
499 1884 593 1901 vexant:
602 1877 698 1901 horrent
705 1877 799 1900 omnia:
808 1884 951 1909 quocunque
958 1876 1111 1909 adspexerint,
1119 1884 1156 1901 aut

384 1910 490 1932 venerint
498 1927 503 1936 ,
513 1909 546 1933 ibi
553 1916 627 1933 carcer
634 1926 641 1936 ‚
653 1909 685 1932 ibi
693 1908 794 1932 carnifex
801 1925 807 1934 ,
815 1909 849 1932 ibi
856 1908 952 1940 laqueus
961 1926 967 1936 ,
982 1910 1004 1932 ἃ
1013 1909 1097 1932 securis
1106 1926 1112 1936 ,
1121 1909 1155 1933 ibi

384 1940 449 1964 {assis
456 1948 540 1965 eorum
548 1941 617 1972 digna
625 1940 666 1964 fibi
673 1941 782 1964 videntur
792 1940 888 1964 intueri.
901 1941 983 1964 timuit
997 1941 1069 1972 igitur
1075 1940 1156 1964 Tubu-

385 1972 420 1995 lus
429 1990 435 1999 ,
449 1981 491 1999 ne,
506 1972 711 2005 quemadmodum
725 1972 795 1996 multi
803 1971 834 1995 ob
841 1972 902 1995 recte
914 1972 971 1996 faeta
982 1972 1074 2004 legibus
1087 1970 1158 1996 soluti

385 2002 444 2027 sunt.
453 2011 478 2028 ut
486 2003 591 2029 summos
599 2005 701 2028 honores
709 2011 760 2028 ante
767 2004 903 2034 legitimam
910 2011 999 2028 :statem
1007 2021 1013 2031 ,
1022 2012 1059 2028 aut
1067 2004 1157 2036 aliquid

385 2036 452 2065 quod
460 2037 550 2061 nemini
558 2044 662 2069 praeterea
674 2035 773 2060 concedi
786 2035 870 2060 soleret
877 2053 883 2063 ‚
901 2035 1110 2068 consequerentur:
1127 2036 1158 2060 fic

386 2066 442 2096 ipse,
451 2069 646 2100 quandoquidem
659 2068 682 2092 se
688 2068 714 2092 ab
722 2068 795 2091 exilio
803 2068 905 2091 revocari
912 2068 1002 2092 videret
1009 2085 1015 2095 ‚
1027 2069 1101 2091 exilio
1109 2075 1160 2099 gra-

385 2098 437 2121 vius
445 2100 532 2130 aliquid
541 2118 546 2127 ,
563 2107 668 2124 mortem
675 2101 804 2127 nimirum,
820 2100 856 2123 vel
864 2106 943 2123 contra
956 2101 1020 2130 leges
1033 2099 1064 2123 ob
1072 2099 1158 2131 flagitia

386 2130 487 2160 plurima
502 2130 577 2155 subire
589 2138 716 2164 cogeretur.
730 2138 806 2158 certe,
825 2139 874 2162 quo
882 2133 961 2155 minus
973 2132 1002 2155 de
1009 2132 1158 2163 Porciaelegis

387 2168 496 2193 perpetua
503 2163 540 2189 vi,
557 2171 664 2195 perpetua
672 2165 769 2195 inquam
783 2163 810 2187 ad
817 2163 890 2195 usque
901 2164 1016 2195 postrema
1025 2163 1158 2195 reipublicae

387 2200 505 2224 tempora,
523 2194 654 2219 indubium
663 2197 755 2220 veniam
767 2195 820 2219 facit
827 2196 866 2219 illa
877 2203 924 2219 vox
935 2196 1060 2219 Ciceronis
1073 2196 1098 2219 in
1104 2199 1159 2219 Vet—

387 2231 437 2249 xem
446 2225 486 2249 lib.
496 2229 524 2249 V.
531 2233 580 2257 cap.
589 2231 626 2252 ⁶3.
646 2231 664 2250 0
672 2236 744 2250 nomen
751 2229 810 2250 dulce
822 2227 928 2250 libertarit
935 2238 943 2251 .·
959 2227 969 2251 ὅ
980 2229 1016 2251 lex
1025 2230 1096 2251 Porcia
1104 2244 1110 2254 ,
1128 2229 1158 2250 Ie-

381 2258 461 2287 gefiyue
474 2259 613 2288 Sempronia:
631 2260 717 2281 martine
730 2260 816 2282 tandem
829 2260 900 2282 omnia
912 2261 1046 2287 reciderunt,
1064 2266 1089 2282 ut
1101 2260 1158 2282 civis

385 2291 507 2316 Romanus,
521 2291 543 2312 in
555 2291 664 2319 provincia
675 2292 748 2320 populi
760 2294 821 2314 Rom.
835 2292 855 2313 in
863 2292 935 2322 oppido
944 2292 1098 2320 foederatorum
1107 2307 1113 2317 ,
1131 2290 1157 2313 ab

384 2329 406 2342 eo
415 2338 420 2347 ‚
439 2323 477 2351 qui
485 2320 656 2352 beneficiapopuli
662 2323 802 2353 ‘qufasoes
809 2321 922 2350 &secures
929 2322 1018 2345 haberet
1026 2339 1032 2349 ‚
1049 2324 1155 2353 deligatus

381 2353 458 2382 msoro
472 2354 541 2385 m'rgu
554 2356 680 2377 tnderarur?
698 2354 726 2376 Et
733 2360 776 2384 pro
782 2355 812 2378 C.
820 2353 918 2378 Rabirio
930 2353 1101 2386 perduellionis
1113 2361 1156 2378 reo

1135 90 1402 118 Mauo-1·

1443 99 1452 118 1
1488 97 1502 118 1

1188 145 1234 165 ιη,
1244 138 1318 160 Porcia
1326 137 1569 169 lex,inquit‚z·irgasab
1576 139 1672 162 amnium
1678 138 1762 164 civium
1770 141 1911 168 Romanorum
1919 155 1964 170 m-

1187 171 1327 201 porenmovit
1335 179 1342 192 .-
1352 171 1384 192 hic
1391 171 1603 201 m-isericorsflagella
1609 173 1692 195 retulit.
1707 174 1789 196 “Porcia
1796 175 1832 197 Iex
1838 175 1961 202 libertatem

1189 203 1274 225 livium
1284 202 1354 224 [illari
1360 203 1441 230 eripuis
1449 210 1454 223 :
1463 201 1856 235 Labit-nus,hamopopularir,rarnfiu
1864 209 1962 235 tradidit.

1190 233 1241 263 Jam
1256 233 1295 256 illa
1307 235 1335 256 C.
1345 232 1438 256 Caesaris
1450 233 1509 264 apud
1516 233 1647 258 Sallustium
1656 236 1772 260 Bell-Cat.
1781 244 1875 268 cap-51.
1889 239 1904 263 fi
1917 249 1962 272 pro

1191 264 1357 295 perduellibus,
1366 265 1476 292 Lentulo,
1486 266 1603 297 Cethego,
1611 267 1723 294 Gabinio,
1732 269 1755 291 ὅ(
1764 269 1862 301 reliquis
1869 288 1875 297 ,
1883 273 1961 304 reipu-

1189 297 1254 320 blica:
1262 296 1490 321 statumnonleviter
1502 298 1647 325 labefactare,
1663 299 1700 322 sed
1713 301 1816 324 omnino
1829 304 1962 328 convellere

1190 328 1328 352 conantibus
1336 346 1342 355 ‚
1360 327 1480 352 dicuntur:
1497 337 1585 360 quanto
1593 331 1643 361 plus
1654 330 1789 356 habereloci
1798 333 1916 358 videantur
1924 353 1931 363 ,
1944 337 1961 361 fi

1190 367 1232 390 pro
1238 360 1327 383 civibus
1335 377 1341 387 ,
1355 360 1397 390 qui
1407 360 1498 391 privatis
1505 361 1644 385 hominibus
1652 363 1700 387 vim
1707 364 1840 392 attulerint,
1852 366 1913 390 nihil
1923 367 1962 392 ad-

1189 391 1265 415 versus
1273 391 1411 420 majestatem
1419 391 1536 422 publicam
1544 393 1686 426 deliquerint
1695 412 1700 422 ,
1713 397 1906 426 pronuntientur?
1920 402 1960 423 Per

1190 425 1246 450 deos,
1257 424 1342 455 inquit,
1351 425 1494 452 immortales,
1501 425 1638 455 quamobrem
1647 428 1801 456 mscntemiam
1810 437 1848 450 mvn
1854 431 1960 460 addidisti,

1190 457 1287 485 uriprius
1299 454 1425 478 verberibus
1432 458 1454 477 in
1461 465 1493 478 eos
1499 458 1710 481 animadverteretur
1719 464 1770 486 ἓιεη,
1777 461 1828 490 quia
1835 463 1872 483 lex
1880 463 1961 486 Tarsia

1189 493 1252 509 vetat
1268 492 1279 511 ἓ
1295 493 1320 509 ar
1333 485 1359 510 ὅθ’
1372 489 1421 509 alm
1434 488 1487 509 item
1500 488 1702 518 legercondemnszii
1714 490 1796 513 civibus
1810 501 1848 514 non
1862 494 1960 517 animam

1190 520 1256 547 eripi,
1268 520 1405 549 sedes-ilium
1416 520 1628 551 permitti,jubent.
1645 521 1751 546 Etinfra:
1771 525 1960 556 ulifz-J'asesrzossri,

1190 552 1273 584 qraecrae
1288 558 1369 573 morem
1383 551 1467 572 imitari
1480 567 1486 577 ,
1503 551 1625 574 verberibus
1638 555 1842 577 animadvertebam
1854 565 1875 577 m
1887 558 1958 585 cives,

1189 585 1213 605 de
1223 583 1368 605 condemnatis
1380 582 1491 609 summum
1502 583 1634 615 supplicium
1641 585 1764 612 sumebant.
1784 586 1894 618 ptrstquam
1905 591 1959 621 resp,

1187 615 1285 636 adolevit
1292 630 1298 640 ‚
1314 612 1339 636 (2·
1347 615 1490 636 multitudine
1497 616 1578 637 citium
1584 615 1690 645 fizdhones
1697 620 1787 640 valuere
1794 635 1800 644 ,
1816 622 1959 643 circumveni.

1189 647 1210 667 ri
1223 647 1352 671 innocenter,
1370 646 1614 676 aliaquehumscemodi
1621 646 1671 675 fier!
1679 654 1760 676 (κρῖνε.
1774 655 1823 671 tunc
1830 651 1865 672 r'ex
1877 653 1957 679 Porcia,

1190 678 1279 705 alisque
1286 678 1480 709 legespara'aesun!
1487 694 1492 703 ,
1511 677 1591 707 quibus
1600 677 1683 709 legibus
1694 681 1786 701 :mltum
1793 682 1901 704 damnatis
1910 689 1959 712 per-

1189 709 1275 737 rmffiam
1288 710 1324 737 cst.
1341 708 1416 732 Exstat
1423 709 1494 732 etiam
1504 709 1604 733 Milonis
1616 710 1760 741 exemplum.
1777 712 1817 742 qui
1833 712 1862 739 fi,
1880 713 1958 737 occiso

1187 743 1210 764 P.
1219 740 1308 764 Clodio
1317 757 1323 766 ,
1340 740 1369 763 de
1378 748 1421 771 qua
1428 747 1484 763 nece
1491 741 1514 763 ὃ(
1523 742 1674 771 quarendum
1682 748 1744 765 extra
1756 743 1864 766 ordinem
1871 761 1878 770 ,
1897 752 1922 768 ut
1936 746 1961 769 in

1174 798 1175 802 Ἰ
1187 772 1358 795 atrociffituate
1365 771 1453 795 senatus
1466 771 1562 795 censuit.
1573 774 1596 796 &
1610 771 1744 810 {Pompeio
1759 776 1845 805 Magno
1857 776 1963 800 Consule

1187 804 1230 827 lata
1238 811 1297 827 nova
1305 805 1342 827 lex
1350 803 1393 827 suit
1402 821 1408 830 ,
1416 805 1499 827 Porciae
1506 805 1565 835 legis
1572 805 1688 829 beneficio
1696 813 1769 829 vitam
1776 806 1887 834 retinuit,
1896 808 1961 833 civili

1188 842 1278 858 tantum
1286 841 1363 859 morte
1371 852 1377 861 ,
1389 835 1434 858 hoc
1442 835 1473 858 est
1480 853 1486 862 ,
1495 837 1568 859 exilio
1577 854 1583 863 ,
1591 835 1682 860 affestus
1689 837 1720 860 est
1729 846 1734 860 :
1743 839 1820 861 multo
1828 839 1903 869 magis
1910 840 1963 864 reli.-

1189 874 1249 897 quos
1256 868 1318 890 cives
1326 884 1331 891 ,
1352 868 1487 899 quileviora
1495 868 1579 891 dareta
1586 868 1769 895 commiiiss'ent,
1786 869 1889 897 eiusdem
1902 871 1967 902 legis*

1187 892 1296 930 perfu‘gio
1303 898 1346 922 eise
1353 897 1405 922 usos
1414 915 1419 924 ‚
1427 899 1602 931 naturalemque
1609 906 1713 923 mortem
1719 899 1822 931 effugiss'e
1828 918 1834 927 ,
1849 901 1963 927 credibile

1188 930 1228 954 est.
1244 933 1275 954 At
1283 932 1306 954 in
1315 931 1421 954 oratione
1428 937 1470 960 pto
1479 931 1569 954 Cxcina
1577 948 1582 957 ,
1593 932 1615 954 δι
1623 932 1648 954 in
1657 932 1736 962 primo
1744 932 1773 955 de
1781 934 1879 956 Oratore
1886 941 1960 962 mors,

1188 961 1249 993 quafi
1259 969 1327 992 poena
1334 961 1424 992 legibus
1432 963 1530 993 irrogata
1537 979 1543 989 ,
1551 965 1694 986 nominatur.
1704 971 1757 987 nam
1765 971 1808 994 pro
1816 965 1903 988 Cazcina
1910 973 1960 997 cap.

1190 1001 1226 1020 34.
1245 995 1331 1019 Nulla,
1349 994 1439 1024 inquit,
1457 995 1477 1015 in
1491 995 1536 1024 lege
1548 995 1614 1022 nostra
1628 1001 1761 1025 reperietur,
1782 999 1961 1028 utapuclssrerns

1188 1026 1289 1047 civitam
1299 1041 1305 1050 ,
1321 1024 1454 1053 maleficium
1467 1026 1539 1046 ullum
1553 1028 1618 1048 exilio
1631 1027 1667 1054 effi?
1681 1029 1803 1050 multatum
1819 1038 1826 1050 :
1839 1029 1893 1058 fid,
1909 1037 1959 1051 tum

1189 1057 1282 1078 nominer
1291 1057 1393 1082 vincula,
1412 1063 1468 1077 neces
1477 1072 1484 1082 ,
1501 1057 1671 1087 ignominiasque
1681 1059 1769 1085 vitant,
1787 1067 1834 1089 qua
1843 1060 1895 1088 sune
1908 1062 1963 1091 legi-

1190 1086 1228 1109 bus
1239 1088 1352 1116 constituta
1359 1103 1365 1113 ‚
1384 1088 1509 1117 confugiunt
1516 1104 1521 1113 ,
1531 1088 1625 1118 quafiad
1631 1096 1691 1111 aram
1700 1105 1706 1115 ,
1714 1090 1735 1110 in
1741 1091 1842 1113 exilium.
1862 1093 1896 1115 De
1905 1094 1963 1115 012-

1190 1125 1326 1142 toleautem
1338 1117 1381 1142 hb.
1393 1126 1412 1142 1.
1421 1125 1517 1149 cap.43.
1537 1120 1595 1142 Vitia
1607 1121 1733 1147 hommum,
1750 1118 1815 1152 artjue
1822 1122 1911 1151 ftaudes
1924 1124 1962 1146 da—

1190 1152 1246 1173 mnis
1255 1167 1261 1176 ‚
1278 1151 1415 1180 ignaminiis,
1433 1151 1540 1177 vinculis,
1558 1149 1681 1173 verberibus
1695 1168 1702 1178 ‚
1718 1153 1808 1180 exiliis,
1824 1161 1891 1176 merle
1903 1156 1963 1177 nm!-

1189 1188 1273 1204 rantur.
1289 1182 1483 1211 Haeclocalegem
1492 1182 1595 1205 Porciam
1608 1182 1785 1206 noninfirmant
1794 1200 1800 1210 ‚
1817 1183 1857 1207 sed
1870 1185 1897 1208 ad
1910 1193 1962 1216 per-

1189 1213 1317 1237 duellionis
1324 1215 1415 1237 crimen
1422 1213 1530 1244 speciant.
1548 1221 1596 1245 quo
1605 1221 1653 1237 uno
1661 1215 1685 1237 in
1693 1215 1860 1238 criminecives
1872 1219 1964 1241 Roma-

1188 1252 1233 1268 nos
1245 1246 1322 1269 occidi
1336 1244 1527 1276 vetustislegibus
1539 1244 1639 1270 licuisse.
1657 1246 1701 1275 jam
1709 1246 1826 1270 diximus:
1843 1255 1899 1279 quas
1914 1255 1963 1273 tan-

1188 1285 1260 1308 quam
1267 1277 1355 1301 civitati
1362 1276 1468 1300 salutares
1476 1293 1482 1303 ‚
1489 1284 1566 1308 neque
1572 1278 1650 1300 Porcia
1657 1294 1664 1305 ,
1671 1285 1748 1309 neque
1756 1279 1792 1302 lex
1800 1279 1846 1302 ulla
1853 1287 1958 1312 unquam

1188 1309 1315 1340 abrogavit.
1332 1309 1375 1333 Sed
1382 1309 1477 1332 venitin
1485 1316 1591 1332 mentem
1599 1317 1712 1341 quaerete:
1721 1309 1864 1341 magistratus
1872 1319 1900 1335 ne
1907 1311 1962 1340 soli,

1188 1348 1291 1372 quorum
1305 1341 1331 1364 in
1344 1340 1492 1364 vindicandis
1505 1342 1549 1364 reis
1562 1340 1659 1373 potestas
1671 1340 1739 1368 effer,
1757 1350 1785 1365 an
1792 1342 1864 1366 etiam
1878 1343 1962 1374 privati

1187 1373 1239 1403 lege
1247 1373 1325 1396 Porcia
1333 1379 1475 1396 tenerentur.
1493 1374 1607 1399 Primum,
1615 1372 1750 1404 ubicunque
1757 1373 1823 1402 hujus
1829 1375 1888 1406 legis
1894 1382 1962 1399 men-

1187 1405 1280 1427 tionem
1291 1404 1341 1428 fieri
1349 1405 1419 1428 video
1430 1421 1436 1431 ‚
1452 1403 1548 1428 verbum
1557 1405 1650 1428 nullum
1664 1405 1835 1433 animadverto,
1855 1406 1919 1437 quod
1933 1407 1962 1431 ad

1187 1437 1288 1467 privatos
1296 1435 1375 1459 referti
1386 1435 1474 1467 poffit:
1490 1436 1518 1459 ad
1531 1436 1674 1467 magistratus
1684 1437 1765 1460 omnia
1779 1437 1897 1461 manifesta
1912 1437 1961 1469 spe—

1187 1468 1256 1491 stant.
1265 1467 1336 1498 idque
1342 1475 1366 1490 ea
1374 1468 1490 1493 maxime,
1505 1474 1556 1498 qua:
1563 1468 1673 1497 proxime
1684 1468 1773 1491 recitata
1780 1467 1832 1491 sunt
1840 1485 1846 1495 ,
1860 1469 1959 1493 Sallustii

1187 1499 1255 1522 verba
1263 1499 1385 1522 declarant.
1399 1498 1494 1526 deinde,
1505 1498 1619 1529 quorsum
1631 1499 1659 1522 de
1666 1499 1773 1529 privatis?
1791 1507 1818 1522 an
1827 1500 1959 1528 verifimile,

1187 1531 1275 1553 nullam
1283 1536 1346 1553 antea
1353 1531 1378 1553 in
1385 1530 1562 1560 civitatelegem
1570 1529 1599 1552 de
1609 1530 1631 1553 vi
1638 1529 1718 1554 fuisse?
1734 1539 1761 1554 an
1770 1531 1844 1562 potest
1851 1532 1897 1555 ulla
1903 1533 1962 1556 civi-

1187 1568 1218 1585 tas
1232 1561 1279 1585 fine
1286 1561 1385 1592 legibus,
1395 1561 1519 1592 prasertim
1527 1562 1565 1587 iis,
1573 1568 1623 1592 quae
1631 1562 1690 1588 vim,
1703 1570 1753 1593 qux
1761 1563 1854 1589 iujurias
1861 1571 1959 1591 arceant,

1188 1600 1236 1616 non
1244 1593 1299 1617 dico
1307 1594 1348 1616 diu
1355 1593 1448 1624 vigere,
1456 1592 1495 1616 sed
1502 1593 1603 1616 omnino
1612 1592 1667 1616 stare
1674 1610 1680 1619 ,
1695 1600 1763 1624 atque
1770 1594 1896 1618 incolumis
1902 1594 1963 1619 effe?

1189 1631 1240 1648 ante
1248 1626 1319 1656 igitur
1328 1625 1356 1648 de
1365 1625 1509 1655 privatorum
1517 1626 1540 1646 vi
1552 1625 1615 1654 leges
1629 1625 1716 1648 multat.
1730 1624 1871 1656 magistratus
1883 1633 1961 1651 autem

1189 1654 1202 1678 {a
1210 1656 1347 1687 corporibus
1358 1656 1447 1679 civium
1455 1658 1623 1679 Romanorum
1636 1655 1748 1679 abstinere
1757 1656 1897 1687 primajuffit
1904 1662 1960 1682 Pot-

1188 1688 1222 1710 cia
1229 1688 1279 1711 lex:
1295 1695 1364 1719 quam
1373 1687 1458 1710 deinde
1465 1687 1612 1719 aliislegibus
1619 1688 1683 1711 idem
1691 1688 1825 1716 jubentibus
1836 1689 1962 1714 confirma-

1189 1725 1237 1742 tam
1245 1737 1250 1747 ‚
1258 1719 1356 1742 Sallustii
1364 1719 1502 1743 testimonio
1508 1719 1666 1750 cognoscitur.
1679 1719 1718 1742 sed
1725 1736 1731 1746 ‚
1739 1726 1765 1743 ut
1771 1720 1800 1743 de
1806 1721 1900 1751 privatis
1907 1724 1961 1746 Pot-

1189 1752 1224 1774 cia
1237 1758 1285 1774 nou
1300 1752 1449 1781 loquetetur,
1466 1751 1567 1782 intelligi
1579 1757 1671 1777 tamen,
1684 1752 1738 1782 quis
1749 1759 1797 1774 non
1811 1752 1886 1776 videt?
1904 1761 1959 1778 nam

1190 1790 1241 1813 qux
1249 1782 1345 1812 potessas
1352 1784 1376 1806 δε
1385 1782 1565 1813 magistratibus,
1575 1782 1684 1805 &contra
1692 1783 1777 1810 sontes,
1785 1784 1901 1815 omnique
1907 1784 1960 1816 sup-

1189 1814 1262 1843 plicio
1270 1813 1356 1844 dignos
1363 1813 1473 1836 adimitur
1481 1830 1487 1839 ‚
1496 1821 1522 1836 an
1531 1820 1554 1835 ea
1563 1813 1655 1843 privatis
1663 1815 1822 1845 relinquetur?
1835 1815 1925 1844 Restat,
1933 1823 1959 1840 ut

1189 1844 1232 1868 soli
1241 1844 1371 1876 peregrini,
1385 1844 1523 1868 fimodoita
1531 1844 1610 1867 meriti
1625 1843 1708 1871 errent,
1724 1853 1863 1870 necarentur.
1877 1847 1901 1870 id
1909 1855 1959 1879 quo

1188 1876 1269 1900 minus
1277 1876 1426 1900 (ieriliceret⁴
1442 1876 1504 1899 nulla
1511 1877 1548 1899 lex
1556 1883 1659 1907 unquam
1668 1878 1749 1900 vetuit.
1763 1878 1785 1900 ἃ
1793 1876 1860 1901 fasces
1868 1879 1903 1902 illi
1911 1896 1917 1906 ,
1935 1886 1959 1904 ac

1188 1907 1275 1931 secures
1282 1925 1288 1935 ‚
1296 1916 1346 1939 quae
1353 1906 1520 1939 magistratibus
1529 1907 1702 1938 praeferebantur
1709 1925 1715 1935 ,
1723 1908 1839 1939 potestatis
1846 1910 1943 1941 quidem
1949 1928 1958 1939 ‚

1188 1940 1278 1963 vetusto
1286 1947 1353 1963 more
1361 1956 1367 1966 ,
1377 1946 1439 1962 erant
1448 1938 1545 1970 insignia
1553 1956 1559 1965 ‚
1567 1939 1615 1967 ejus
1623 1945 1700 1963 tamen
1709 1940 1825 1971 potestatis
1834 1958 1840 1967 ⁷
1854 1949 1924 1973 quam
1932 1943 1959 1967 in

1189 1971 1509 2003 peregrinostantumlicetet
1521 1978 1634 1994 exercete.
1648 1972 1748 1995 exilium
1757 1987 1764 1999 ,
1777 1972 1905 2003 publicatio
1918 1973 1962 1998 bo-

1191 2011 1277 2027 norum
1287 2020 1292 2029 ‚
1305 2011 1378 2026 carcer
1386 2002 1526 2026 nocentibus
1538 2002 1626 2026 civibus
1637 2003 1754 2034 proposita
1761 2003 1866 2028 fuerunt:
1881 2013 1961 2034 mors,

1191 2035 1233 2059 nisi
1246 2035 1262 2058 st
1277 2036 1329 2067 quis
1342 2036 1366 2058 in
1380 2034 1452 2066 ipsam
1468 2034 1639 2066 rempublicam
1652 2034 1826 2059 &acerbiflime
1837 2035 1961 2067 peccssser,

1192 2067 1318 2098 (omnium
1326 2067 1392 2090 enim
1404 2066 1688 2096 demajestatecriminum
1695 2067 1827 2098 perduellio
1839 2068 1961 2094 summum

1190 2100 1252 2130 etat)
1265 2098 1427 2122 timendanon
1434 2097 1486 2121 fuit.
1504 2097 1565 2121 Illud
1572 2098 1647 2121 miror
1654 2114 1660 2124 ,
1671 2106 1724 2122 cum
1734 2106 1815 2129 praetor
1823 2100 1852 2124 de
1859 2102 1960 2126 crimine

1189 2131 1250 2154 inter
1257 2129 1347 2153 ficarios
1353 2137 1453 2162 quaerere
1461 2128 1552 2155 soleret,
1559 2130 1699 2153 Suetonium
1707 2130 1801 2157 tradere,
1810 2133 1839 2155 C.
1847 2132 1962 2158 Caesarem

1189 2163 1214 2186 in
1223 2162 1331 2186 xdilirate
1338 2161 1489 2193 questionem
1497 2161 1526 2184 de
1533 2161 1614 2184 ficariis
1621 2162 1753 2186 exercuiffe.
1762 2163 1828 2194 quod
1834 2163 1925 2188 forraffe
1931 2166 1961 2189 il-

1188 2194 1205 2218 li
1213 2193 1225 2216 a
1233 2193 1310 2217 senatu
1316 2201 1378 2217 extra
1384 2193 1496 2217 ordinem
1502 2193 1645 2217 mandatum.
1663 2194 1734 2224 Qrod
1742 2194 1837 2218 autema
1845 2197 1962 2221 Martiano

1189 2225 1301 2256 scriptum
1313 2225 1345 2249 est
1357 2242 1363 2249 ,
1381 2232 1407 2248 ut
1419 2225 1570 2257 Digestorum
1583 2225 1646 2248 libro
1661 2227 1763 2249 XLVIII.
1781 2226 1882 2254 constat,
1900 2229 1963 2260 legis

1190 2258 1308 2282 Corneliae
1321 2257 1351 2281 de
1357 2256 1438 2280 ficariis
1446 2259 1469 2281 ὅ(
1480 2257 1588 2281 veneficis
1594 2264 1689 2288 poenam
1697 2256 1763 2281 fuiffe
1770 2257 1960 2289 deportationem

1191 2291 1215 2313 in
1222 2289 1334 2314 insulam:
1348 2289 1406 2312 nolo
1414 2289 1517 2320 aliquem
1528 2289 1581 2312 ideo
1589 2287 1729 2320 perturbari,
1737 2290 1804 2320 quia,
1816 2291 1874 2321 Sylla
1882 2291 1960 2314 Dicta-

1190 2329 1255 2348 tore,
1267 2321 1343 2348 idest,
1356 2320 1489 2352 reipublicae
1496 2320 1656 2352 temporibus,
1670 2320 1800 2352 deportatio
1808 2323 1944 2346 nominetur
1952 2332 1959 2346 ;

1188 2353 1255 2385 quod
1262 2352 1275 2377 Ξι
1282 2353 1371 2384 mejam
1378 2359 1489 2384 negatum
1496 2352 1536 2377 est.
1549 2360 1604 2377 nam
1609 2352 1669 2383 sylla
1675 2359 1770 2384 poenam
1777 2353 1888 2385 irrogavit
1894 2354 1966 2386 aquae*

1932 2386 1960 2411 ὃς

2005 2099 2023 2265 *⁶*

2060 1460 2064 1492 ⁴-
2058 1408 2066 1451 gg-
