2075 2734
452 80 1252 114 LrnERnELE-thus.
1582 83 1636 121 347

65 138 155 170 semper
161 135 207 161 fuit
214 153 221 164 ,
227 142 283 160 cum
289 141 367 160 tamen
375 133 497 167 publicum
504 132 595 166 semper
601 131 663 157 esset.
675 138 729 156 nam
735 130 838 166 Claudia:
852 129 958 160 collegio
968 145 974 156 ,
983 128 1095 160 quierant
1103 127 1253 165 οξηηεειοᾶο
1261 143 1269 155 ,
1275 127 1300 152 δε
1306 126 1363 155 juris
1369 127 1477 165 dicendi,
1485 129 1510 153 &
1516 131 1636 161 quarendi

65 169 147 194 Vestali
155 187 161 196 ,
170 169 241 200 Appii
248 168 310 191 czci
317 167 383 194 filiae,
396 168 426 190 C.
433 166 564 190 Fundanius
571 182 578 192 ,
589 166 616 188 ὃ(
624 165 672 188 Tit.
686 165 838 199 Sempronius
866 160 1003 197 potestatem
1010 159 1113 196 habebar,
1123 167 1150 186 is,
1158 167 1199 195 qur
1207 165 1500 197 praetorrnterperegrrnos
1506 161 1637 187 vocabatur,

65 201 143 225 adiles
149 200 224 232 plebis
230 200 297 231 quod
304 199 394 231 populo
401 198 634 222 Rom.calamitatem
641 194 695 219 effer
703 201 834 225 imprecata,
867 200 920 215 nam
935 193 959 215 δε
972 200 1006 221 tus
1020 198 1081 215 inter
1089 198 1224 222 peregrinos
1237 190 1264 214 ab
1271 198 1301 215 eo
1308 191 1402 216 dissum
1409 209 1415 219 ‚
1431 194 1482 215 {atis
1495 193 1594 217 constat:
1611 195 1637 219 δι

66 234 168 257 multam
175 232 284 255 dixerunt
290 232 340 255 aeris
345 230 419 261 gravis
426 231 492 253 XXV.
499 229 576 252 millia
582 244 589 255 ‚
599 235 649 259 quae
655 227 758 261 capi-talis
768 233 837 256 poena

68 272 118 289 non
124 264 177 287 fuit.
186 263 299 292 iudicium
307 270 384 286 aurem
391 261 451 285 illud
457 261 482 284 &
489 259 609 291 publicum
615 257 682 282 fuisse
689 275 695 285 ‚
704 258 759 281 inde
767 264 836 288 patet,

866 223 997 255 quaesrturn,
1005 223 1132 249 sociorum,
1144 224 1188 246 hoc
1195 222 1227 246 est
1233 224 1410 255 peregrinorum
1417 223 1487 251 causa,
1495 224 1523 248 de
1531 232 1639 256 repetun-

867 256 910 279 dis.
929 255 1040 278 Pedianus
1047 255 1189 279 demonstrat
1202 255 1228 278 in
1235 256 1347 279 orationis
1353 257 1528 280 commentario
1534 257 1639 282 adversus

67 296 134 328 quod
147 295 174 318 ad
186 296 302 326 populum
315 294 400 318 fabium
415 292 460 317 est,
480 292 552 324 idque
562 292 633 314 etiam
646 291 736 319 Atreius
749 290 837 325 Capito
850 288 851 293 ¹
866 287 1044 319 competitores.

68 334 191 360 propterea
203 334 264 350 inter
276 326 368 357 publica
379 323 462 353 judicia
469 324 562 349 tetulit,
577 323 600 346 ἃ
609 322 730 351 majestatis
736 329 837 345 nomine
849 318 852 345 Ι

65 366 174 383 notatum
181 375 188 386 ,
195 359 319 383 Suetonius
329 358 354 381 in
361 356 460 380 Tiberio
469 362 517 386 cap.
526 363 547 378 2.
555 363 578 378 n.
589 360 611 377 8.
623 354 735 386 fignificat
745 353 781 376 his
788 361 835 376 ver-

59 390 121 414 bis:
148 392 241 414 Claudia
253 398 306 413 novo
324 397 380 412 more
391 387 504 418 judicium
523 387 641 419 majestatis
659 387 717 416 apud
731 386 836 417 populum

1097 352 1409 380 CapurXX.

66 424 150 445 mulier
161 422 246 452 subiit,
263 421 353 452 quadiu
363 420 457 449 ‹onsma
469 420 614 441 multitudine
628 434 634 444 ,
657 426 706 448 agn
716 418 836 447 procedente
865 422 939 458 Leges
953 419 984 446 de
996 418 1140 447 criminibus
1155 419 1301 455 mpitalibus
1313 420 1439 456 inspecie‚
1453 430 1482 448 ac
1487 419 1568 455 primo
1575 422 1637 459 Iegee³

67 460 179 487 carpento,
194 455 271 486 palam
283 452 394 484 optaverit
407 467 414 477 ‚
430 456 456 473 ut
463 451 536 480 frater
542 451 596 480 firm
610 451 710 472 ‘Pulcher
720 450 780 472 revit
788 449 836 478 ific-

67 493 116 512 rer,
132 492 199 516 arque
211 486 291 507 iterum
304 483 386 511 tlaffim
399 484 515 505 amitteret
524 498 531 508 ,
553 490 596 513 quo
609 482 678 503 minor
691 479 837 512 rurba'Rfmae

60 519 131 548 finer.
149 514 418 546 Publicaerantcapitalia
426 530 431 539 ‚
447 512 544 536 incestus
551 530 557 539 ,
572 511 685 539 maiestas,
692 512 822 543 repetunda
831 528 836 537 2

65 549 101 571 vis
107 547 197 579 publica
203 547 302 578 duplex,
314 553 339 569 ea
347 562 354 572 ,
366 553 416 577 quae
425 545 448 568 in
457 544 626 576 rempublicam
634 561 641 570 ,
655 551 679 567 ac
695 543 838 575 magistratus

66 578 207 603 inserebatur
214 595 220 605 ,
228 580 257 602 de
263 586 308 609 qua
315 578 352 601 lex
360 578 447 600 Lutatia
456 577 513 600 fuit:
525 577 549 600 &
557 584 590 603 ea,
602 576 684 607 quaein
691 576 792 607 privatos
806 575 838 598 ci—

65 618 105 634 ves
113 628 120 638 ‚
127 611 156 634 de
162 618 207 642 qua
214 611 286 634 Plotia
294 626 300 636 ‚
309 610 332 632 ὃ(
341 609 387 632 alitc
395 610 471 640 leges:
485 615 536 632 tum
545 625 551 635 ,
558 609 674 640 peculatus
681 624 687 634 ‚
694 607 724 631 de
731 606 825 630 refiduis
832 622 838 632 ‚

65 642 127 666 inter
133 642 232 670 ficarios,
240 641 400 673 parricidium,
408 640 547 664 veneficium
556 657 562 667 ‚
573 639 674 663 ambitus
681 655 688 666 ,
696 640 798 671 pecunia
806 637 838 661 ob

65 673 299 705 iudicandumcaprz,
307 672 455 699 adulterium,
463 672 492 696 de
499 671 567 699 falfis,
575 672 604 695 de
610 671 735 703 plagiariis,
741 671 769 694 de
777 677 838 694 tuto-

65 713 120 729 rum
126 705 206 729 fraude
213 723 220 733 ,
228 705 258 729 de
264 703 357 729 famofis
364 704 452 727 libellis
459 721 466 732 ,
483 704 512 727 de
519 703 582 727 furto
591 721 597 732 ‚
608 703 747 727 clandestina
754 703 836 726 coitio.

63 737 151 768 quibus
164 738 193 761 de
206 736 346 761 criminibus
355 735 426 760 autad
433 742 557 768 praetorem
565 752 572 762 ‚
586 742 623 759 aut
631 734 766 762 adjudicem
775 741 836 766 qua:-

63 769 163 795 stionis,
177 769 248 792 autad
255 769 370 800 populum
379 768 447 791 notio
454 767 592 799 pertinebat.
605 767 634 790 de
647 766 774 794 maiestate,
788 773 836 797 per-

61 800 185 825 duellione
190 807 292 832 excepta,
300 800 329 823 de
335 800 373 826 vi,
381 799 411 823 de
417 799 551 831 repetundis
559 815 566 825 ,
576 799 711 822 decrimine
718 800 779 822 inter
786 797 837 821 lica·

62 833 112 856 rios
120 849 128 860 ,
140 832 169 856 de
177 832 267 856 ambitu
274 838 356 863 prator
362 831 483 862 quatebat.
492 831 521 854 de
528 830 614 854 incestu
621 847 628 856 ,
642 831 666 853 ὃ(
674 829 836 861 perduellione

62 865 174 895 populus,
183 863 221 887 sed
229 862 434 886 tributiscomitiis
441 862 570 889 deincessu,
577 861 674 885 tribuno
681 860 755 892 plebis
762 868 836 892 popu-

62 895 114 918 lum
124 894 244 926 pentibus
256 895 281 917 in
288 893 368 917 sorum
379 900 494 924 cogente:
506 892 639 917 centuriatis
652 900 730 916 autem
742 892 771 916 de
785 899 834 924 per-

61 926 184 950 duellione
192 942 198 953 ,
205 926 291 949 cumin
298 932 408 957 campum
417 924 507 948 Consul
519 925 666 949 centuriatim
673 925 790 957 populum
797 924 835 948 ad-

60 957 167 982 voeasset.
182 957 212 981 de
218 957 332 981 veneficio
339 963 417 980 autem
424 957 447 980 δι
455 963 538 988 prator
545 973 551 984 ,
565 957 607 988 qui
619 957 689 986 judex
697 956 832 989 quaestionis

59 988 126 1013 idem
132 989 258 1017 dicebatur,
266 989 290 1013 δε
297 989 366 1018 iudex
373 988 516 1020 questionis,
524 988 613 1012 etiamsi
620 995 703 1020 prator
709 996 759 1012 non
767 987 830 1016 effer,

59 1020 224 1052 cognoscebat.
238 1024 346 1045 Praetores
354 1036 360 1047 ,
367 1028 417 1052 quae
422 1019 534 1051 cujusque
539 1019 616 1043 futura
623 1020 677 1044 effet
683 1020 788 1052 quaessiO,
796 1028 835 1044 an—

60 1058 85 1076 te
98 1052 253 1077 sortiebantur
266 1061 272 1075 :
291 1059 316 1076 ut
328 1052 415 1076 deinde
427 1052 524 1084 lingulis
542 1051 572 1075 de
583 1052 724 1076 criminibus
736 1051 834 1083 singuli,

59 1091 132 1116 prout
138 1083 186 1108 sors
192 1083 292 1111 tulisset,
307 1091 362 1108 cum
374 1082 474 1107 confilio
487 1091 627 1115 quaererent:
644 1084 684 1108 ctfi
697 1084 726 1107 n'e
733 1085 835 1108 crimine

61 1117 124 1139 inter
130 1116 220 1140 ficarios
228 1133 234 1143 ‚
241 1123 294 1139 cum
302 1116 327 1140 in
335 1115 449 1142 iudicium
457 1115 600 1147 quandoque
612 1117 641 1140 ita
649 1116 720 1140 multi
727 1123 835 1140 vocaren-

61 1154 107 1174 tur,
116 1155 141 1171 ut
147 1155 229 1179 prator
237 1155 296 1171 unus
302 1148 405 1171 minime
412 1146 531 1174 sufficeret,
540 1155 588 1171 non
595 1154 656 1171 unus
663 1165 670 1175 ,
678 1146 716 1171 sed
724 1147 771 1170 duo
778 1154 833 1178 prs—

61 1185 125 1202 tores
137 1178 314 1210 cognoscebant.
331 1178 396 1211 quod
404 1181 429 1203 in
436 1180 543 1203 oratione
555 1186 599 1211 pro
606 1179 721 1203 Cluentio
728 1179 831 1203 animad—

59 1212 181 1235 vertimus.
199 1211 314 1242 idemque
325 1210 424 1234 eandem
437 1210 469 1234 ob
481 1209 573 1236 causam
585 1212 611 1235 in
624 1211 676 1235 alils
691 1211 832 1235 criminibus

60 1243 180 1266 interdum
187 1242 324 1266 effefastum
334 1259 340 1269 ,
351 1242 551 1267 licetexistirnare.
563 1250 736 1275 nonnunquam
746 1243 817 1267 etiam
825 1260 831 1271 ,

60 1274 127 1298 diem
134 1274 226 1297 dicente
233 1274 313 1304 aliquo
321 1273 418 1297 tribuno
425 1274 500 1304 plebis
507 1291 514 1301 ,
524 1274 567 1306 qui
573 1274 676 1306 cogendi
682 1275 709 1298 ad
717 1275 830 1303 judicium

59 1306 145 1337 populi
158 1306 192 1333 jus
197 1305 294 1328 habebat
300 1321 306 1331 ‚
315 1312 363 1328 non
371 1312 452 1335 praetor
459 1322 465 1332 ,
473 1304 513 1329 sed
519 1306 675 1338 populusipse
682 1306 711 1330 de
718 1305 831 1335 majestate

61 1337 216 1368 quaestionem
229 1335 354 1360 exercebat.
369 1337 447 1368 itaque
454 1338 631 1361 Cn.Domitius
643 1338 749 1362 tribunus
757 1337 832 1368 plebis

60 1369 89 1396 is,
97 1369 202 1400 quicum
209 1371 238 1392 C.
245 1367 321 1392 Cassio
328 1367 405 1399 postea
411 1367 500 1392 Consul
507 1368 675 1396 fuit,accusavit
683 1371 832 1398 hwitanum,

61 1400 128 1432 quod
140 1400 224 1430 injussu
238 1401 321 1432 populi
334 1400 424 1424 bellum
437 1408 490 1424 cum
505 1400 610 1425 Cimbris
621 1401 711 1425 consul
721 1401 831 1433 gestisset,

61 1438 117 1455 cum
127 1432 152 1455 in
160 1439 189 1455 eo
195 1431 258 1455 bello
266 1439 344 1462 graves
351 1431 381 1455 ob
388 1439 440 1455 eam
446 1431 534 1456 causam
541 1433 681 1456 calamitates
687 1433 834 1464 acceptasess'e

64 1463 158 1487 diceret.
175 1471 220 1495 qua
232 1463 261 1486 de
268 1470 293 1486 re
300 1462 434 1494 suffragium
446 1463 520 1487 tribus
527 1465 638 1487 tulerunt.
655 1467 682 1488 ln
690 1472 739 1496 quo
746 1465 805 1488 illud
814 1474 832 1488 a-

62 1495 282 1518 nimadvertendum
291 1511 297 1520 ‚
309 1496 375 1525 quod
389 1493 473 1519 rii-'esto
479 1496 602 1526 proditum
609 1495 653 1519 est:
671 1503 725 1519 cum
733 1497 835 1527 populus

63 1526 93 1550 de
99 1534 139 1550 reo
146 1525 278 1558 suffragium
286 1526 370 1549 laturus
381 1525 436 1550 esset
443 1544 450 1554 ,
462 1534 528 1550 rcum
537 1544 544 1554 ,
563 1527 590 1550 ad
597 1528 736 1551 eliciendam
744 1527 835 1551 miseri-

61 1558 168 1581 cordiam
176 1574 184 1585 ,
198 1558 332 1590 suppliciter
339 1565 378 1588 per
385 1558 442 1581 deos
449 1558 519 1581 oraffe
526 1575 532 1585 ,
546 1565 571 1582 ut
578 1566 607 1582 eo
614 1559 720 1591 periculo
727 1559 831 1583 liberare-

62 1596 100 1613 tur
108 1607 114 1617 ,
130 1588 216 1621 quibus
222 1589 300 1612 verbis
306 1590 360 1620 quia
367 1590 467 1621 populus
474 1590 592 1621 religione
604 1590 704 1621 quadam
712 1590 835 1616 obstrietus

64 1620 108 1644 effe
115 1620 242 1647 videbatur,
250 1621 334 1644 iccirco
342 1621 485 1652 magistratus
492 1621 597 1645 eundem
603 1629 670 1645 reum
678 1621 768 1650 jubebat
776 1623 833 1646 rese-

61 1659 124 1675 crare
131 1669 138 1679 ,
155 1652 180 1675 id
187 1651 220 1675 est
227 1668 234 1679 ‚
247 1652 362 1683 populum
370 1653 486 1683 religione
492 1652 589 1676 solvere.
606 1653 679 1683 Quod
685 1660 762 1677 aurem
769 1654 833 1681 dixi,

61 1690 170 1715 pratores
183 1683 212 1707 de
226 1683 364 1707 criminibus
377 1683 499 1715 quaefiiffe:
516 1691 591 1707 unum
604 1685 697 1716 excipio
710 1692 834 1716 prxctorem

63 1716 132 1739 Urbis
140 1715 182 1747 qui
190 1716 257 1739 nullo
265 1715 294 1739 de
301 1715 502 1746 criminepublico
510 1715 632 1747 quaerebat:
639 1717 717 1747 itaque
724 1724 767 1740 nec
774 1724 834 1748 quae-

61 1746 117 1770 firor
123 1746 250 1774 dicebatur,
256 1754 356 1773 tantum,
363 1747 472 1771 civilibus
478 1747 641 1771 controversiis
648 1748 675 1772 ad
682 1756 737 1772 eum
744 1748 835 1777 delatis,

61 1779 97 1809 jus
103 1778 201 1805 dicebat,
210 1779 254 1802 hoc
261 1779 292 1802 est
300 1779 394 1807 judices,
401 1779 425 1801 &
433 1779 514 1808 judicii
521 1778 652 1802 formulam
661 1796 667 1806 ,
674 1787 745 1810 quam
753 1780 834 1812 seque—

62 1817 151 1837 renmr,
158 1809 232 1837 dabat,
243 1818 286 1834 nec
292 1811 357 1834 enim
366 1811 461 1842 praetori
464 1810 502 1842 pse
510 1810 611 1838 judicare
617 1809 699 1834 solitus
709 1818 769 1839 erat,
783 1812 831 1839 sed,

59 1849 116 1866 cum
123 1842 218 1871 iudices,
226 1841 252 1865 ab
260 1841 311 1873 ipso
317 1842 365 1865 dati
372 1859 378 1869 ,
388 1842 417 1865 de
423 1841 746 1873 conuoverfiacognoviss'ent
752 1860 758 1871 ,
767 1851 790 1868 ac
798 1844 832 1873 ju-

61 1873 171 1898 dicaffenr
177 1890 185 1900 ,
192 1873 354 1905 exequebatur.
366 1873 422 1897 ideo
429 1874 454 1897 in
461 1873 574 1897 omnibus
580 1874 656 1898 ferme
661 1874 744 1899 ediffls
749 1882 832 1907 prrcto-

61 1913 115 1929 rum
122 1905 217 1936 legitur,
229 1905 348 1936 Judicium
355 1904 423 1927 dabo.
432 1905 457 1928 in
464 1912 513 1936 quo
520 1905 658 1936 posteriores
664 1906 718 1938 lapfi
725 1906 784 1930 sunt.
793 1907 831 1931 Est

59 1937 133 1968 igitur
141 1935 203 1959 aliud
211 1952 219 1962 ,
225 1938 266 1965 Jus
273 1937 342 1958 dicere
348 1946 355 1958 :
363 1935 425 1959 aliud
433 1952 440 1962 ‚
446 1937 551 1964 Judicare
557 1945 563 1959 :
570 1943 650 1960 contra
656 1945 737 1968 quam,
745 1938 787 1970 qui
793 1946 832 1962 ve-

61 1975 138 1993 terum
146 1965 361 1996 iurisconsultorum
367 1967 442 1990 libros
448 1968 565 1999 ignorant,
572 1969 831 2000 opinanrur,&,quem-

61 2000 192 2024 admodum
199 1998 308 2022 civilibus
314 1999 339 2022 in
346 1998 413 2023 rebus
419 2005 503 2031 praetor
510 2007 558 2023 non
565 1999 687 2031 cognoscit
693 2017 700 2028 ,
713 2008 790 2032 neque
797 2002 832 2030 iu-

61 2032 122 2056 dicat
130 2049 136 2059 ‚
148 2031 186 2055 sed
194 2031 227 2057 ius
234 2031 304 2054 dicit:
317 2030 359 2058 fic,
373 2032 415 2062 qui
425 2030 452 2054 ab
460 2030 728 2062 ipsoiudicesdatisunt,
739 2034 831 2062 nonius

62 2064 153 2091 dicunt,
160 2063 198 2087 sed
206 2061 352 2094 cognoscunt
359 2079 365 2089 ,
371 2070 395 2086 ac
402 2063 510 2091 iudicant.
524 2063 578 2087 hinc
585 2071 755 2096 recuperatores
762 2082 768 2092 ‚
776 2065 831 2089 hinc

63 2097 94 2120 C.
101 2096 159 2121 viri,
177 2095 232 2118 lrinc
239 2094 331 2122 arbitri,
347 2102 406 2127 quos
413 2094 581 2126 praerordabar,
595 2097 651 2120 utin
659 2096 754 2128 epistola
762 2097 788 2120 ad
800 2100 837 2129 Q

61 2127 164 2154 fratrem,
173 2130 259 2153 Prator,
267 2127 344 2158 inquit
351 2127 519 2159 ,filetjudicare
527 2144 533 2155 ‚
539 2126 625 2151 deberi?
633 2129 745 2160 Qaedam
752 2135 830 2153 tamen

61 2165 134 2186 erant,
141 2159 166 2182 iu
174 2158 261 2190 quibvs
267 2165 315 2182 non
321 2158 396 2182 modo
405 2166 451 2183 nou
460 2158 572 2187 iudicabat
578 2167 671 2187 ‚verum
679 2168 722 2185 nec
729 2162 763 2190 jus
770 2161 832 2185 dice-

62 2190 101 2214 bat
109 2197 191 2222 praetor
197 2190 275 2216 Urbis,
282 2188 328 2216 sed,
335 2189 417 2214 omissa
424 2189 585 2218 iurisdiffione
593 2208 600 2219 ‚
609 2193 711 2223 imperio
721 2194 831 2225 praetorio

61 2221 217 2255 exequebatur
226 2230 231 2245 :
239 2229 272 2249 ut,
278 2229 333 2245 cum
339 2221 459 2246 bonorum
467 2222 628 2254 poffeffionem
634 2224 762 2250 secundum
770 2225 832 2249 tabu-

64 2255 111 2282 las,
131 2261 254 2278 autcoutra
262 2253 434 2277 tabulasdabat:
447 2254 504 2279 item
514 2272 521 2282 ,
533 2263 589 2279 cum
596 2256 727 2281 restituebat
740 2259 766 2282 in
775 2258 835 2281 inte-

65 2293 148 2317 grum:
166 2287 189 2309 ἃ
197 2286 263 2313 huius
270 2287 361 2317 generis
368 2286 491 2311 nonnulla.
506 2289 579 2312 Porro
587 2305 594 2315 ‚
606 2289 671 2319 cujus
678 2290 780 2322 praetoris
787 2296 834 2313 erat

65 2318 196 2348 jurisdiffio
204 2336 209 2344 ,
218 2318 266 2347 ejus
273 2325 322 2341 non
328 2325 374 2341 erat
381 2318 476 2350 quastio
484 2318 586 2351 publica:
600 2328 678 2354 neque
685 2339 692 2350 ,
699 2322 764 2350 cuius
773 2329 836 2353 quae-

63 2349 109 2375 flio
114 2350 220 2383 publica,
231 2351 280 2380 ejus
292 2349 431 2380 jurisdictio.
443 2358 503 2377 unus
515 2359 594 2379 tamen
605 2352 635 2380 de
642 2360 695 2380 roto
707 2361 835 2388 praetorum

920 458 952 485 de
970 456 1060 493 incestu
1079 457 1209 496 ritginum
1228 457 1363 495 Vestalium
1377 480 1384 491 ,
1415 459 1521 498 alttfiIue
1546 461 1584 488 ad

1074 497 1217 535 religionem
1231 497 1427 531 pertinentibus.

868 564 992 626 Nunc
999 582 1005 590 ‚
1017 572 1067 597 qux
1074 564 1168 589 divetfis
1175 565 1320 596 temporibus
1327 566 1388 597 leges
1395 566 1421 589 ad
1428 572 1463 592 ea,
1473 573 1523 598 quae
1531 567 1643 590 nomina-

963 597 1055 623 vimus,
1071 597 1169 620 crimina
1182 597 1334 623 vindicanda,
1350 598 1508 628 peccandique
1520 598 1640 622 licentiam

867 628 1039 657 reprimendam
1046 635 1131 659 rogatae
1139 627 1199 655 sunt,
1207 636 1243 652 eas
1250 629 1409 653 ostendemus.
1416 631 1451 656 ὃς,
1458 631 1571 661 quoniam
1580 631 1641 654 inter

866 658 958 694 publica
971 661 1166 692 primumlocum
1173 660 1265 684 obtinet
1278 662 1378 692 religio:
1391 661 1421 684 de
1433 661 1520 684 incestu
1529 679 1535 688 ‚
1552 669 1603 693 quz
1613 662 1640 686 in

866 694 949 716 iactam
957 692 1080 723 personam
1088 709 1094 719 ,
1111 691 1296 716 sacroveinloco
1303 692 1424 716 commissa
1432 692 1510 716 libido
1516 692 1572 720 fuit,
1586 700 1639 717 ante

866 724 948 747 omnia
955 724 986 748 est
992 723 1118 755 agendum.
1135 724 1235 748 Incestus
1248 725 1278 748 ita
1285 732 1353 756 grave
1360 725 1451 748 crimen
1458 724 1583 748 ducebatur
1591 742 1598 753 ,
1614 731 1641 749 ut

867 762 922 778 curn
936 758 958 779 P.
966 756 1068 780 Clodius
1074 758 1142 779 Bona:
1149 756 1197 780 deae
1203 757 1380 780 ceremonias&
1387 756 1446 780 sacra
1457 756 1566 781 libidinis
1577 756 1641 781 causa

865 787 992 817 polluisset,
999 789 1020 812 S.
1028 791 1058 812 C.
1065 787 1153 812 faaum
1159 788 1194 815 fit,
1203 794 1228 811 ut
1235 788 1334 819 populus
1340 788 1369 811 de
1376 795 1418 812 reo
1424 788 1582 820 cognosceret.
1591 796 1641 820 quo

865 819 921 842 licet
927 820 1043 847 conjicere
1051 837 1057 847 ,
1064 819 1218 852 quaeffionem
1225 820 1254 843 de
1260 820 1347 843 incestu
1354 827 1403 843 non
1410 819 1454 844 esse
1460 820 1551 851 legibus
1558 827 1643 850 praeto-

868 850 886 874 ri
893 851 1064 876 demandatam.
1072 852 1138 883 quod
1146 859 1174 875 eo
1181 853 1256 883 magis
1262 852 1396 883 opinamur,
1408 852 1461 881 quia
1468 852 1570 882 legimus
1578 852 1639 882 apud

866 883 992 907 pedianum
1006 883 1035 907 de
1049 884 1189 907 M.AEmilio
1202 885 1301 910 Scauro,
1315 884 1357 915 qui
1365 884 1472 915 princeps
1484 882 1639 910 senatusfuir,

867 914 994 939 deminutae
1001 923 1025 939 ac
1031 915 1142 947 negleeka:
1149 915 1273 945 religionis
1278 922 1320 938 reo
1327 932 1334 942 ,
1345 915 1454 938 comitiis
1459 914 1554 938 triburis
1562 931 1569 941 ,
1576 922 1642 938 accu‹

867 945 929 970 saure
935 947 1032 971 tribuno
1040 947 1114 979 plebis
1121 949 1167 972 Cn.
1173 947 1295 974 Domitio,
1301 946 1346 970 effe
1353 946 1482 978 quaesitum.
1489 949 1537 970 Lex
1544 946 1584 970 illa
1590 945 1637 970 fuit

865 977 1013 1006 severiffitna,
1020 986 1071 1011 qua:
1076 979 1195 1011 virginem
1202 979 1315 1003 vestalem
1328 995 1336 1005 ‚
1343 978 1360 1002 fi
1366 977 1472 1010 stuprum
1479 977 1641 1006 commififfet,

864 1009 893 1034 ad
900 1017 991 1042 portam
997 1012 1120 1035 Collinam
1127 1011 1209 1035 defodi
1222 1011 1299 1034 vivam
1312 1008 1412 1038 iubebat.
1426 1017 1497 1041 quam
1504 1011 1581 1042 legem
1589 1012 1641 1034 Nu-

865 1049 903 1066 ma
913 1043 1059 1074 Pompilius,
1073 1045 1242 1067 Romanorum
1253 1044 1283 1066 11.
1296 1044 1361 1069 Rex,
1376 1042 1419 1073 qui
1432 1042 1555 1065 Vestalium
1568 1042 1641 1073 virgi-

866 1074 1301 1101 numsacerdotiumRomaeinstiruit,
1314 1073 1444 1097 abAlbanis
1455 1073 1581 1097 transtulit:
1600 1074 1639 1098 illi

865 1107 930 1130 enim
938 1106 1152 1138 Vestalesvirgines,
1160 1107 1185 1130 in
1192 1106 1272 1137 stupro
1281 1103 1435 1137 deprehensas
1443 1122 1449 1132 ,
1457 1106 1529 1136 virgis
1539 1105 1566 1129 ad
1574 1112 1640 1129 mor-

865 1144 913 1161 tem
926 1138 1056 1161 cazdebanr:
1073 1141 1152 1162 Numa
1159 1145 1215 1161 vero
1222 1144 1328 1161 mortem
1341 1137 1440 1168 quidem
1455 1136 1535 1168 &ipse
1542 1144 1639 1169 poenam
1667 1151 1670 1154 -

864 1169 1007 1196 esstvolust,
1022 1169 1060 1193 sed
1074 1170 1163 1193 cruoris
1172 1176 1307 1201 expertem,
1321 1175 1361 1196 ut,
1377 1169 1434 1192 viva:
1446 1167 1552 1200 sepultat,
1572 1168 1640 1192 diem

864 1201 931 1225 suum
939 1201 1078 1225 miserrimis
1090 1201 1337 1225 inrenebrisobirent:
1356 1207 1489 1232 necorpora
1502 1199 1639 1224 sacrosanaa

861 1233 997 1265 cuiusquam
1011 1234 1238 1257 manuviolarentur.
1257 1233 1481 1264 inetostuprum
1492 1231 1638 1256 cumvessali

862 1265 1027 1292 commisisset,
1041 1265 1176 1289 verberibus
1187 1264 1322 1288 necabatur:
1338 1264 1424 1296 dequo
1436 1263 1518 1295 scripta
1530 1263 1637 1287 sunthzc

864 1297 924 1329 apud
937 1297 1042 1321 Festum:
1060 1296 1163 1320 Proh-rum
1175 1297 1269 1327 virginis
1284 1296 1373 1325 Vestalis
1387 1303 1412 1318 ut
1424 1297 1492 1325 capite
1507 1297 1639 1327 puniretur:

863 1331 915 1356 vir,
931 1331 970 1360 qui
981 1337 1029 1351 eam
1039 1328 1193 1357 intestavfft,
1209 1327 1336 1350 verberibus
1348 1333 1459 1350 necaretur·
1469 1337 1477 1349 :
1496 1329 1545 1350 Lex
1552 1326 1596 1350 fixa
1610 1327 1636 1350 in

864 1361 923 1384 atrio
930 1360 1052 1384 Libertatis
1058 1367 1113 1383 cum
1126 1359 1209 1383 multis
1220 1358 1488 1389 aliislegibusincendio
1500 1356 1638 1389 consumpta

863 1392 909 1419 est,
926 1393 990 1416 utait
1004 1395 1037 1415 M.
1046 1394 1106 1415 Cato
1119 1391 1143 1414 in
1154 1398 1178 1415 ea
1186 1391 1306 1417 oratione,
1319 1397 1370 1421 quae
1384 1390 1413 1414 de
1420 1389 1545 1421 auguribus
1556 1390 1639 1413 inscri-

863 1424 934 1448 bitur.
949 1424 1027 1451 adiicit
1035 1430 1132 1454 quoque
1140 1440 1146 1450 ,
1156 1423 1258 1453 virgines
1265 1421 1362 1445 Vestales
1369 1421 1496 1445 sacerdocio
1503 1422 1639 1445 exaustora-

861 1463 902 1479 tas.
918 1455 1010 1479 Poffem
1018 1455 1059 1478 alia
1067 1462 1115 1478 non
1123 1461 1191 1485 pauca
1205 1453 1310 1477 adversus
1322 1454 1465 1484 religionem
1478 1454 1578 1476 crimina
1585 1453 1638 1476 sub-

863 1488 972 1518 jungere:
985 1485 1024 1509 sed
1031 1487 1097 1509 locus
1105 1486 1143 1509 hic
1150 1493 1200 1509 non
1206 1485 1247 1511 est,
1257 1485 1405 1515 agiturcnim
1412 1485 1441 1508 de
1447 1484 1595 1515 capitalibus:
1610 1492 1636 1508 ea

864 1526 935 1544 porro
941 1518 1046 1549 capitalia
1055 1525 1104 1541 non
1111 1517 1164 1540 sunt
1172 1535 1177 1544 ,
1185 1524 1210 1539 ut
1218 1533 1224 1543 ,
1239 1516 1255 1539 si
1263 1517 1316 1546 quis
1323 1518 1404 1548 auguri
1411 1524 1460 1540 riou
1469 1517 1581 1547 paruerit,
1599 1523 1638 1540 aut

862 1545 1001 1582 inaugurato
1009 1550 1067 1581 quid
1073 1548 1168 1572 fecerit:
1185 1548 1201 1572 ss
1209 1548 1262 1580 quis
1269 1548 1326 1571 deos
1338 1549 1425 1578 patrios
1437 1549 1514 1571 alieno
1522 1548 1568 1570 ritu
1575 1564 1582 1574 ,
1600 1555 1637 1571 aut

865 1581 1067 1613 novosseparatim
1073 1581 1184 1604 coluerit:
1204 1580 1337 1611 siquisloca
1344 1579 1401 1603 sacra
1415 1581 1499 1610 privata
1506 1579 1600 1603 fecerit:
1616 1579 1634 1602 fi

865 1614 918 1645 quis
930 1614 955 1637 in
963 1614 1020 1637 deos
1028 1629 1035 1639 ‚
1052 1619 1090 1636 aut
1096 1613 1126 1636 de
1133 1613 1179 1636 diis
1192 1611 1277 1635 nefarie
1285 1617 1354 1643 atque
1362 1612 1438 1642 impie
1446 1612 1538 1634 locutus
1545 1611 1603 1634 erit:
1620 1611 1637 1634 fi

864 1646 917 1675 quis
930 1644 1026 1669 sacrum,
1034 1651 1071 1666 aut
1079 1645 1103 1666 in
1111 1645 1167 1667 loco
1174 1643 1236 1667 sacro
1243 1641 1390 1674 surripuerit:
1407 1642 1486 1673 fiquis
1492 1643 1576 1665 sacram
1585 1649 1636 1673 per-

863 1677 944 1701 sonam
953 1692 960 1702 ,
975 1681 1013 1699 aut
1020 1674 1140 1705 profanam
1153 1675 1177 1698 in
1185 1676 1240 1698 loco
1247 1672 1308 1697 sacro
1316 1673 1462 1705 percuffierit:
1480 1674 1504 1697 δι
1518 1674 1558 1697 illa
1571 1673 1634 1697 duo:

863 1714 967 1741 quorum
977 1707 1075 1730 alterum
1083 1707 1143 1738 apud
1149 1707 1244 1730 Paulum
1251 1704 1441 1733 jurisconsultum
1448 1721 1456 1732 ‚
1469 1705 1566 1728 alterum
1574 1705 1635 1736 apud

865 1740 991 1771 Ulpianum
1003 1738 1106 1769 legimus
1118 1747 1124 1761 :
1140 1738 1159 1762 fi
1171 1737 1224 1769 quis
1237 1737 1331 1764 alicuius
1347 1737 1454 1760 numinis
1469 1735 1636 1768 superstitione

862 1773 925 1795 leves
937 1776 1028 1794 mentes
1040 1771 1162 1796 terruerit:
1178 1769 1257 1802 fiquis
1268 1768 1378 1794 illicitam
1384 1769 1557 1793 divinationem
1564 1769 1638 1802 polli3

861 1805 922 1828 citus
932 1803 986 1827 erit.

1079 1865 1104 1893 C
1131 1875 1150 1893 Α
1178 1874 1194 1892 1>
1219 1873 1238 1890 u
1266 1872 1285 1891 T
1324 1864 1416 1892 XXI.

927 1935 1004 1970 Leges
1018 1931 1050 1958 de
1060 1928 1197 1968 majestatis
1208 1929 1250 1962 ᾧ
1264 1929 1443 1965 perduellionis
1455 1928 1569 1959 crimine.

930 2002 948 2023 Ε
965 1998 1092 2028 majestate,
1100 1997 1142 2023 nifi
1150 1998 1165 2022 fi
1172 1999 1385 2030 autperduellionis
1390 1999 1452 2024 causti
1459 1999 1512 2024 effer
1519 2016 1526 2027 ,
1545 2005 1582 2024 aut
1591 2000 1633 2026 tri-

945 2030 1023 2055 bunus
1028 2029 1130 2055 :cdilisve
1135 2030 1210 2062 plebis
1216 2032 1336 2058 accusaret,
1342 2031 1494 2063 questionem
1502 2038 1592 2063 przzor,
1600 2033 1631 2060 is,

860 2062 1036 2088 cuiobveniss‘er
1048 2070 1073 2086 ea
1083 2063 1192 2094 quzcstio,
1206 2063 1334 2087 exercebat.
1350 2063 1573 2095 quodexPediano‚
1587 2064 1630 2096 qui

859 2096 1040 2120 C.Cornelium
1053 2094 1113 2126 apud
1125 2094 1259 2119 P.Caffium
1268 2101 1391 2126 praetorem
1405 2095 1434 2119 de
1441 2095 1555 2126 majestate
1561 2103 1631 2121 reum

859 2128 889 2151 ait
896 2127 940 2151 effe
946 2127 1042 2154 farrum,
1048 2126 1192 2158 satisliquer.
1206 2127 1325 2151 interdum
1331 2134 1409 2152 tamen
1416 2135 1439 2152 ca
1457 2128 1511 2152 itale
1518 2135 1567 2152 non
1574 2126 1632 2152 fuis-

859 2159 882 2183 se
889 2160 979 2183 crimen
987 2159 1017 2182 de
1025 2158 1138 2188 maiestate
1145 2176 1152 2186 ,
1159 2158 1223 2191 supra
1230 2159 1415 2184 demonstratum
1421 2167 1433 2184 e
1455 2177 1462 2184 .
1479 2161 1545 2192 Qrot
1551 2166 1629 2184 autem

861 2191 941 2215 modis
948 2190 1190 2221 majestaslaederetur‚
1203 2199 1251 2215 non
1258 2192 1361 2216 omnino
1373 2190 1477 2219 fortasse,
1492 2192 1531 2215 sed
1544 2199 1628 2223 magna

858 2231 937 2248 tamen
948 2229 1062 2254 exparte,
1074 2229 1100 2247 ut
1107 2223 1208 2254 opinor,
1216 2231 1372 2256 exponemus.
1389 2223 1448 2248 Laesa
1454 2223 1556 2252 maiestas
1568 2223 1630 2252 judi-

859 2262 936 2283 catur,
952 2255 1057 2287 ubiquid
1065 2255 1089 2278 in
1097 2255 1214 2287 populum
1227 2255 1294 2280 suum
1303 2273 1309 2283 ,
1326 2255 1419 2280 suamve
1431 2256 1538 2287 rempub.
1550 2261 1587 2277 aut
1602 2254 1628 2279 iu

861 2287 1018 2320 magistratus,
1034 2287 1188 2319 personamve
1198 2288 1312 2319 principis
1323 2287 1476 2312 commiffum
1484 2287 1527 2311 est:
1546 2286 1570 2309 in
1584 2293 1629 2317 po-

862 2321 960 2353 pulum,
976 2326 1002 2344 ut
1013 2318 1225 2351 fiquisexercitum
1238 2319 1455 2344 hostibustradidir:
1475 2319 1628 2343 fiexercitum

859 2352 1008 2383 sollicitavit,
1023 2351 1260 2382 delestumveinjuffu
1266 2352 1351 2386 populi
1363 2350 1593 2380 autseaatushabuit:
1610 2348 1630 2373 st

1111 2388 1224 2412 Nnnun
1240 2392 1253 2410 2
1573 2388 1630 2415 ‘1⁸2⁵
