2075 2734
414 94 470 133 ⁶45
690 83 1732 121 numqui-rarumRomananumLimvm.

451 152 515 179 Haec
528 153 619 175 autem
637 144 723 180 capita
737 142 830 170 omnia
845 139 904 169 sunt
918 138 945 167 in
960 136 1068 177 Digesta&
1082 138 1119 167 nd
1131 137 1209 177 legem
1223 137 1321 172 Juliam
1337 139 1370 167 de
1384 139 1411 167 vj
1425 137 1545 176 publica,
1566 148 1598 166 ex
1613 137 1758 170 Marciano,
1776 143 1807 167 Sc
1808 149 1841 168 M,
1843 138 1898 174 ola,
1914 143 2004 179 Ulpia:

413 199 459 220 κο,
480 186 613 214 Maeciano,
634 182 674 216 (ff
689 180 780 209 Paulo.
804 179 887 208 Addit
901 177 998 205 Paulus
1010 184 1127 211 armatos
1141 186 1196 204 non
1208 178 1301 214 utique
1316 187 1363 205 eos
1377 177 1565 214 intelligendos
1579 177 1645 209 esse,
1665 177 1711 214 qui
1724 177 1774 206 tela
1781 177 1942 209 habuerunt:
1958 183 2003 213 sed

415 227 499 254 etiam
515 225 561 261 qui
575 223 636 259 quid
651 220 734 249 aliud,
755 218 828 255 quod
842 226 940 245 nocere
953 216 1052 253 potest,
1074 218 1100 245 ὃ(
1113 215 1229 244 telorum
1245 216 1420 253 appellatione
1436 216 1542 247 omnia,
1565 225 1597 243 ex
1611 214 1705 252 quibus
1718 215 1811 253 finguli
1823 216 1946 247 homines
1954 230 2004 249 no-

414 274 474 293 cere
487 264 593 300 potsunt
602 281 608 291 ‚
629 259 721 295 accipi.
741 258 876 285 Caeterum
891 256 937 294 qui
952 254 1036 283 telum
1051 255 1166 283 tutandae
1180 253 1268 282 salutis
1283 253 1332 282 suae
1344 253 1418 283 causa
1430 262 1541 293 gerunt,
1561 264 1617 283 non
1625 253 1711 282 videri
1723 253 1847 283 homines
1861 259 2003 289 occidendi

417 301 492 331 causa
505 307 619 337 portare.
1187 329 1191 334 Α
2071 299 2075 319 ⁴

460 341 555 376 Capita
572 346 636 364 vero
651 335 717 373 legis
730 335 761 361 de
773 335 801 362 vi
808 333 913 369 privata
926 333 981 370 haec
994 332 1116 361 fuerunt:
1137 335 1190 370 Q!
1204 339 1308 363 coetum,
1330 329 1524 371 &nconcmficm
1538 332 1633 361 fecerit
1645 352 1653 364 ‚
1674 341 1729 369 quo
1743 333 1832 360 minus
1846 334 1904 370 quis
1917 334 1945 362 in
1960 335 2004 372 jus
2072 329 2075 343 ¹

417 379 580 417 producatur
593 395 600 408 ‚
622 375 701 411 quive
714 373 886 411 quaestionem
901 372 935 400 de
947 371 1052 400 alterius
1066 371 1142 399 servo
1156 370 1286 399 habuerit.
1325 373 1380 407 Q!
1392 380 1468 409 quem
1480 381 1513 397 ex
1530 381 1589 409 agro
1602 372 1648 406 fizo
1663 370 1818 399 hominibus
1833 374 2004 409 congregatis

419 418 472 445 sme
485 415 567 443 armis
580 413 718 450 dejecerit.
738 409 794 448 Qi
808 409 914 438 creditor
928 411 981 438 fine
995 410 1156 438 authoritate
1169 409 1264 446 judicis
1278 417 1318 435 res
1331 407 1459 436 debitoris
1473 410 1618 446 occuparit.
1645 411 1696 438 His
1708 409 1842 437 damnatis
1855 410 1932 437 tertia
1944 419 2004 447 pars

418 456 553 483 bonorum
566 452 723 488 publicetur.
754 450 851 486 Neque
863 448 980 482 senator,
1003 458 1089 486 neque
1103 448 1212 476 decurio
1225 447 1256 474 fit
1269 468 1276 479 ,
1297 453 1341 475 aut
1358 446 1442 474 ullum
1458 447 1590 475 honorem
1605 449 1690 483 capiat
1704 468 1710 477 .
1731 457 1800 476 neve
1813 448 1840 475 in
1856 457 1918 475 eum
1932 449 2003 477 ordi-

420 503 483 520 nem
499 491 600 522 sedeat,
620 499 689 518 neve
707 488 789 526 judex
802 488 842 517 fit.
880 490 944 516 Haec
965 497 997 517 ex
1010 487 1128 518 Scaevam,
1150 485 1243 517 Paulo,
1265 484 1384 520 Ulpiano,
1403 483 1553 523 Modeflim,
1577 485 1686 524 Digestis
1703 486 1735 514 ad
1754 487 1843 524 legem
1857 485 1957 524 Julian«.
1969 487 2002 517 de

422 541 449 560 vl
460 536 573 568 privata.

1101 564 1245 597 Cornelia
1270 564 1331 597 lex.

458 637 503 661 De
516 631 616 669 injuriis
630 632 712 661 etiam
726 631 814 670 legem
830 629 890 659 tulit
909 633 938 656 L.
950 627 1081 656 Cornelius
1095 628 1168 656 Sulla
1180 628 1254 656 Feltx
1267 628 1392 656 Dietator
1413 629 1440 656 ὃς
1456 625 1555 655 Consul
1574 636 1637 655 cum
1655 627 1807 666 QCaecilio
1819 629 1921 657 Metello
1936 629 2002 662 Pio;

421 681 492 701 anno
507 672 587 700 Urbis
607 680 724 699 roetxxi
734 681 773 698 ιι.
787 679 868 707 quarn
882 668 925 696 hic
940 668 1038 696 referre
1052 667 1147 703 placet.
1187 667 1282 704 Capita
1296 667 1352 704 ejus
1365 673 1553 694 memorantur
1573 666 1619 694 ista
1631 677 1636 693 z
1663 669 1698 693 Ut
1711 664 1738 692 in
1751 676 1788 692 eos
1800 665 1845 705 qui
1857 667 2003 706 quempiam

415 708 563 747 pulfirffent,
583 709 774 740 verberassesst‚
794 709 944 736 domumve
958 706 1072 734 alienam
1088 706 1114 733 vi
1128 707 1290 737 introillent,
1310 706 1442 742 judicium
1457 705 1573 732 daretur.
1605 707 1644 733 Ut
1657 705 1684 732 in
1695 713 1728 731 eo
1741 703 1844 740 judicio
1857 715 1912 733 non
1926 707 2005 743 estet,

422 749 468 786 qui
481 756 586 786 ageret,
609 757 705 786 gener,
725 747 812 778 socer,
833 746 953 776 vitricus,
976 745 1127 782 privignu5‚
1148 743 1300 772 sobrinusve
1314 744 1390 775 esset,
1412 742 1554 780 propiusve
1571 751 1666 770 eorum
1679 751 1844 780 quemquam
1859 753 1890 771 ea
1906 752 2006 781 cogna-

421 788 510 818 tione,
529 786 692 814 affinitateve
706 786 862 823 attingeret,
885 783 964 822 quive
979 793 1073 810 eorum
1087 782 1176 819 cujus,
1197 781 1345 819 parentisve
1359 782 1433 818 cujus
1446 790 1540 809 eorum
1553 788 1679 817 patronus
1693 780 1763 808 effet.
1783 784 1818 808 Ut
1822 779 2005 818 filiusfamilias

421 835 454 854 ex
465 825 542 853 omni
557 823 631 852 causa
644 824 802 860 injuriarum
818 831 922 860 ageret,
944 829 973 850 ut
988 821 1071 849 aetori
1084 821 1271 858 jusjurandum
1286 821 1390 849 deferre
1404 821 1497 848 liceret
1512 829 1572 851 reo,
1593 830 1626 847 an
1639 820 1767 856 injuriam
1783 819 1886 850 fecerit.
1904 819 1933 848 Si
1948 818 2006 859 quir

422 862 515 891 librum
528 863 565 890 ad
575 861 709 898 infamiam
725 860 976 897 alicujusscripjerit,
996 859 1194 896 composuerit,
1215 859 1328 888 ediderit
1342 870 1348 886 ⁴.
1369 859 1466 887 dolove
1481 857 1554 885 malo
1567 856 1660 887 fecerit
1675 879 1681 890 ‚
1703 867 1757 895 quo
1772 858 1836 895 quid
1850 868 1946 886 eorum
1961 858 2007 886 fie-

399 932 402 937 ,
422 908 478 929 ret:
500 901 602 929 etiamst
613 900 718 928 alterius
731 901 845 927 nomine
859 900 987 928 ediderit,
1007 898 1049 926 vel
1063 897 1115 925 sine
1128 899 1255 926 nomine:
1275 898 1302 925 vi
1316 898 1349 925 de
1364 907 1393 925 ca
1406 907 1434 925 re
1448 906 1526 934 agere
1538 895 1629 925 liceret
1643 907 1648 924 ;
1668 898 1695 927 ὅς
1714 895 1733 923 fi
1750 897 1946 929 condemnatus
1959 895 2008 934 fit,
2054 923 2056 928 ,

422 939 469 977 qui
483 939 510 967 id
524 938 603 972 fecit,
624 937 777 967 intestabilis
791 948 823 966 ex
837 937 896 974 lege
909 937 959 965 effe
972 935 1089 972 jubetur.
1108 935 1227 971 Ulpianus
1242 935 1258 962 l.
1271 945 1294 970 ς’.
1310 936 1337 964 ff.
1353 937 1387 964 de
1402 936 1483 973 injur.

1060 1012 1083 1038 C
1105 1022 1122 1039 Α
1144 1021 1169 1039 1>-
1209 1012 1379 1039 XXVIII.

889 1073 941 1106 De
951 1071 1114 1119 peculatu,
1139 1069 1284 1118 residuis,
1312 1077 1359 1105 (φ’
1374 1071 1539 1120 sacrilegio.

424 1152 591 1216 Peculium
604 1154 690 1183 dietus
703 1153 739 1181 est
753 1151 856 1181 furtum
870 1152 989 1189 pecuniae
1002 1150 1125 1188 publicae,
1147 1153 1173 1179 8<
1181 1150 1323 1185 peculator,
1344 1152 1389 1188 qui
1400 1150 1501 1180 furtum
1516 1150 1635 1187 pecuniae
1649 1149 1800 1182 commifit,
1820 1150 1886 1178 teste
1895 1150 2011 1186 Asconio.‘

497 1193 609 1221 Nomen
623 1199 713 1220 autem
729 1191 844 1227 accepit,
863 1198 892 1219 ut
904 1190 994 1218 scribit
1007 1188 1105 1227 Festus,
1127 1188 1141 1216 ὲ
1150 1198 1249 1224 pecore,
1269 1190 1331 1226 quia
1343 1190 1375 1217 ab
1390 1199 1423 1217 eo
1438 1190 1546 1217 initium
1564 1188 1620 1223 ejus
1634 1187 1732 1216 fraudis
1746 1188 1796 1215 esse
1809 1189 1900 1225 coepit.
1923 1189 2010 1226 Siqui-

426 1231 491 1258 dem
506 1239 567 1260 ante
579 1241 626 1262 aes,
646 1237 689 1257 aut
704 1237 845 1267 argentum
862 1228 995 1265 lignatum
1010 1228 1045 1256 ob
1060 1227 1155 1255 delieta
1170 1237 1250 1265 poena
1263 1229 1415 1265 gravissima
1429 1235 1484 1255 erat
1500 1228 1611 1255 duarum
1623 1227 1717 1254 ovium
1727 1247 1734 1258 ,
1755 1227 1902 1262 &triginta
1915 1226 2010 1255 boum.
2055 1231 2057 1253 l

427 1269 467 1296 Ut
479 1276 569 1297 autem
584 1275 683 1297 caeterae
697 1268 851 1306 quaestiones
862 1288 869 1299 ,
889 1266 925 1294 s1c
940 1267 1021 1295 etiam
1030 1265 1160 1301 peculatus
1173 1266 1267 1302 primis
1285 1267 1452 1302 temporibus
1467 1274 1571 1294 certum
1586 1272 1714 1299 pretorem
1731 1272 1776 1292 aut
1791 1263 1942 1303 quaesitorem
1954 1274 2010 1293 non
2056 1258 2057 1269 ¹

425 1306 516 1334 habuit
530 1317 535 1334 ⁴.
555 1306 598 1334 sed
611 1306 671 1343 lege
684 1328 691 1339 ,
714 1313 794 1342 prout
815 1304 874 1333 usus
887 1305 1022 1333 incidebat
1033 1325 1041 1336 ‚
1055 1303 1201 1339 praetoribus
1220 1312 1264 1333 aut
1279 1307 1359 1332 etiam
1375 1303 1521 1339 Consulibus
1539 1302 1723 1331 mandabatur.
1763 1303 1905 1339 Postquam
1918 1309 2010 1331 autem
2052 1319 2054 1322 ·

426 1346 533 1381 quaestio
546 1345 754 1382 repetundarum
769 1351 899 1380 perpetuo
913 1344 1055 1371 constituta
1069 1344 1208 1379 proprium
1218 1352 1349 1378 pretorem
1362 1344 1399 1371 est
1413 1344 1489 1371 nasta
1503 1364 1511 1375 ‚
1532 1349 1591 1369 tum
1605 1350 1670 1369 vero
1683 1341 1791 1378 quaestio
1806 1342 1889 1369 etiam
1905 1341 2010 1378 pecula-

426 1389 469 1410 tus
480 1385 614 1420 praecipuo
628 1383 733 1419 praetori
748 1382 846 1410 eodem
862 1382 948 1409 modo
961 1381 1084 1408 mandata
1099 1382 1143 1408 est.
1185 1381 1214 1408 Id
1228 1391 1292 1409 vero
1306 1389 1367 1409 ante
1382 1382 1551 1409 Dietaturarn
1566 1384 1597 1407 L.
1610 1378 1681 1418 Sullae
1691 1399 1699 1408 .
1721 1379 1747 1407 id
1761 1380 1814 1412 est,
1834 1387 1896 1408 ante
1909 1389 2010 1408 annum
2053 1395 2056 1404 v

429 1427 564 1449 Iocum.
586 1423 647 1460 Qu
661 1428 753 1448 tamen
766 1419 824 1457 lege
837 1419 984 1457 acceperit,
1004 1418 1090 1447 adhuc
1105 1419 1219 1447 inveniri
1234 1429 1289 1447 non
1303 1421 1401 1456 potuit.
1421 1422 1485 1448 Haec
1499 1418 1582 1446 Carol.
1597 1416 1722 1454 Sigomus.

1087 1475 1215 1508 Petillia
1239 1475 1300 1508 lex.

467 1534 610 1570 Franciftus
625 1538 813 1561 Hortomannus
829 1533 958 1561 Petilliam
973 1533 1006 1560 de
1013 1532 1134 1569 peculatu
1147 1533 1236 1570 legem
1251 1541 1452 1562 commemorat
1466 1544 1497 1562 ex
1506 1532 1577 1560 Livii
1589 1532 1633 1560 lib.
1643 1534 1685 1571 38.
1703 1543 1760 1570 quae
1774 1532 1826 1560 lata
1840 1533 1878 1560 est
1890 1531 1904 1560 ἐὶ
1917 1536 2009 1570 Ql’e-

428 1571 493 1601 Allia
507 1572 604 1600 tribuno
617 1573 699 1609 plebis
710 1593 716 1603 ‚
738 1581 809 1600 anno
831 1578 942 1599 IDLXVI.
961 1576 1000 1598 M.
1012 1571 1110 1598 AEmdm
1125 1573 1213 1605 Leptslo
1229 1593 1235 1603 ,
1257 1576 1286 1598 C·
1305 1571 1428 1600 Flamimo
1443 1576 1537 1605 Nepote
1551 1571 1623 1598 Coff.
1639 1571 1762 1601 Vellent,
1782 1570 1921 1605 juberent,
1942 1581 2012 1608 quae-
2052 1595 2056 1603 ,

428 1619 532 1639 teretur
544 1631 550 1642 ,
570 1621 628 1647 quae
639 1612 749 1647 pecunia
764 1617 854 1646 capta,
875 1609 972 1641 ablata,
992 1610 1083 1636 coaeta
1095 1609 1126 1636 ab
1142 1611 1218 1646 Rege
1233 1610 1368 1639 Antiocho
1381 1610 1425 1641 fit,
1447 1611 1545 1646 quique
1559 1608 1604 1635 sub
1618 1608 1799 1644 ejusimperio
1811 1608 1922 1637 fuerint:
1940 1611 2013 1646 quod
2027 1617 2030 1621 '
2054 1614 2056 1617 '

430 1649 486 1685 ejus
500 1650 528 1676 in
542 1648 676 1685 publicum
693 1649 804 1676 relatum
821 1657 876 1675 non
891 1647 966 1679 ess'et,
987 1648 1025 1674 uti
1040 1648 1073 1674 de
1090 1656 1119 1675 ea
1133 1657 1162 1675 re
1175 1652 1228 1675 Ser.
1242 1647 1363 1683 sulpitius
1371 1655 1460 1682 pretor
1472 1648 1586 1676 urbanus
1599 1647 1631 1675 ad
1645 1646 1767 1675 senatum
1780 1645 1903 1675 referret.
1931 1649 2014 1676 Addit

428 1686 533 1716 Livius:
553 1689 657 1715 Omnes
671 1686 769 1719 tribus,
789 1687 828 1715 uti
841 1695 933 1724 rogaS,
952 1685 1090 1723 jufferunt.

1119 1740 1220 1789 Julia
1245 1724 1306 1778 lex.

469 1809 566 1836 Praeter
579 1806 647 1834 hanc
660 1805 729 1835 nulla
742 1805 799 1834 fere
812 1804 845 1832 de
858 1803 909 1832 hoc
924 1805 1039 1833 crimine
1052 1804 1095 1832 lex
1109 1811 1198 1838 extat,
1218 1806 1264 1837 nili
1278 1804 1360 1842 Julia
1373 1825 1381 1835 ,
1402 1813 1485 1843 quam
1503 1804 1564 1832 tulit
1575 1808 1605 1832 C.
1619 1803 1703 1837 Julius
1716 1805 1809 1839 σφὶν,
1830 1814 1934 1843 quaque
1943 1810 2017 1842 pecu-⁷

431 1847 530 1878 latum,
543 1844 708 1882 fficrilqgium
717 1866 723 1876 ‚
745 1847 771 1872 ὃ(
783 1844 894 1872 residuas
906 1844 1031 1879 pecunias
1046 1844 1081 1871 est
1092 1843 1258 1881 complexus.
1285 1845 1348 1882 Ejus
1360 1843 1426 1880 legis
1439 1843 1526 1880 capita
1539 1843 1567 1870 in
1583 1840 1693 1880 D'Jss'fistis
1706 1842 1761 1871 haec
1774 1843 1877 1872 extant:
1899 1845 2015 1878 Praetor,

432 1886 521 1922 quiex
536 1884 583 1911 hac
598 1883 656 1920 lege
675 1890 788 1920 qum-et,
809 1882 841 1909 de
857 1891 890 1909 eo
908 1883 1034 1918 quaerito,
1055 1882 1101 1918 qui
1116 1891 1147 1909 ex
1161 1883 1274 1919 pecunia
1287 1881 1357 1910 sacra
1378 1881 1499 1920 religiosa
1513 1880 1646 1909 abstulerit
1660 1901 1667 1913 ‚
1688 1881 1860 1918 interceperit
1873 1902 1881 1914 ,
1901 1883 1929 1910 in
1942 1883 2015 1912 suam

432 1933 491 1950 rem
503 1923 628 1952 verterit,
650 1931 694 1949 aut
709 1931 762 1958 quo
777 1921 834 1957 quis
849 1918 965 1951 auferat,
985 1920 1150 1956 intercipiat,
1172 1920 1215 1948 vel
1229 1921 1256 1948 in
1269 1930 1328 1948 rem
1341 1920 1415 1949 suam
1432 1927 1518 1948 vertat
1530 1941 1538 1952 ‚
1558 1919 1659 1947 fecerit.
1697 1922 1752 1957 Q!
1763 1919 1790 1947 in
1803 1930 1909 1951 aarum,
1929 1932 2018 1958 argen-
2032 1947 2033 1950 ,

431 1969 502 1992 tum,
523 1971 556 1988 aes
571 1959 706 1997 publicum
722 1959 782 1995 quid
798 1958 935 1990 inciderit,
956 1957 1144 1990 immiscuerit,
1168 1966 1212 1987 aut
1232 1968 1287 1996 quo
1300 1959 1363 1996 quid
1378 1959 1498 1990 indatur,
1518 1957 1701 1985 immisceatur
1716 1978 1723 1989 ,
1743 1957 1837 1987 fecerit
1850 1958 1914 1986 dolo
1929 1960 2015 1993 malo,
2029 1957 2034 1999 ξ

432 2008 486 2035 quo
503 1999 529 2026 id
544 1999 619 2034 pejus
637 1998 689 2025 fiat.
709 1996 812 2036 Qique
827 1995 943 2023 rabulam
955 2006 1056 2030 areum,
1079 1997 1233 2025 formamve
1245 2007 1371 2035 agrorum
1381 2018 1387 2029 ,
1407 2004 1452 2024 aut
1465 1996 1528 2034 quid
1543 1995 1613 2023 aliud
1624 1996 1812 2024 continentem
1826 1997 1959 2029 tefuerit,
1975 1998 2016 2026 vel
2030 2003 2034 2029 l

433 2037 497 2072 quid
510 2037 571 2064 inde
583 2037 785 2066 immutaverit,
808 2037 833 2063 ἃ
849 2035 873 2061 ci
885 2043 951 2071 aqua
967 2037 994 2063 δι
1007 2036 1062 2072 igni
1076 2035 1264 2068 interdicatur,
1284 2043 1364 2072 atque
1376 2036 1488 2073 pecunia
1501 2033 1533 2061 ab
1552 2034 1656 2062 haerede
1671 2042 1816 2071 repetatur.
1854 2035 1959 2075 Qique
1969 2045 2017 2071 pu·
2030 2035 2033 2045 ’
2074 2048 2075 2052 ’

433 2072 524 2100 blicam
534 2073 666 2107 pecuniam
682 2073 824 2110 delegatam
839 2073 866 2099 in
880 2073 955 2100 usum
970 2072 1087 2109 aliquem
1105 2074 1260 2106 retinuerit,
1280 2083 1367 2111 neque
1388 2075 1415 2101 in
1430 2083 1489 2101 eam
1508 2081 1567 2100 rem
1582 2072 1785 2109 consumpserit.
1824 2073 1895 2102 Item
1912 2075 1945 2102 de
1964 2084 2013 2108 eo,
2048 2081 2051 2099 ἐ
2073 2071 2075 2074 ⁴

434 2111 504 2147 apud
518 2120 598 2147 quem
614 2121 645 2139 ex
660 2112 808 2143 locatione,
829 2111 982 2148 emptione,
1002 2111 1168 2139 alimentaria
1182 2113 1300 2145 ratione,
1323 2122 1355 2140 ex
1366 2113 1492 2148 pecunia,
1512 2120 1594 2148 quam
1606 2112 1726 2149 accepit,
1746 2111 1828 2140 aliave
1842 2121 1892 2149 qua
1905 2113 2018 2149 pecunia
2048 2115 2050 2147 ἶ,
2071 2134 2072 2138 ,

434 2148 546 2179 resedit,
567 2150 586 2175 is
600 2150 739 2178 damnatus
752 2149 865 2187 amplius
879 2150 955 2178 tertia
966 2158 1056 2187 parte,
1076 2159 1157 2187 quam
1173 2150 1266 2183 debet,
1285 2150 1377 2179 solvat.
1397 2149 1494 2184 Ulpian.
1509 2149 1554 2177 lib.
1569 2160 1589 2177 ι.
1601 2149 1697 2177 ffieod.
1716 2150 1813 2177 Paulus
1825 2149 2016 2180 sententiarum
2073 2172 2075 2178 .

434 2185 481 2214 lib.
491 2197 515 2220 ς.
529 2195 584 2222 cap.
595 2197 637 2222 29.
651 2190 676 2215 &
692 2187 737 2215 lib.
752 2197 776 2215 2.
792 2187 820 2218 ff.
836 2187 867 2215 ad
882 2187 961 2225 legem
975 2186 1083 2225 Juliam
1096 2188 1261 2223 depeculata.
1301 2187 1408 2227 Residuae
1421 2196 1512 2216 autem
1522 2187 1642 2223 pecunia,
1663 2195 1692 2216 ut
1706 2190 1732 2216 &
1747 2187 1800 2217 hoc
1813 2189 1925 2221 addam,
1945 2189 2031 2217 dice->⁴¹
2047 2186 2049 2190 ’
2072 2182 2075 2216 ἶ

436 2225 547 2256 bantur,
569 2233 626 2260 quae
641 2226 707 2260 apud
723 2235 785 2252 eum
795 2247 802 2257 ,
823 2226 868 2262 qui
882 2226 1016 2262 publicam
1032 2227 1174 2264 pecuniam
1186 2227 1394 2259 administraret,
1414 2226 1567 2264 supererant
1581 2247 1589 2259 ‚
1611 2236 1674 2255 cum
1693 2227 1734 2255 vel
1749 2227 1775 2254 in
1789 2226 1864 2254 usum
1879 2225 2023 2264 publicum,

437 2262 542 2299 erogari
557 2282 563 2293 ‚
591 2261 632 2288 vel
648 2263 673 2289 in
686 2264 806 2290 aerarium
820 2264 914 2292 referri
926 2266 1055 2294 deberent
1070 2277 1075 2294 :
1098 2265 1195 2293 Paulus
1206 2266 1250 2294 lib.
1269 2276 1313 2294 22.
1328 2265 1355 2293 ff.
1369 2266 1402 2294 ad
1418 2265 1508 2304 legem
1522 2264 1622 2304 Juliam
1642 2266 1676 2294 de
1690 2265 1821 2303 peculatu.
1861 2269 1902 2292 De
1914 2263 2031 2303 refiduis''
2073 2271 2075 2277 ⁴

430 2299 650 2366 pecuniifllegein
671 2309 731 2329 ante
750 2301 818 2330 hanc
837 2301 946 2339 Juliam
967 2304 1050 2333 tuliss'e
1071 2306 1104 2334 C.
1115 2304 1275 2334 Cornelium
1295 2303 1433 2333 tribunum
1452 2303 1547 2342 plebis,
1571 2313 1603 2333 ex
1617 2305 1740 2333 oratione
1753 2302 1874 2331 Ciceronis
1886 2311 1932 2338 pro
1946 2303 2049 2342 Sullag
2073 2300 2075 2306 ⁴

435 2348 525 2377 cogno
538 2346 615 2367 citur.
2021 2359 2025 2362 ,

1941 2394 1966 2421 C
1986 2391 2026 2430 A-Jl
