<?xml version="1.0" encoding="UTF-8"?>
<!DOCTYPE html PUBLIC "-//W3C//DTD XHTML 1.0 Transitional//EN"
    "http://www.w3.org/TR/xhtml1/DTD/xhtml1-transitional.dtd">
<html xmlns="http://www.w3.org/1999/xhtml" xml:lang="en" lang="en">
 <head>
  <title>
</title>
<meta http-equiv="Content-Type" content="text/html;charset=utf-8" />
  <meta name='ocr-system' content='tesseract 3.04.00' />
  <meta name='ocr-capabilities' content='ocr_page ocr_carea ocr_par ocr_line ocrx_word'/>
</head>
<body>
  <div class='ocr_page' id='page_1' title='image "./johannisrosinian00rosi/johannisrosinian00rosi_0600.png"; bbox 0 0 2075 2734; ppageno 0'>
   <div class='ocr_carea' id='block_1_1' title="bbox 413 109 1730 152">
    <p class='ocr_par' dir='ltr' id='par_1_1' title="bbox 413 109 1730 152">
     <span class='ocr_line' id='line_1_1' title="bbox 413 109 1730 152; baseline -0.001 -11"><span class='ocrx_word' id='word_1_1' title='bbox 413 119 466 152; x_wconf 71' lang='lat'>5⁶6</span> <span class='ocrx_word' id='word_1_2' title='bbox 691 109 1730 147; x_wconf 65' lang='lat' dir='ltr'>AuriQurrAruMRoMANARuMLrn.V111.</span> 
     </span>
    </p>
   </div>
   <div class='ocr_carea' id='block_1_2' title="bbox 412 161 1999 394">
    <p class='ocr_par' dir='ltr' id='par_1_2' title="bbox 450 161 1629 203">
     <span class='ocr_line' id='line_1_2' title="bbox 450 161 1629 203; baseline -0.002 -10"><span class='ocrx_word' id='word_1_3' title='bbox 450 164 584 202; x_wconf 65' lang='lat' dir='ltr'>Pecunia]</span> <span class='ocrx_word' id='word_1_4' title='bbox 607 166 727 193; x_wconf 87' lang='lat' dir='ltr'>Pecuniae</span> <span class='ocrx_word' id='word_1_5' title='bbox 740 165 853 192; x_wconf 87' lang='lat' dir='ltr'>nomine</span> <span class='ocrx_word' id='word_1_6' title='bbox 867 163 908 193; x_wconf 81' lang='lat' dir='ltr'>lex</span> <span class='ocrx_word' id='word_1_7' title='bbox 921 172 977 192; x_wconf 94' lang='lat' dir='ltr'>non</span> <span class='ocrx_word' id='word_1_8' title='bbox 992 172 1065 203; x_wconf 79' lang='lat' dir='ltr'>equos</span> <span class='ocrx_word' id='word_1_9' title='bbox 1080 170 1184 193; x_wconf 85' lang='lat' dir='ltr'>tantum</span> <span class='ocrx_word' id='word_1_10' title='bbox 1195 183 1202 195; x_wconf 92' lang='lat'>,</span> <span class='ocrx_word' id='word_1_11' title='bbox 1222 161 1265 191; x_wconf 76' lang='lat' dir='ltr'>sed</span> <span class='ocrx_word' id='word_1_12' title='bbox 1282 165 1307 192; x_wconf 62' lang='grc' dir='ltr'>ὃς</span> <span class='ocrx_word' id='word_1_13' title='bbox 1315 163 1400 197; x_wconf 66' lang='lat' dir='ltr'>struas</span> <span class='ocrx_word' id='word_1_14' title='bbox 1414 161 1629 199; x_wconf 86' lang='lat' dir='ltr'>comprehendit.</span> 
     </span>
    </p>

    <p class='ocr_par' dir='ltr' id='par_1_3' title="bbox 412 199 1999 394">
     <span class='ocr_line' id='line_1_3' title="bbox 450 199 1995 242; baseline 0.001 -10"><span class='ocrx_word' id='word_1_15' title='bbox 450 204 596 241; x_wconf 60' lang='lat' dir='ltr'>Ammon]</span> <span class='ocrx_word' id='word_1_16' title='bbox 619 205 660 232; x_wconf 81' lang='lat' dir='ltr'>Sic</span> <span class='ocrx_word' id='word_1_17' title='bbox 674 202 800 231; x_wconf 83' lang='lat' dir='ltr'>emendat</span> <span class='ocrx_word' id='word_1_18' title='bbox 813 200 899 239; x_wconf 76' lang='lat' dir='ltr'>justus</span> <span class='ocrx_word' id='word_1_19' title='bbox 914 199 1010 237; x_wconf 66' lang='lat' dir='ltr'>Lrpfius</span> <span class='ocrx_word' id='word_1_20' title='bbox 1024 201 1067 230; x_wconf 86' lang='lat' dir='ltr'>lib.</span> <span class='ocrx_word' id='word_1_21' title='bbox 1076 211 1103 235; x_wconf 84' lang='lat'>4.</span> <span class='ocrx_word' id='word_1_22' title='bbox 1123 200 1325 239; x_wconf 85' lang='lat' dir='ltr'>Epistolicarum</span> <span class='ocrx_word' id='word_1_23' title='bbox 1340 200 1538 238; x_wconf 80' lang='lat' dir='ltr'>Qaestionum,</span> <span class='ocrx_word' id='word_1_24' title='bbox 1558 202 1632 237; x_wconf 69' lang='lat' dir='ltr'>epist,</span> <span class='ocrx_word' id='word_1_25' title='bbox 1642 211 1683 238; x_wconf 86' lang='lat'>27.</span> <span class='ocrx_word' id='word_1_26' title='bbox 1705 211 1766 230; x_wconf 88' lang='lat' dir='ltr'>cum</span> <span class='ocrx_word' id='word_1_27' title='bbox 1785 203 1812 232; x_wconf 87' lang='lat' dir='ltr'>in</span> <span class='ocrx_word' id='word_1_28' title='bbox 1824 203 1937 242; x_wconf 82' lang='lat' dir='ltr'>vulgatis</span> <span class='ocrx_word' id='word_1_29' title='bbox 1950 203 1995 238; x_wconf 84' lang='lat' dir='ltr'>fit,</span> 
     </span>
     <span class='ocr_line' id='line_1_4' title="bbox 412 238 1998 280; baseline 0.001 -12"><span class='ocrx_word' id='word_1_30' title='bbox 412 241 537 280; x_wconf 73' lang='lat' dir='ltr'><em>arguitur.</em></span> <span class='ocrx_word' id='word_1_31' title='bbox 578 243 651 270; x_wconf 88' lang='lat' dir='ltr'>Dicit</span> <span class='ocrx_word' id='word_1_32' title='bbox 665 249 756 270; x_wconf 83' lang='lat' dir='ltr'>autem</span> <span class='ocrx_word' id='word_1_33' title='bbox 770 241 899 270; x_wconf 72' lang='lat' dir='ltr'>ardunor.</span> <span class='ocrx_word' id='word_1_34' title='bbox 919 240 1035 277; x_wconf 76' lang='lat' dir='ltr'>politum</span> <span class='ocrx_word' id='word_1_35' title='bbox 1051 241 1158 277; x_wconf 77' lang='lat' dir='ltr'>antique</span> <span class='ocrx_word' id='word_1_36' title='bbox 1168 261 1175 270; x_wconf 90' lang='lat'><em>‚</em></span> <span class='ocrx_word' id='word_1_37' title='bbox 1189 248 1234 273; x_wconf 85' lang='lat' dir='ltr'>pro</span> <span class='ocrx_word' id='word_1_38' title='bbox 1247 238 1382 270; x_wconf 80' lang='lat' dir='ltr'>adduitor,</span> <span class='ocrx_word' id='word_1_39' title='bbox 1403 240 1416 267; x_wconf 75' lang='grc' dir='ltr'>ὲ</span> <span class='ocrx_word' id='word_1_40' title='bbox 1431 239 1514 267; x_wconf 89' lang='lat' dir='ltr'>verbo</span> <span class='ocrx_word' id='word_1_41' title='bbox 1527 239 1619 269; x_wconf 81' lang='lat' dir='ltr'>arduo.</span> <span class='ocrx_word' id='word_1_42' title='bbox 1646 240 1687 268; x_wconf 92' lang='lat' dir='ltr'>vel</span> <span class='ocrx_word' id='word_1_43' title='bbox 1701 241 1799 272; x_wconf 78' lang='lat' dir='ltr'>addua,</span> <span class='ocrx_word' id='word_1_44' title='bbox 1819 251 1869 278; x_wconf 90' lang='lat' dir='ltr'>pro</span> <span class='ocrx_word' id='word_1_45' title='bbox 1881 252 1935 280; x_wconf 87' lang='lat' dir='ltr'>quo</span> <span class='ocrx_word' id='word_1_46' title='bbox 1947 253 1998 272; x_wconf 81' lang='lat' dir='ltr'>nos</span> 
     </span>
     <span class='ocr_line' id='line_1_5' title="bbox 413 276 1999 316; baseline 0 -7"><span class='ocrx_word' id='word_1_47' title='bbox 413 281 494 309; x_wconf 86' lang='lat' dir='ltr'>hodie</span> <span class='ocrx_word' id='word_1_48' title='bbox 509 280 573 307; x_wconf 73' lang='lat' dir='ltr'>addo</span> <span class='ocrx_word' id='word_1_49' title='bbox 586 280 708 308; x_wconf 82' lang='lat' dir='ltr'>dicimus.</span> <span class='ocrx_word' id='word_1_50' title='bbox 731 280 869 306; x_wconf 54' lang='lat' dir='ltr'>Ram-dus</span> <span class='ocrx_word' id='word_1_51' title='bbox 882 279 946 316; x_wconf 82' lang='lat' dir='ltr'>legit</span> <span class='ocrx_word' id='word_1_52' title='bbox 957 277 1084 315; x_wconf 71' lang='lat' dir='ltr'>arguitur:</span> <span class='ocrx_word' id='word_1_53' title='bbox 1105 287 1135 305; x_wconf 85' lang='lat' dir='ltr'>ut</span> <span class='ocrx_word' id='word_1_54' title='bbox 1149 277 1179 305; x_wconf 81' lang='lat' dir='ltr'>fit</span> <span class='ocrx_word' id='word_1_55' title='bbox 1191 276 1277 304; x_wconf 87' lang='lat' dir='ltr'>sensus</span> <span class='ocrx_word' id='word_1_56' title='bbox 1286 297 1293 308; x_wconf 85' lang='lat'>,</span> <span class='ocrx_word' id='word_1_57' title='bbox 1315 286 1415 305; x_wconf 88' lang='lat' dir='ltr'>corona</span> <span class='ocrx_word' id='word_1_58' title='bbox 1425 276 1467 306; x_wconf 85' lang='lat' dir='ltr'>illa</span> <span class='ocrx_word' id='word_1_59' title='bbox 1477 277 1676 315; x_wconf 79' lang='lat' dir='ltr'>litargumento</span> <span class='ocrx_word' id='word_1_60' title='bbox 1687 281 1713 307; x_wconf 63' lang='grc' dir='ltr'>ὃς</span> <span class='ocrx_word' id='word_1_61' title='bbox 1722 279 1823 308; x_wconf 59' lang='lat' dir='ltr'>inditio</span> <span class='ocrx_word' id='word_1_62' title='bbox 1830 282 1932 309; x_wconf 87' lang='lat' dir='ltr'>virtutis</span> <span class='ocrx_word' id='word_1_63' title='bbox 1940 281 1999 310; x_wconf 82' lang='lat' dir='ltr'>suae.</span> 
     </span>
     <span class='ocr_line' id='line_1_6' title="bbox 413 315 1997 355; baseline -0.001 -8"><span class='ocrx_word' id='word_1_64' title='bbox 413 322 475 347; x_wconf 89' lang='lat' dir='ltr'>Hoc</span> <span class='ocrx_word' id='word_1_65' title='bbox 490 327 579 346; x_wconf 86' lang='lat' dir='ltr'>autern</span> <span class='ocrx_word' id='word_1_66' title='bbox 594 317 688 346; x_wconf 89' lang='lat' dir='ltr'>volunt</span> <span class='ocrx_word' id='word_1_67' title='bbox 702 317 745 345; x_wconf 84' lang='lat' dir='ltr'>illa</span> <span class='ocrx_word' id='word_1_68' title='bbox 759 316 853 349; x_wconf 90' lang='lat' dir='ltr'>verba,</span> <span class='ocrx_word' id='word_1_69' title='bbox 874 325 903 344; x_wconf 87' lang='lat' dir='ltr'>ut</span> <span class='ocrx_word' id='word_1_70' title='bbox 917 326 1035 348; x_wconf 68' lang='lat' dir='ltr'>coron-ee,</span> <span class='ocrx_word' id='word_1_71' title='bbox 1056 326 1113 353; x_wconf 85' lang='lat' dir='ltr'>quae</span> <span class='ocrx_word' id='word_1_72' title='bbox 1126 324 1205 352; x_wconf 77' lang='lat' dir='ltr'>partae</span> <span class='ocrx_word' id='word_1_73' title='bbox 1219 315 1251 342; x_wconf 84' lang='lat' dir='ltr'>ab</span> <span class='ocrx_word' id='word_1_74' title='bbox 1266 316 1340 352; x_wconf 82' lang='lat' dir='ltr'>equis</span> <span class='ocrx_word' id='word_1_75' title='bbox 1355 315 1396 342; x_wconf 89' lang='lat' dir='ltr'>vel</span> <span class='ocrx_word' id='word_1_76' title='bbox 1410 316 1489 343; x_wconf 85' lang='lat' dir='ltr'>servis</span> <span class='ocrx_word' id='word_1_77' title='bbox 1503 317 1599 348; x_wconf 71' lang='lat' dir='ltr'>ess&#39;ent,</span> <span class='ocrx_word' id='word_1_78' title='bbox 1622 317 1736 345; x_wconf 90' lang='lat' dir='ltr'>domino</span> <span class='ocrx_word' id='word_1_79' title='bbox 1749 327 1823 355; x_wconf 83' lang='lat' dir='ltr'>aeque</span> <span class='ocrx_word' id='word_1_80' title='bbox 1837 327 1866 345; x_wconf 85' lang='lat' dir='ltr'>ac</span> <span class='ocrx_word' id='word_1_81' title='bbox 1881 318 1899 345; x_wconf 81' lang='lat' dir='ltr'><strong>fi</strong></span> <span class='ocrx_word' id='word_1_82' title='bbox 1913 319 1997 354; x_wconf 86' lang='lat' dir='ltr'>perse</span> 
     </span>
     <span class='ocr_line' id='line_1_7' title="bbox 415 353 1936 394; baseline 0 -10"><span class='ocrx_word' id='word_1_83' title='bbox 415 357 470 393; x_wconf 71' lang='lat' dir='ltr'>ipie</span> <span class='ocrx_word' id='word_1_84' title='bbox 484 356 611 384; x_wconf 79' lang='lat' dir='ltr'>certando</span> <span class='ocrx_word' id='word_1_85' title='bbox 627 366 667 383; x_wconf 85' lang='lat' dir='ltr'>eas</span> <span class='ocrx_word' id='word_1_86' title='bbox 681 355 836 393; x_wconf 76' lang='lat' dir='ltr'><strong>peperisset,</strong></span> <span class='ocrx_word' id='word_1_87' title='bbox 855 354 989 383; x_wconf 81' lang='lat' dir='ltr'><strong>honorem</strong></span> <span class='ocrx_word' id='word_1_88' title='bbox 1005 355 1080 383; x_wconf 82' lang='lat' dir='ltr'>illurn</span> <span class='ocrx_word' id='word_1_89' title='bbox 1096 354 1278 382; x_wconf 84' lang='lat' dir='ltr'>conciliarent.</span> <span class='ocrx_word' id='word_1_90' title='bbox 1309 353 1413 382; x_wconf 66' lang='lat' dir='ltr'>Recital:</span> <span class='ocrx_word' id='word_1_91' title='bbox 1427 353 1493 382; x_wconf 87' lang='lat' dir='ltr'>hanc</span> <span class='ocrx_word' id='word_1_92' title='bbox 1507 354 1597 392; x_wconf 83' lang='lat' dir='ltr'>legem</span> <span class='ocrx_word' id='word_1_93' title='bbox 1614 354 1714 383; x_wconf 74' lang='lat' dir='ltr'>Plinius</span> <span class='ocrx_word' id='word_1_94' title='bbox 1726 355 1771 384; x_wconf 85' lang='lat' dir='ltr'>lib.</span> <span class='ocrx_word' id='word_1_95' title='bbox 1785 366 1829 384; x_wconf 87' lang='lat'>21.</span> <span class='ocrx_word' id='word_1_96' title='bbox 1842 365 1899 392; x_wconf 86' lang='lat' dir='ltr'>cap.</span> <span class='ocrx_word' id='word_1_97' title='bbox 1912 366 1936 394; x_wconf 86' lang='lat'>3.</span> 
     </span>
    </p>
   </div>
   <div class='ocr_carea' id='block_1_3' title="bbox 642 406 1767 458">
    <p class='ocr_par' dir='ltr' id='par_1_4' title="bbox 642 406 1767 458">
     <span class='ocr_line' id='line_1_8' title="bbox 642 406 1767 458; baseline 0 -15"><span class='ocrx_word' id='word_1_98' title='bbox 642 412 683 443; x_wconf 89' lang='lat' dir='ltr'>X.</span> <span class='ocrx_word' id='word_1_99' title='bbox 708 411 771 443; x_wconf 79' lang='lat' dir='ltr'>vti</span> <span class='ocrx_word' id='word_1_100' title='bbox 779 409 995 458; x_wconf 76' lang='lat' dir='ltr'>plurafunera</span> <span class='ocrx_word' id='word_1_101' title='bbox 1010 420 1046 442; x_wconf 84' lang='lat' dir='ltr'>ne</span> <span class='ocrx_word' id='word_1_102' title='bbox 1060 406 1253 454; x_wconf 80' lang='lat' dir='ltr'>unifierent:</span> <span class='ocrx_word' id='word_1_103' title='bbox 1279 418 1355 440; x_wconf 81' lang='lat' dir='ltr'>neve</span> <span class='ocrx_word' id='word_1_104' title='bbox 1372 406 1442 440; x_wconf 62' lang='lat' dir='ltr'>leffli</span> <span class='ocrx_word' id='word_1_105' title='bbox 1454 408 1557 456; x_wconf 83' lang='lat' dir='ltr'>plures</span> <span class='ocrx_word' id='word_1_106' title='bbox 1572 409 1767 454; x_wconf 78' lang='lat' dir='ltr'><em>inferrentur.</em></span> 
     </span>
    </p>
   </div>
   <div class='ocr_carea' id='block_1_4' title="bbox 413 467 2002 613">
    <p class='ocr_par' dir='ltr' id='par_1_5' title="bbox 413 467 2002 613">
     <span class='ocr_line' id='line_1_9' title="bbox 454 467 2000 506; baseline 0 -7"><span class='ocrx_word' id='word_1_107' title='bbox 454 471 495 499; x_wconf 91' lang='lat' dir='ltr'>Ad</span> <span class='ocrx_word' id='word_1_108' title='bbox 514 470 675 498; x_wconf 82' lang='lat' dir='ltr'>minuendos</span> <span class='ocrx_word' id='word_1_109' title='bbox 695 469 832 506; x_wconf 80' lang='lat' dir='ltr'>sumptuS,</span> <span class='ocrx_word' id='word_1_110' title='bbox 852 472 879 498; x_wconf 72' lang='grc' dir='ltr'>δε</span> <span class='ocrx_word' id='word_1_111' title='bbox 900 470 1029 501; x_wconf 85' lang='lat' dir='ltr'>mortuis,</span> <span class='ocrx_word' id='word_1_112' title='bbox 1052 471 1078 497; x_wconf 72' lang='grc' dir='ltr'>δε</span> <span class='ocrx_word' id='word_1_113' title='bbox 1096 468 1163 496; x_wconf 81' lang='lat' dir='ltr'>vivis</span> <span class='ocrx_word' id='word_1_114' title='bbox 1177 467 1295 499; x_wconf 79' lang='lat' dir='ltr'>inutiles,</span> <span class='ocrx_word' id='word_1_115' title='bbox 1317 467 1370 494; x_wconf 83' lang='lat' dir='ltr'>fine</span> <span class='ocrx_word' id='word_1_116' title='bbox 1384 467 1466 495; x_wconf 86' lang='lat' dir='ltr'>dubio</span> <span class='ocrx_word' id='word_1_117' title='bbox 1477 467 1518 496; x_wconf 83' lang='lat' dir='ltr'>lex</span> <span class='ocrx_word' id='word_1_118' title='bbox 1532 470 1664 505; x_wconf 83' lang='lat' dir='ltr'>pertinet:</span> <span class='ocrx_word' id='word_1_119' title='bbox 1685 480 1765 502; x_wconf 90' lang='lat' dir='ltr'>nam,</span> <span class='ocrx_word' id='word_1_120' title='bbox 1785 478 1816 500; x_wconf 90' lang='lat' dir='ltr'>ut</span> <span class='ocrx_word' id='word_1_121' title='bbox 1828 470 1934 498; x_wconf 57' lang='lat' dir='ltr'>servias</span> <span class='ocrx_word' id='word_1_122' title='bbox 1947 478 2000 500; x_wconf 82' lang='lat' dir='ltr'>tra-</span> 
     </span>
     <span class='ocr_line' id='line_1_10' title="bbox 414 505 2002 551; baseline 0 -15"><span class='ocrx_word' id='word_1_123' title='bbox 414 508 454 537; x_wconf 86' lang='lat' dir='ltr'>dit</span> <span class='ocrx_word' id='word_1_124' title='bbox 469 530 475 540; x_wconf 73' lang='lat'>,</span> <span class='ocrx_word' id='word_1_125' title='bbox 495 509 574 551; x_wconf 36' lang='lat' dir='ltr'>apud,</span> <span class='ocrx_word' id='word_1_126' title='bbox 591 507 871 550; x_wconf 5' lang='lat' dir='ltr'>majorespgloriosurn</span> <span class='ocrx_word' id='word_1_127' title='bbox 892 508 995 540; x_wconf 83' lang='lat' dir='ltr'>fuerat,</span> <span class='ocrx_word' id='word_1_128' title='bbox 1023 517 1104 548; x_wconf 80' lang='lat' dir='ltr'>quam</span> <span class='ocrx_word' id='word_1_129' title='bbox 1124 505 1247 542; x_wconf 82' lang='lat' dir='ltr'><strong>plurimis</strong></span> <span class='ocrx_word' id='word_1_130' title='bbox 1264 506 1338 547; x_wconf 63' lang='grc' dir='ltr'>Ιεᾷἰε</span> <span class='ocrx_word' id='word_1_131' title='bbox 1358 505 1454 534; x_wconf 81' lang='lat' dir='ltr'>efferri.</span> <span class='ocrx_word' id='word_1_132' title='bbox 1495 508 1535 535; x_wconf 88' lang='lat' dir='ltr'>Ac</span> <span class='ocrx_word' id='word_1_133' title='bbox 1554 508 1637 536; x_wconf 50' lang='lat' dir='ltr'>renuis</span> <span class='ocrx_word' id='word_1_134' title='bbox 1653 509 1762 546; x_wconf 89' lang='lat' dir='ltr'>quidem</span> <span class='ocrx_word' id='word_1_135' title='bbox 1770 509 1878 545; x_wconf 70' lang='lat' dir='ltr'>fortuna</span> <span class='ocrx_word' id='word_1_136' title='bbox 1890 508 2002 537; x_wconf 82' lang='lat' dir='ltr'>homines</span> 
     </span>
     <span class='ocr_line' id='line_1_11' title="bbox 413 544 1999 613; baseline 0.002 -40"><span class='ocrx_word' id='word_1_137' title='bbox 413 547 507 613; x_wconf 52' lang='lat' dir='ltr'>cdnpfatlu</span> <span class='ocrx_word' id='word_1_138' title='bbox 522 568 530 579; x_wconf 96' lang='lat'><em>‚</em></span> <span class='ocrx_word' id='word_1_139' title='bbox 556 550 609 574; x_wconf 84' lang='lat' dir='ltr'>11ve</span> <span class='ocrx_word' id='word_1_140' title='bbox 620 548 725 582; x_wconf 67' lang='lat' dir='ltr'>jer-ems</span> <span class='ocrx_word' id='word_1_141' title='bbox 745 546 943 576; x_wconf 71' lang='lat' dir='ltr'>efferebantur:</span> <span class='ocrx_word' id='word_1_142' title='bbox 965 554 1115 581; x_wconf 69' lang='lat' dir='ltr'>potentiores</span> <span class='ocrx_word' id='word_1_143' title='bbox 1136 553 1227 573; x_wconf 85' lang='lat' dir='ltr'>autem</span> <span class='ocrx_word' id='word_1_144' title='bbox 1246 544 1324 572; x_wconf 57' lang='lat' dir='ltr'>lecim.</span> <span class='ocrx_word' id='word_1_145' title='bbox 1362 545 1456 583; x_wconf 85' lang='lat' dir='ltr'>Itaque</span> <span class='ocrx_word' id='word_1_146' title='bbox 1475 545 1545 573; x_wconf 85' lang='lat' dir='ltr'>Sulla</span> <span class='ocrx_word' id='word_1_147' title='bbox 1563 546 1606 575; x_wconf 55' lang='grc' dir='ltr'>ἐκ</span> <span class='ocrx_word' id='word_1_148' title='bbox 1627 547 1711 575; x_wconf 83' lang='lat' dir='ltr'>millia</span> <span class='ocrx_word' id='word_1_149' title='bbox 1730 547 1863 576; x_wconf 71' lang='lat' dir='ltr'>lectorum</span> <span class='ocrx_word' id='word_1_150' title='bbox 1884 547 1999 576; x_wconf 70' lang='lat' dir='ltr'>habuisse</span> 
     </span>
    </p>

    <p class='ocr_par' dir='ltr' id='par_1_6' title="bbox 435 594 521 613">
     <span class='ocr_line' id='line_1_12' title="bbox 435 594 521 613; baseline -0.012 0"><span class='ocrx_word' id='word_1_151' title='bbox 435 594 467 613; x_wconf 82' lang='lat' dir='ltr'>ici</span> <span class='ocrx_word' id='word_1_152' title='bbox 483 595 521 613; x_wconf 87' lang='lat' dir='ltr'>ur.</span> 
     </span>
    </p>
   </div>
   <div class='ocr_carea' id='block_1_5' title="bbox 514 630 1904 728">
    <p class='ocr_par' dir='ltr' id='par_1_7' title="bbox 514 630 1904 728">
     <span class='ocr_line' id='line_1_13' title="bbox 514 630 1904 682; baseline -0.002 -11"><span class='ocrx_word' id='word_1_153' title='bbox 514 639 551 671; x_wconf 92' lang='lat' dir='ltr'><em>X</em></span> <span class='ocrx_word' id='word_1_154' title='bbox 552 638 580 671; x_wconf 94' lang='lat' dir='ltr'>I.</span> <span class='ocrx_word' id='word_1_155' title='bbox 608 637 701 670; x_wconf 82' lang='lat' dir='ltr'>Neve</span> <span class='ocrx_word' id='word_1_156' title='bbox 715 647 824 671; x_wconf 77' lang='lat' dir='ltr'>aurum</span> <span class='ocrx_word' id='word_1_157' title='bbox 837 635 964 671; x_wconf 77' lang='lat' dir='ltr'>addico:</span> <span class='ocrx_word' id='word_1_158' title='bbox 992 634 1034 679; x_wconf 77' lang='lat' dir='ltr'>ast</span> <span class='ocrx_word' id='word_1_159' title='bbox 1049 635 1119 682; x_wconf 80' lang='lat' dir='ltr'>quoi</span> <span class='ocrx_word' id='word_1_160' title='bbox 1133 646 1206 667; x_wconf 74' lang='lat' dir='ltr'>auro</span> <span class='ocrx_word' id='word_1_161' title='bbox 1223 632 1326 666; x_wconf 74' lang='lat' dir='ltr'>dentes</span> <span class='ocrx_word' id='word_1_162' title='bbox 1342 630 1443 666; x_wconf 70' lang='lat' dir='ltr'>vinc‘h&#39;</span> <span class='ocrx_word' id='word_1_163' title='bbox 1455 640 1559 666; x_wconf 86' lang='lat' dir='ltr'>erunt:</span> <span class='ocrx_word' id='word_1_164' title='bbox 1579 633 1622 665; x_wconf 85' lang='lat' dir='ltr'>im</span> <span class='ocrx_word' id='word_1_165' title='bbox 1635 644 1704 666; x_wconf 90' lang='lat' dir='ltr'>cum</span> <span class='ocrx_word' id='word_1_166' title='bbox 1718 633 1769 666; x_wconf 87' lang='lat' dir='ltr'>illo</span> <span class='ocrx_word' id='word_1_167' title='bbox 1777 634 1904 682; x_wconf 69' lang='lat' dir='ltr'>sbpelire</span> 
     </span>
     <span class='ocr_line' id='line_1_14' title="bbox 998 681 1419 728; baseline -0.002 -11"><span class='ocrx_word' id='word_1_168' title='bbox 998 692 1044 718; x_wconf 54' lang='grc' dir='ltr'>(γ’</span> <span class='ocrx_word' id='word_1_169' title='bbox 1060 695 1160 723; x_wconf 83' lang='lat' dir='ltr'>urere,</span> <span class='ocrx_word' id='word_1_170' title='bbox 1179 683 1212 728; x_wconf 83' lang='lat' dir='ltr'>se</span> <span class='ocrx_word' id='word_1_171' title='bbox 1219 681 1336 728; x_wconf 83' lang='lat' dir='ltr'>fraude</span> <span class='ocrx_word' id='word_1_172' title='bbox 1353 681 1419 728; x_wconf 76' lang='lat' dir='ltr'>esta.</span> 
     </span>
    </p>
   </div>
   <div class='ocr_carea' id='block_1_6' title="bbox 415 741 2004 1166">
    <p class='ocr_par' dir='ltr' id='par_1_8' title="bbox 415 741 2004 973">
     <span class='ocr_line' id='line_1_15' title="bbox 456 741 2001 782; baseline -0.003 -8"><span class='ocrx_word' id='word_1_173' title='bbox 456 750 538 776; x_wconf 86' lang='lat' dir='ltr'>Vetat</span> <span class='ocrx_word' id='word_1_174' title='bbox 552 747 594 777; x_wconf 92' lang='lat' dir='ltr'>lex</span> <span class='ocrx_word' id='word_1_175' title='bbox 605 747 732 782; x_wconf 45' lang='lat' dir='ltr'>sepulchris</span> <span class='ocrx_word' id='word_1_176' title='bbox 745 758 836 775; x_wconf 74' lang='lat' dir='ltr'>aarum</span> <span class='ocrx_word' id='word_1_177' title='bbox 851 746 933 782; x_wconf 55' lang='lat' dir='ltr'>injici.</span> <span class='ocrx_word' id='word_1_178' title='bbox 952 756 1015 775; x_wconf 88' lang='lat' dir='ltr'>curn</span> <span class='ocrx_word' id='word_1_179' title='bbox 1035 746 1104 782; x_wconf 83' lang='lat' dir='ltr'>apud</span> <span class='ocrx_word' id='word_1_180' title='bbox 1124 746 1247 782; x_wconf 75' lang='lat' dir='ltr'>antiquos</span> <span class='ocrx_word' id='word_1_181' title='bbox 1268 742 1431 772; x_wconf 80' lang='lat' dir='ltr'>consuetudo</span> <span class='ocrx_word' id='word_1_182' title='bbox 1452 741 1547 773; x_wconf 86' lang='lat' dir='ltr'>ferret,</span> <span class='ocrx_word' id='word_1_183' title='bbox 1567 748 1597 781; x_wconf 76' lang='lat' dir='ltr'>nt</span> <span class='ocrx_word' id='word_1_184' title='bbox 1618 741 1645 768; x_wconf 89' lang='lat' dir='ltr'>in</span> <span class='ocrx_word' id='word_1_185' title='bbox 1665 749 1764 778; x_wconf 86' lang='lat' dir='ltr'>rogum</span> <span class='ocrx_word' id='word_1_186' title='bbox 1785 750 1836 770; x_wconf 83' lang='lat' dir='ltr'>una</span> <span class='ocrx_word' id='word_1_187' title='bbox 1848 752 1910 770; x_wconf 88' lang='lat' dir='ltr'>cum</span> <span class='ocrx_word' id='word_1_188' title='bbox 1927 754 2001 772; x_wconf 86' lang='lat' dir='ltr'>mor-</span> 
     </span>
     <span class='ocr_line' id='line_1_16' title="bbox 417 780 2004 822; baseline -0.001 -10"><span class='ocrx_word' id='word_1_189' title='bbox 417 791 464 812; x_wconf 88' lang='lat' dir='ltr'>tuo</span> <span class='ocrx_word' id='word_1_190' title='bbox 484 786 597 822; x_wconf 70' lang='lat' dir='ltr'>pretioia</span> <span class='ocrx_word' id='word_1_191' title='bbox 612 786 696 814; x_wconf 87' lang='lat' dir='ltr'>multa</span> <span class='ocrx_word' id='word_1_192' title='bbox 709 787 894 822; x_wconf 74' lang='lat' dir='ltr'>injicerentur:</span> <span class='ocrx_word' id='word_1_193' title='bbox 916 785 942 813; x_wconf 91' lang='lat' dir='ltr'>id</span> <span class='ocrx_word' id='word_1_194' title='bbox 957 785 1029 822; x_wconf 88' lang='lat' dir='ltr'>quod</span> <span class='ocrx_word' id='word_1_195' title='bbox 1045 794 1077 812; x_wconf 87' lang='lat' dir='ltr'>ex</span> <span class='ocrx_word' id='word_1_196' title='bbox 1091 783 1222 820; x_wconf 70' lang='lat' dir='ltr'>plerisque</span> <span class='ocrx_word' id='word_1_197' title='bbox 1238 782 1336 819; x_wconf 70' lang='lat' dir='ltr'>Virgzln</span> <span class='ocrx_word' id='word_1_198' title='bbox 1350 782 1430 811; x_wconf 79' lang='lat' dir='ltr'>locis,</span> <span class='ocrx_word' id='word_1_199' title='bbox 1453 783 1479 808; x_wconf 71' lang='grc' dir='ltr'>δε</span> <span class='ocrx_word' id='word_1_200' title='bbox 1491 781 1575 807; x_wconf 72' lang='lat' dir='ltr'>Servit</span> <span class='ocrx_word' id='word_1_201' title='bbox 1590 780 1617 807; x_wconf 90' lang='lat' dir='ltr'>in</span> <span class='ocrx_word' id='word_1_202' title='bbox 1631 788 1694 806; x_wconf 88' lang='lat' dir='ltr'>eum</span> <span class='ocrx_word' id='word_1_203' title='bbox 1708 782 1911 809; x_wconf 84' lang='lat' dir='ltr'>commentariis</span> <span class='ocrx_word' id='word_1_204' title='bbox 1925 782 2004 811; x_wconf 85' lang='lat' dir='ltr'>intel-</span> 
     </span>
     <span class='ocr_line' id='line_1_17' title="bbox 415 818 2003 860; baseline -0.003 -11"><span class='ocrx_word' id='word_1_205' title='bbox 415 821 516 860; x_wconf 83' lang='lat' dir='ltr'>ligitur.</span> <span class='ocrx_word' id='word_1_206' title='bbox 558 825 679 853; x_wconf 81' lang='lat' dir='ltr'>Testatur</span> <span class='ocrx_word' id='word_1_207' title='bbox 693 833 784 852; x_wconf 82' lang='lat' dir='ltr'>autem</span> <span class='ocrx_word' id='word_1_208' title='bbox 799 824 951 852; x_wconf 75' lang='lat' dir='ltr'>Plutarchus</span> <span class='ocrx_word' id='word_1_209' title='bbox 966 826 992 851; x_wconf 62' lang='grc' dir='ltr'>ἃ</span> <span class='ocrx_word' id='word_1_210' title='bbox 1006 822 1064 854; x_wconf 90' lang='lat' dir='ltr'>alii,</span> <span class='ocrx_word' id='word_1_211' title='bbox 1085 824 1225 849; x_wconf 83' lang='lat' dir='ltr'>Romanos</span> <span class='ocrx_word' id='word_1_212' title='bbox 1238 822 1266 848; x_wconf 87' lang='lat' dir='ltr'>in</span> <span class='ocrx_word' id='word_1_213' title='bbox 1279 820 1357 848; x_wconf 89' lang='lat' dir='ltr'>rebus</span> <span class='ocrx_word' id='word_1_214' title='bbox 1370 820 1403 847; x_wconf 88' lang='lat' dir='ltr'>ad</span> <span class='ocrx_word' id='word_1_215' title='bbox 1417 818 1486 846; x_wconf 82' lang='lat' dir='ltr'>sacra</span> <span class='ocrx_word' id='word_1_216' title='bbox 1500 820 1526 847; x_wconf 84' lang='lat'>&amp;</span> <span class='ocrx_word' id='word_1_217' title='bbox 1540 818 1699 855; x_wconf 84' lang='lat' dir='ltr'>religionem</span> <span class='ocrx_word' id='word_1_218' title='bbox 1711 819 1919 854; x_wconf 84' lang='lat' dir='ltr'>pertinentibus,</span> <span class='ocrx_word' id='word_1_219' title='bbox 1940 830 2003 858; x_wconf 83' lang='lat' dir='ltr'>qua.</span> 
     </span>
     <span class='ocr_line' id='line_1_18' title="bbox 416 856 2003 896; baseline -0.003 -9"><span class='ocrx_word' id='word_1_220' title='bbox 416 860 460 896; x_wconf 64' lang='lat' dir='ltr'>lesj</span> <span class='ocrx_word' id='word_1_221' title='bbox 473 862 589 890; x_wconf 75' lang='lat' dir='ltr'>divorum</span> <span class='ocrx_word' id='word_1_222' title='bbox 602 863 718 890; x_wconf 81' lang='lat' dir='ltr'>manium</span> <span class='ocrx_word' id='word_1_223' title='bbox 731 862 838 891; x_wconf 87' lang='lat' dir='ltr'>fuerunt</span> <span class='ocrx_word' id='word_1_224' title='bbox 852 883 858 893; x_wconf 80' lang='grc'>,</span> <span class='ocrx_word' id='word_1_225' title='bbox 886 861 1042 889; x_wconf 84' lang='lat' dir='ltr'>mirabiliter</span> <span class='ocrx_word' id='word_1_226' title='bbox 1054 862 1145 889; x_wconf 83' lang='lat' dir='ltr'>anxios</span> <span class='ocrx_word' id='word_1_227' title='bbox 1158 881 1166 891; x_wconf 94' lang='lat'>,</span> <span class='ocrx_word' id='word_1_228' title='bbox 1195 863 1221 888; x_wconf 61' lang='grc' dir='ltr'>ὃς</span> <span class='ocrx_word' id='word_1_229' title='bbox 1237 859 1269 887; x_wconf 84' lang='lat' dir='ltr'>ad</span> <span class='ocrx_word' id='word_1_230' title='bbox 1282 858 1417 886; x_wconf 84' lang='lat' dir='ltr'>summam</span> <span class='ocrx_word' id='word_1_231' title='bbox 1433 856 1643 893; x_wconf 85' lang='lat' dir='ltr'>superstitionem</span> <span class='ocrx_word' id='word_1_232' title='bbox 1657 856 1785 884; x_wconf 60' lang='lat' dir='ltr'>adduetos</span> <span class='ocrx_word' id='word_1_233' title='bbox 1798 856 1880 884; x_wconf 73' lang='lat' dir='ltr'>fuisse.</span> <span class='ocrx_word' id='word_1_234' title='bbox 1920 859 2003 887; x_wconf 81' lang='lat' dir='ltr'>Addi-</span> 
     </span>
     <span class='ocr_line' id='line_1_19' title="bbox 416 894 2004 937; baseline -0.001 -11"><span class='ocrx_word' id='word_1_235' title='bbox 416 906 460 927; x_wconf 80' lang='lat' dir='ltr'>tur</span> <span class='ocrx_word' id='word_1_236' title='bbox 473 900 569 928; x_wconf 87' lang='lat' dir='ltr'>deinde</span> <span class='ocrx_word' id='word_1_237' title='bbox 582 902 719 937; x_wconf 74' lang='lat' dir='ltr'>exceptio,</span> <span class='ocrx_word' id='word_1_238' title='bbox 740 901 758 928; x_wconf 86' lang='lat' dir='ltr'>fi</span> <span class='ocrx_word' id='word_1_239' title='bbox 773 908 863 928; x_wconf 78' lang='lat' dir='ltr'>tamen</span> <span class='ocrx_word' id='word_1_240' title='bbox 879 901 936 936; x_wconf 82' lang='lat' dir='ltr'>quis</span> <span class='ocrx_word' id='word_1_241' title='bbox 950 901 1057 931; x_wconf 88' lang='lat' dir='ltr'>dentes,</span> <span class='ocrx_word' id='word_1_242' title='bbox 1077 900 1122 935; x_wconf 86' lang='lat' dir='ltr'>qui</span> <span class='ocrx_word' id='word_1_243' title='bbox 1137 898 1182 925; x_wconf 79' lang='lat' dir='ltr'>fibi</span> <span class='ocrx_word' id='word_1_244' title='bbox 1197 897 1365 928; x_wconf 73' lang='lat' dir='ltr'>excidissent,</span> <span class='ocrx_word' id='word_1_245' title='bbox 1386 902 1430 923; x_wconf 90' lang='lat' dir='ltr'>aut</span> <span class='ocrx_word' id='word_1_246' title='bbox 1445 894 1524 922; x_wconf 52' lang='lat' dir='ltr'>esulfi</span> <span class='ocrx_word' id='word_1_247' title='bbox 1538 894 1634 926; x_wconf 75' lang='lat' dir='ltr'>essent,</span> <span class='ocrx_word' id='word_1_248' title='bbox 1654 894 1902 928; x_wconf 83' lang='lat' dir='ltr'>auroincrustaffet,</span> <span class='ocrx_word' id='word_1_249' title='bbox 1923 896 2004 926; x_wconf 87' lang='lat' dir='ltr'>licere</span> 
     </span>
     <span class='ocr_line' id='line_1_20' title="bbox 418 931 1830 973; baseline -0.003 -9"><span class='ocrx_word' id='word_1_250' title='bbox 418 946 464 964; x_wconf 84' lang='lat' dir='ltr'>eos</span> <span class='ocrx_word' id='word_1_251' title='bbox 479 948 540 965; x_wconf 87' lang='lat' dir='ltr'>cum</span> <span class='ocrx_word' id='word_1_252' title='bbox 558 946 670 967; x_wconf 89' lang='lat' dir='ltr'>mortuo</span> <span class='ocrx_word' id='word_1_253' title='bbox 683 940 811 970; x_wconf 85' lang='lat' dir='ltr'>cremari,</span> <span class='ocrx_word' id='word_1_254' title='bbox 832 938 873 965; x_wconf 84' lang='lat' dir='ltr'>vel</span> <span class='ocrx_word' id='word_1_255' title='bbox 887 937 1005 973; x_wconf 79' lang='lat' dir='ltr'>sepeliri,</span> <span class='ocrx_word' id='word_1_256' title='bbox 1027 937 1081 963; x_wconf 87' lang='lat' dir='ltr'>fine</span> <span class='ocrx_word' id='word_1_257' title='bbox 1093 935 1201 963; x_wconf 87' lang='lat' dir='ltr'>fraude:</span> <span class='ocrx_word' id='word_1_258' title='bbox 1221 936 1272 963; x_wconf 90' lang='lat' dir='ltr'>hoc</span> <span class='ocrx_word' id='word_1_259' title='bbox 1286 936 1337 966; x_wconf 88' lang='lat' dir='ltr'>est,</span> <span class='ocrx_word' id='word_1_260' title='bbox 1358 943 1413 961; x_wconf 91' lang='lat' dir='ltr'>non</span> <span class='ocrx_word' id='word_1_261' title='bbox 1427 934 1531 970; x_wconf 83' lang='lat' dir='ltr'>peccari</span> <span class='ocrx_word' id='word_1_262' title='bbox 1548 942 1577 959; x_wconf 90' lang='lat' dir='ltr'>ea</span> <span class='ocrx_word' id='word_1_263' title='bbox 1594 942 1623 959; x_wconf 91' lang='lat' dir='ltr'>re</span> <span class='ocrx_word' id='word_1_264' title='bbox 1641 938 1736 959; x_wconf 83' lang='lat' dir='ltr'>contra</span> <span class='ocrx_word' id='word_1_265' title='bbox 1750 931 1830 970; x_wconf 86' lang='lat' dir='ltr'>leges.</span> 
     </span>
    </p>

    <p class='ocr_par' dir='ltr' id='par_1_9' title="bbox 416 969 2001 1046">
     <span class='ocr_line' id='line_1_21' title="bbox 459 969 2001 1015; baseline -0.003 -11"><span class='ocrx_word' id='word_1_266' title='bbox 459 975 510 1011; x_wconf 82' lang='lat' dir='ltr'>Ast</span> <span class='ocrx_word' id='word_1_267' title='bbox 530 976 590 1015; x_wconf 77' lang='lat' dir='ltr'>quoi</span> <span class='ocrx_word' id='word_1_268' title='bbox 603 987 663 1003; x_wconf 80' lang='lat' dir='ltr'>auro</span> <span class='ocrx_word' id='word_1_269' title='bbox 676 977 764 1003; x_wconf 71' lang='lat' dir='ltr'>dentes</span> <span class='ocrx_word' id='word_1_270' title='bbox 776 975 855 1004; x_wconf 71' lang='lat' dir='ltr'>rinc‘i‘i</span> <span class='ocrx_word' id='word_1_271' title='bbox 868 976 964 1010; x_wconf 61' lang='lat' dir='ltr'>eamn]</span> <span class='ocrx_word' id='word_1_272' title='bbox 993 975 1024 1002; x_wconf 88' lang='lat' dir='ltr'>Id</span> <span class='ocrx_word' id='word_1_273' title='bbox 1044 975 1098 1005; x_wconf 87' lang='lat' dir='ltr'>est,</span> <span class='ocrx_word' id='word_1_274' title='bbox 1118 974 1194 1010; x_wconf 83' lang='lat' dir='ltr'>cujus</span> <span class='ocrx_word' id='word_1_275' title='bbox 1208 973 1301 1002; x_wconf 87' lang='lat' dir='ltr'>dentes</span> <span class='ocrx_word' id='word_1_276' title='bbox 1312 993 1320 1004; x_wconf 93' lang='lat'>‚</span> <span class='ocrx_word' id='word_1_277' title='bbox 1340 972 1384 1009; x_wconf 89' lang='lat' dir='ltr'>qui</span> <span class='ocrx_word' id='word_1_278' title='bbox 1403 970 1440 998; x_wconf 89' lang='lat' dir='ltr'>illi</span> <span class='ocrx_word' id='word_1_279' title='bbox 1452 971 1593 1008; x_wconf 82' lang='lat' dir='ltr'>aliquando</span> <span class='ocrx_word' id='word_1_280' title='bbox 1608 969 1651 998; x_wconf 85' lang='lat' dir='ltr'>vel</span> <span class='ocrx_word' id='word_1_281' title='bbox 1665 970 1821 999; x_wconf 84' lang='lat' dir='ltr'>exciderunt</span> <span class='ocrx_word' id='word_1_282' title='bbox 1831 991 1839 1003; x_wconf 89' lang='lat'><em>‚</em></span> <span class='ocrx_word' id='word_1_283' title='bbox 1861 971 1903 999; x_wconf 87' lang='lat' dir='ltr'>vel</span> <span class='ocrx_word' id='word_1_284' title='bbox 1922 971 2001 1002; x_wconf 79' lang='lat' dir='ltr'>evulfi</span> 
     </span>
     <span class='ocr_line' id='line_1_22' title="bbox 416 1011 824 1046; baseline 0.005 -7"><span class='ocrx_word' id='word_1_285' title='bbox 416 1011 491 1046; x_wconf 88' lang='lat' dir='ltr'>sunt,</span> <span class='ocrx_word' id='word_1_286' title='bbox 511 1024 577 1042; x_wconf 85' lang='lat' dir='ltr'>auro</span> <span class='ocrx_word' id='word_1_287' title='bbox 592 1024 668 1043; x_wconf 86' lang='lat' dir='ltr'>erunt</span> <span class='ocrx_word' id='word_1_288' title='bbox 683 1015 824 1042; x_wconf 83' lang='lat' dir='ltr'>incrustati.</span> 
     </span>
    </p>

    <p class='ocr_par' dir='ltr' id='par_1_10' title="bbox 456 1053 821 1090">
     <span class='ocr_line' id='line_1_23' title="bbox 456 1053 821 1090; baseline 0.008 -13"><span class='ocrx_word' id='word_1_289' title='bbox 456 1053 549 1090; x_wconf 53' lang='lat' dir='ltr'>Qan]</span> <span class='ocrx_word' id='word_1_290' title='bbox 572 1055 622 1080; x_wconf 80' lang='lat' dir='ltr'>Pro</span> <span class='ocrx_word' id='word_1_291' title='bbox 634 1053 684 1082; x_wconf 83' lang='lat' dir='ltr'>cui,</span> <span class='ocrx_word' id='word_1_292' title='bbox 706 1054 821 1089; x_wconf 81' lang='lat' dir='ltr'>antique.</span> 
     </span>
    </p>

    <p class='ocr_par' dir='ltr' id='par_1_11' title="bbox 419 1084 2003 1166">
     <span class='ocr_line' id='line_1_24' title="bbox 455 1084 2003 1127; baseline 0.002 -13"><span class='ocrx_word' id='word_1_293' title='bbox 455 1092 494 1115; x_wconf 84' lang='lat' dir='ltr'>Im</span> <span class='ocrx_word' id='word_1_294' title='bbox 507 1099 562 1117; x_wconf 77' lang='lat' dir='ltr'>cum</span> <span class='ocrx_word' id='word_1_295' title='bbox 574 1090 615 1118; x_wconf 79' lang='lat' dir='ltr'>illo</span> <span class='ocrx_word' id='word_1_296' title='bbox 620 1090 739 1126; x_wconf 69' lang='lat' dir='ltr'>stpelire,</span> <span class='ocrx_word' id='word_1_297' title='bbox 760 1089 834 1125; x_wconf 58' lang='lat' dir='ltr'>&amp;al</span> <span class='ocrx_word' id='word_1_298' title='bbox 856 1090 886 1117; x_wconf 85' lang='lat' dir='ltr'>Id</span> <span class='ocrx_word' id='word_1_299' title='bbox 903 1089 953 1121; x_wconf 82' lang='lat' dir='ltr'>est,</span> <span class='ocrx_word' id='word_1_300' title='bbox 973 1089 1052 1117; x_wconf 88' lang='lat' dir='ltr'>licere</span> <span class='ocrx_word' id='word_1_301' title='bbox 1067 1097 1114 1125; x_wconf 90' lang='lat' dir='ltr'>per</span> <span class='ocrx_word' id='word_1_302' title='bbox 1127 1088 1232 1127; x_wconf 86' lang='lat' dir='ltr'>legem,</span> <span class='ocrx_word' id='word_1_303' title='bbox 1252 1098 1315 1117; x_wconf 87' lang='lat' dir='ltr'>eum</span> <span class='ocrx_word' id='word_1_304' title='bbox 1329 1087 1457 1119; x_wconf 87' lang='lat' dir='ltr'>dentem,</span> <span class='ocrx_word' id='word_1_305' title='bbox 1476 1084 1520 1114; x_wconf 88' lang='lat' dir='ltr'>vel</span> <span class='ocrx_word' id='word_1_306' title='bbox 1533 1094 1578 1113; x_wconf 85' lang='lat' dir='ltr'>cos</span> <span class='ocrx_word' id='word_1_307' title='bbox 1591 1085 1683 1113; x_wconf 87' lang='lat' dir='ltr'>dentes</span> <span class='ocrx_word' id='word_1_308' title='bbox 1693 1093 1755 1113; x_wconf 86' lang='lat' dir='ltr'>cum</span> <span class='ocrx_word' id='word_1_309' title='bbox 1765 1092 1876 1116; x_wconf 80' lang='lat' dir='ltr'>mortuo</span> <span class='ocrx_word' id='word_1_310' title='bbox 1884 1088 1939 1122; x_wconf 88' lang='lat' dir='ltr'>uri,</span> <span class='ocrx_word' id='word_1_311' title='bbox 1961 1088 2003 1120; x_wconf 78' lang='lat' dir='ltr'>vel</span> 
     </span>
     <span class='ocr_line' id='line_1_25' title="bbox 419 1126 1247 1166; baseline -0.001 -10"><span class='ocrx_word' id='word_1_312' title='bbox 419 1128 509 1156; x_wconf 82' lang='lat' dir='ltr'>condi.</span> <span class='ocrx_word' id='word_1_313' title='bbox 529 1132 567 1156; x_wconf 87' lang='lat' dir='ltr'>Im</span> <span class='ocrx_word' id='word_1_314' title='bbox 579 1139 630 1166; x_wconf 87' lang='lat' dir='ltr'>pro</span> <span class='ocrx_word' id='word_1_315' title='bbox 645 1139 720 1159; x_wconf 75' lang='lat' dir='ltr'>eum3</span> <span class='ocrx_word' id='word_1_316' title='bbox 734 1129 778 1163; x_wconf 79' lang='lat' dir='ltr'>se,</span> <span class='ocrx_word' id='word_1_317' title='bbox 797 1138 847 1166; x_wconf 89' lang='lat' dir='ltr'>pro</span> <span class='ocrx_word' id='word_1_318' title='bbox 860 1128 927 1158; x_wconf 82' lang='lat' dir='ltr'>fine,</span> <span class='ocrx_word' id='word_1_319' title='bbox 947 1126 1071 1165; x_wconf 78' lang='lat' dir='ltr'>antique,</span> <span class='ocrx_word' id='word_1_320' title='bbox 1092 1128 1156 1155; x_wconf 90' lang='lat' dir='ltr'>teste</span> <span class='ocrx_word' id='word_1_321' title='bbox 1170 1126 1247 1165; x_wconf 77' lang='lat' dir='ltr'>Festo.</span> 
     </span>
    </p>
   </div>
   <div class='ocr_carea' id='block_1_7' title="bbox 519 1186 1907 1287">
    <p class='ocr_par' dir='ltr' id='par_1_12' title="bbox 519 1186 1907 1287">
     <span class='ocr_line' id='line_1_26' title="bbox 519 1186 1907 1239; baseline 0.001 -17"><span class='ocrx_word' id='word_1_322' title='bbox 519 1191 614 1226; x_wconf 87' lang='lat' dir='ltr'><em>XII.</em></span> <span class='ocrx_word' id='word_1_323' title='bbox 643 1193 758 1238; x_wconf 82' lang='lat' dir='ltr'>Rogum</span> <span class='ocrx_word' id='word_1_324' title='bbox 772 1189 924 1237; x_wconf 79' lang='lat' dir='ltr'>bustumve</span> <span class='ocrx_word' id='word_1_325' title='bbox 940 1202 1053 1224; x_wconf 83' lang='lat' dir='ltr'>novum</span> <span class='ocrx_word' id='word_1_326' title='bbox 1069 1201 1107 1222; x_wconf 86' lang='lat' dir='ltr'>ne</span> <span class='ocrx_word' id='word_1_327' title='bbox 1114 1191 1240 1239; x_wconf 78' lang='lat' dir='ltr'>propius</span> <span class='ocrx_word' id='word_1_328' title='bbox 1256 1187 1328 1224; x_wconf 78' lang='lat' dir='ltr'>aedes</span> <span class='ocrx_word' id='word_1_329' title='bbox 1343 1189 1460 1222; x_wconf 83' lang='lat' dir='ltr'>alienas</span> <span class='ocrx_word' id='word_1_330' title='bbox 1478 1189 1551 1222; x_wconf 88' lang='lat' dir='ltr'>LX.</span> <span class='ocrx_word' id='word_1_331' title='bbox 1562 1186 1655 1236; x_wconf 82' lang='lat' dir='ltr'>pedes</span> <span class='ocrx_word' id='word_1_332' title='bbox 1670 1188 1768 1221; x_wconf 82' lang='lat' dir='ltr'>invito</span> <span class='ocrx_word' id='word_1_333' title='bbox 1783 1187 1907 1223; x_wconf 83' lang='lat' dir='ltr'>domino</span> 
     </span>
     <span class='ocr_line' id='line_1_27' title="bbox 745 1236 1674 1287; baseline -0.004 -15"><span class='ocrx_word' id='word_1_334' title='bbox 745 1239 892 1287; x_wconf 79' lang='lat' dir='ltr'>adjicito:</span> <span class='ocrx_word' id='word_1_335' title='bbox 919 1252 994 1272; x_wconf 84' lang='lat' dir='ltr'>neve</span> <span class='ocrx_word' id='word_1_336' title='bbox 1003 1239 1110 1283; x_wconf 82' lang='lat' dir='ltr'>forum</span> <span class='ocrx_word' id='word_1_337' title='bbox 1116 1236 1270 1286; x_wconf 82' lang='lat' dir='ltr'>sepulchri</span> <span class='ocrx_word' id='word_1_338' title='bbox 1279 1263 1288 1279; x_wconf 87' lang='lat'>,</span> <span class='ocrx_word' id='word_1_339' title='bbox 1313 1236 1487 1282; x_wconf 80' lang='lat' dir='ltr'>bustumve,</span> <span class='ocrx_word' id='word_1_340' title='bbox 1513 1238 1674 1283; x_wconf 77' lang='lat' dir='ltr'>usucapito.</span> 
     </span>
    </p>
   </div>
   <div class='ocr_carea' id='block_1_8' title="bbox 416 1298 2005 1836">
    <p class='ocr_par' dir='ltr' id='par_1_13' title="bbox 416 1298 2005 1491">
     <span class='ocr_line' id='line_1_28' title="bbox 456 1298 2005 1340; baseline 0 -12"><span class='ocrx_word' id='word_1_341' title='bbox 456 1299 592 1329; x_wconf 70' lang='lat' dir='ltr'>Sententia</span> <span class='ocrx_word' id='word_1_342' title='bbox 609 1303 675 1340; x_wconf 86' lang='lat' dir='ltr'>legis</span> <span class='ocrx_word' id='word_1_343' title='bbox 693 1303 769 1339; x_wconf 81' lang='lat' dir='ltr'>plana</span> <span class='ocrx_word' id='word_1_344' title='bbox 785 1304 830 1330; x_wconf 85' lang='lat' dir='ltr'>est.</span> <span class='ocrx_word' id='word_1_345' title='bbox 873 1307 951 1339; x_wconf 60' lang='grc' dir='ltr'>Ῑζγνα,</span> <span class='ocrx_word' id='word_1_346' title='bbox 973 1302 1059 1339; x_wconf 84' lang='lat' dir='ltr'>inquit</span> <span class='ocrx_word' id='word_1_347' title='bbox 1072 1299 1190 1332; x_wconf 66' lang='lat' dir='ltr'>Servius,</span> <span class='ocrx_word' id='word_1_348' title='bbox 1211 1301 1248 1328; x_wconf 90' lang='lat' dir='ltr'>est</span> <span class='ocrx_word' id='word_1_349' title='bbox 1261 1300 1386 1338; x_wconf 84' lang='lat' dir='ltr'>lignorum</span> <span class='ocrx_word' id='word_1_350' title='bbox 1401 1298 1532 1337; x_wconf 79' lang='lat' dir='ltr'>congeries.</span> <span class='ocrx_word' id='word_1_351' title='bbox 1571 1303 1670 1335; x_wconf 70' lang='lat' dir='ltr'><em>Rogas,</em></span> <span class='ocrx_word' id='word_1_352' title='bbox 1689 1308 1751 1327; x_wconf 90' lang='lat' dir='ltr'>curn</span> <span class='ocrx_word' id='word_1_353' title='bbox 1767 1300 1860 1328; x_wconf 83' lang='lat' dir='ltr'>ardere</span> <span class='ocrx_word' id='word_1_354' title='bbox 1875 1300 2005 1337; x_wconf 55' lang='lat' dir='ltr'>coeperitj</span> 
     </span>
     <span class='ocr_line' id='line_1_29' title="bbox 416 1336 2003 1377; baseline -0.003 -11"><span class='ocrx_word' id='word_1_355' title='bbox 416 1339 522 1368; x_wconf 85' lang='lat' dir='ltr'>dicitur.</span> <span class='ocrx_word' id='word_1_356' title='bbox 542 1339 648 1377; x_wconf 82' lang='lat' dir='ltr'>Bustum</span> <span class='ocrx_word' id='word_1_357' title='bbox 662 1352 727 1370; x_wconf 87' lang='lat' dir='ltr'>vero</span> <span class='ocrx_word' id='word_1_358' title='bbox 740 1342 796 1376; x_wconf 83' lang='lat' dir='ltr'>jam</span> <span class='ocrx_word' id='word_1_359' title='bbox 811 1342 932 1369; x_wconf 79' lang='lat' dir='ltr'>exustum</span> <span class='ocrx_word' id='word_1_360' title='bbox 946 1349 1070 1371; x_wconf 84' lang='lat' dir='ltr'>vocatur,</span> <span class='ocrx_word' id='word_1_361' title='bbox 1091 1339 1161 1376; x_wconf 82' lang='lat' dir='ltr'>quafi</span> <span class='ocrx_word' id='word_1_362' title='bbox 1173 1339 1241 1366; x_wconf 89' lang='lat' dir='ltr'>bene</span> <span class='ocrx_word' id='word_1_363' title='bbox 1256 1340 1353 1366; x_wconf 86' lang='lat' dir='ltr'>ustum.</span> <span class='ocrx_word' id='word_1_364' title='bbox 1374 1336 1480 1375; x_wconf 85' lang='lat' dir='ltr'>Bustum</span> <span class='ocrx_word' id='word_1_365' title='bbox 1495 1346 1586 1365; x_wconf 82' lang='lat' dir='ltr'>tamen</span> <span class='ocrx_word' id='word_1_366' title='bbox 1599 1337 1790 1374; x_wconf 71' lang='lat' dir='ltr'>proftpulchro,</span> <span class='ocrx_word' id='word_1_367' title='bbox 1810 1339 1837 1366; x_wconf 88' lang='lat' dir='ltr'>in</span> <span class='ocrx_word' id='word_1_368' title='bbox 1845 1347 1900 1375; x_wconf 90' lang='lat' dir='ltr'>quo</span> <span class='ocrx_word' id='word_1_369' title='bbox 1908 1339 2003 1368; x_wconf 77' lang='lat' dir='ltr'>huma.</span> 
     </span>
     <span class='ocr_line' id='line_1_30' title="bbox 417 1375 2002 1417; baseline 0.001 -13"><span class='ocrx_word' id='word_1_370' title='bbox 417 1382 458 1404; x_wconf 81' lang='lat' dir='ltr'>tus</span> <span class='ocrx_word' id='word_1_371' title='bbox 473 1379 531 1415; x_wconf 86' lang='lat' dir='ltr'>quis</span> <span class='ocrx_word' id='word_1_372' title='bbox 544 1380 594 1412; x_wconf 88' lang='lat' dir='ltr'>est,</span> <span class='ocrx_word' id='word_1_373' title='bbox 616 1380 629 1406; x_wconf 70' lang='lat' dir='ltr'>a</span> <span class='ocrx_word' id='word_1_374' title='bbox 647 1380 705 1417; x_wconf 86' lang='lat' dir='ltr'>lege</span> <span class='ocrx_word' id='word_1_375' title='bbox 718 1379 846 1416; x_wconf 84' lang='lat' dir='ltr'>usurpari,</span> <span class='ocrx_word' id='word_1_376' title='bbox 867 1387 896 1407; x_wconf 91' lang='lat' dir='ltr'>ut</span> <span class='ocrx_word' id='word_1_377' title='bbox 910 1379 963 1407; x_wconf 90' lang='lat' dir='ltr'>hoc</span> <span class='ocrx_word' id='word_1_378' title='bbox 974 1385 1136 1416; x_wconf 82' lang='lat' dir='ltr'>argumento</span> <span class='ocrx_word' id='word_1_379' title='bbox 1149 1377 1198 1404; x_wconf 91' lang='lat' dir='ltr'>est:</span> <span class='ocrx_word' id='word_1_380' title='bbox 1218 1378 1338 1414; x_wconf 85' lang='lat' dir='ltr'>primum</span> <span class='ocrx_word' id='word_1_381' title='bbox 1350 1397 1357 1408; x_wconf 92' lang='lat'>,</span> <span class='ocrx_word' id='word_1_382' title='bbox 1378 1376 1450 1412; x_wconf 90' lang='lat' dir='ltr'>quod</span> <span class='ocrx_word' id='word_1_383' title='bbox 1464 1385 1527 1404; x_wconf 89' lang='lat' dir='ltr'>cum</span> <span class='ocrx_word' id='word_1_384' title='bbox 1541 1376 1574 1403; x_wconf 82' lang='lat' dir='ltr'>de</span> <span class='ocrx_word' id='word_1_385' title='bbox 1587 1375 1639 1402; x_wconf 86' lang='lat' dir='ltr'>loci</span> <span class='ocrx_word' id='word_1_386' title='bbox 1653 1376 1792 1404; x_wconf 87' lang='lat' dir='ltr'>intervallo</span> <span class='ocrx_word' id='word_1_387' title='bbox 1805 1384 1911 1409; x_wconf 83' lang='lat' dir='ltr'>caveat,</span> <span class='ocrx_word' id='word_1_388' title='bbox 1931 1378 2002 1406; x_wconf 91' lang='lat' dir='ltr'>aliud</span> 
     </span>
     <span class='ocr_line' id='line_1_31' title="bbox 416 1413 2002 1454; baseline 0.001 -13"><span class='ocrx_word' id='word_1_389' title='bbox 416 1415 468 1442; x_wconf 82' lang='lat' dir='ltr'>effe</span> <span class='ocrx_word' id='word_1_390' title='bbox 487 1426 573 1453; x_wconf 78' lang='lat' dir='ltr'>rogum</span> <span class='ocrx_word' id='word_1_391' title='bbox 592 1418 758 1446; x_wconf 89' lang='lat' dir='ltr'>demonstret</span> <span class='ocrx_word' id='word_1_392' title='bbox 770 1439 777 1449; x_wconf 91' lang='lat'>,</span> <span class='ocrx_word' id='word_1_393' title='bbox 798 1418 868 1446; x_wconf 89' lang='lat' dir='ltr'>aliud</span> <span class='ocrx_word' id='word_1_394' title='bbox 886 1416 997 1454; x_wconf 81' lang='lat' dir='ltr'>bustum,</span> <span class='ocrx_word' id='word_1_395' title='bbox 1017 1416 1070 1444; x_wconf 90' lang='lat' dir='ltr'>five</span> <span class='ocrx_word' id='word_1_396' title='bbox 1090 1421 1185 1451; x_wconf 64' lang='grc' dir='ltr'><strong><em>τύμξω.</em></strong></span> <span class='ocrx_word' id='word_1_397' title='bbox 1226 1417 1314 1451; x_wconf 82' lang='lat' dir='ltr'>Atque</span> <span class='ocrx_word' id='word_1_398' title='bbox 1334 1421 1363 1441; x_wconf 92' lang='lat' dir='ltr'>ut</span> <span class='ocrx_word' id='word_1_399' title='bbox 1383 1414 1410 1441; x_wconf 91' lang='lat' dir='ltr'>in</span> <span class='ocrx_word' id='word_1_400' title='bbox 1429 1415 1502 1451; x_wconf 86' lang='lat' dir='ltr'>rogis</span> <span class='ocrx_word' id='word_1_401' title='bbox 1520 1414 1676 1441; x_wconf 85' lang='lat' dir='ltr'>incendium</span> <span class='ocrx_word' id='word_1_402' title='bbox 1696 1413 1739 1441; x_wconf 87' lang='lat' dir='ltr'>lex</span> <span class='ocrx_word' id='word_1_403' title='bbox 1759 1415 1897 1442; x_wconf 83' lang='lat' dir='ltr'>verebatur</span> <span class='ocrx_word' id='word_1_404' title='bbox 1916 1416 2002 1453; x_wconf 87' lang='lat' dir='ltr'>(quod</span> 
     </span>
     <span class='ocr_line' id='line_1_32' title="bbox 418 1451 1871 1491; baseline 0.001 -12"><span class='ocrx_word' id='word_1_405' title='bbox 418 1453 517 1481; x_wconf 67' lang='lat' dir='ltr'>Tullius</span> <span class='ocrx_word' id='word_1_406' title='bbox 528 1456 679 1491; x_wconf 81' lang='lat' dir='ltr'>annotavit)</span> <span class='ocrx_word' id='word_1_407' title='bbox 696 1456 730 1484; x_wconf 75' lang='lat' dir='ltr'>sic</span> <span class='ocrx_word' id='word_1_408' title='bbox 746 1456 772 1483; x_wconf 90' lang='lat' dir='ltr'>in</span> <span class='ocrx_word' id='word_1_409' title='bbox 786 1456 865 1484; x_wconf 83' lang='lat' dir='ltr'>bustis</span> <span class='ocrx_word' id='word_1_410' title='bbox 879 1462 979 1483; x_wconf 82' lang='lat' dir='ltr'>tetrum</span> <span class='ocrx_word' id='word_1_411' title='bbox 996 1455 1156 1483; x_wconf 86' lang='lat' dir='ltr'>cadaverum</span> <span class='ocrx_word' id='word_1_412' title='bbox 1170 1454 1300 1484; x_wconf 87' lang='lat' dir='ltr'>odorem,</span> <span class='ocrx_word' id='word_1_413' title='bbox 1322 1455 1348 1480; x_wconf 87' lang='lat'>&amp;</span> <span class='ocrx_word' id='word_1_414' title='bbox 1361 1452 1429 1478; x_wconf 73' lang='lat' dir='ltr'>aeris</span> <span class='ocrx_word' id='word_1_415' title='bbox 1442 1451 1619 1487; x_wconf 82' lang='lat' dir='ltr'>pestilentiam</span> <span class='ocrx_word' id='word_1_416' title='bbox 1632 1460 1727 1478; x_wconf 76' lang='lat' dir='ltr'>cavere</span> <span class='ocrx_word' id='word_1_417' title='bbox 1741 1454 1871 1488; x_wconf 85' lang='lat' dir='ltr'>oportuit.</span> 
     </span>
    </p>

    <p class='ocr_par' dir='ltr' id='par_1_14' title="bbox 455 1488 1640 1529">
     <span class='ocr_line' id='line_1_33' title="bbox 455 1488 1640 1529; baseline 0.006 -21"><span class='ocrx_word' id='word_1_418' title='bbox 455 1493 643 1527; x_wconf 71' lang='lat' dir='ltr'>Nevefhrum.]</span> <span class='ocrx_word' id='word_1_419' title='bbox 666 1497 727 1521; x_wconf 69' lang='lat' dir='ltr'>Hoc</span> <span class='ocrx_word' id='word_1_420' title='bbox 743 1495 828 1529; x_wconf 85' lang='lat' dir='ltr'>capite</span> <span class='ocrx_word' id='word_1_421' title='bbox 842 1495 881 1521; x_wconf 71' lang='lat' dir='ltr'>lex</span> <span class='ocrx_word' id='word_1_422' title='bbox 896 1501 971 1520; x_wconf 63' lang='lat' dir='ltr'>cavet</span> <span class='ocrx_word' id='word_1_423' title='bbox 985 1493 1114 1527; x_wconf 64' lang='lat' dir='ltr'>nefor-um</span> <span class='ocrx_word' id='word_1_424' title='bbox 1128 1491 1273 1527; x_wconf 87' lang='lat' dir='ltr'>sepulchri,</span> <span class='ocrx_word' id='word_1_425' title='bbox 1293 1488 1424 1525; x_wconf 76' lang='lat' dir='ltr'>bustumve</span> <span class='ocrx_word' id='word_1_426' title='bbox 1438 1488 1540 1524; x_wconf 86' lang='lat' dir='ltr'>usucapi</span> <span class='ocrx_word' id='word_1_427' title='bbox 1554 1488 1640 1516; x_wconf 88' lang='lat' dir='ltr'>liceat.</span> 
     </span>
    </p>

    <p class='ocr_par' dir='ltr' id='par_1_15' title="bbox 418 1524 2003 1643">
     <span class='ocr_line' id='line_1_34' title="bbox 457 1524 2002 1567; baseline -0.001 -13"><span class='ocrx_word' id='word_1_428' title='bbox 457 1530 575 1565; x_wconf 67' lang='lat' dir='ltr'>Forum]</span> <span class='ocrx_word' id='word_1_429' title='bbox 604 1529 702 1566; x_wconf 71' lang='lat' dir='ltr'>Faestm,</span> <span class='ocrx_word' id='word_1_430' title='bbox 721 1533 844 1567; x_wconf 80' lang='lat' dir='ltr'>antiquos</span> <span class='ocrx_word' id='word_1_431' title='bbox 863 1531 890 1558; x_wconf 89' lang='lat' dir='ltr'>id</span> <span class='ocrx_word' id='word_1_432' title='bbox 899 1530 985 1565; x_wconf 79' lang='lat' dir='ltr'>forum</span> <span class='ocrx_word' id='word_1_433' title='bbox 998 1529 1134 1567; x_wconf 75' lang='lat' dir='ltr'>appellalle</span> <span class='ocrx_word' id='word_1_434' title='bbox 1148 1529 1242 1559; x_wconf 82' lang='lat' dir='ltr'>tradit,</span> <span class='ocrx_word' id='word_1_435' title='bbox 1263 1527 1337 1564; x_wconf 90' lang='lat' dir='ltr'>quod</span> <span class='ocrx_word' id='word_1_436' title='bbox 1351 1535 1422 1553; x_wconf 90' lang='lat' dir='ltr'>nunc</span> <span class='ocrx_word' id='word_1_437' title='bbox 1434 1525 1582 1563; x_wconf 65' lang='lat' dir='ltr'>vestibulum</span> <span class='ocrx_word' id='word_1_438' title='bbox 1591 1524 1714 1559; x_wconf 72' lang='lat' dir='ltr'>ftpulchri</span> <span class='ocrx_word' id='word_1_439' title='bbox 1726 1527 1779 1554; x_wconf 91' lang='lat' dir='ltr'>dici</span> <span class='ocrx_word' id='word_1_440' title='bbox 1793 1525 1868 1554; x_wconf 85' lang='lat' dir='ltr'>solet.</span> <span class='ocrx_word' id='word_1_441' title='bbox 1908 1529 1948 1555; x_wconf 89' lang='lat' dir='ltr'>Ac</span> <span class='ocrx_word' id='word_1_442' title='bbox 1968 1528 2002 1556; x_wconf 75' lang='lat' dir='ltr'>de</span> 
     </span>
     <span class='ocr_line' id='line_1_35' title="bbox 419 1563 2003 1605; baseline 0.001 -13"><span class='ocrx_word' id='word_1_443' title='bbox 419 1565 548 1594; x_wconf 83' lang='lat' dir='ltr'>vestibulo</span> <span class='ocrx_word' id='word_1_444' title='bbox 563 1569 673 1604; x_wconf 84' lang='lat' dir='ltr'>quidem</span> <span class='ocrx_word' id='word_1_445' title='bbox 686 1589 692 1599; x_wconf 92' lang='lat'><em>‚</em></span> <span class='ocrx_word' id='word_1_446' title='bbox 717 1569 873 1605; x_wconf 85' lang='lat' dir='ltr'>ambituque</span> <span class='ocrx_word' id='word_1_447' title='bbox 892 1568 1091 1604; x_wconf 83' lang='lat' dir='ltr'>sepulchrorum</span> <span class='ocrx_word' id='word_1_448' title='bbox 1104 1566 1168 1604; x_wconf 86' lang='lat' dir='ltr'>legis</span> <span class='ocrx_word' id='word_1_449' title='bbox 1182 1567 1251 1594; x_wconf 90' lang='lat' dir='ltr'>ratio</span> <span class='ocrx_word' id='word_1_450' title='bbox 1265 1564 1400 1602; x_wconf 85' lang='lat' dir='ltr'>perspicua</span> <span class='ocrx_word' id='word_1_451' title='bbox 1417 1564 1454 1591; x_wconf 90' lang='lat' dir='ltr'>est</span> <span class='ocrx_word' id='word_1_452' title='bbox 1467 1575 1472 1590; x_wconf 90' lang='lat'>:</span> <span class='ocrx_word' id='word_1_453' title='bbox 1498 1572 1528 1591; x_wconf 91' lang='lat' dir='ltr'>ut</span> <span class='ocrx_word' id='word_1_454' title='bbox 1542 1563 1641 1591; x_wconf 86' lang='lat' dir='ltr'>scilicet</span> <span class='ocrx_word' id='word_1_455' title='bbox 1654 1565 1767 1598; x_wconf 81' lang='lat' dir='ltr'>potestas</span> <span class='ocrx_word' id='word_1_456' title='bbox 1781 1564 1844 1591; x_wconf 77' lang='lat' dir='ltr'>ess&#39;et</span> <span class='ocrx_word' id='word_1_457' title='bbox 1857 1563 2003 1594; x_wconf 71' lang='lat' dir='ltr'>haeredibus</span> 
     </span>
     <span class='ocr_line' id='line_1_36' title="bbox 418 1603 972 1643; baseline 0.004 -13"><span class='ocrx_word' id='word_1_458' title='bbox 418 1603 639 1643; x_wconf 28' lang='lat' dir='ltr'>justa-quotannis</span> <span class='ocrx_word' id='word_1_459' title='bbox 651 1606 683 1634; x_wconf 90' lang='lat' dir='ltr'>ad</span> <span class='ocrx_word' id='word_1_460' title='bbox 697 1605 862 1642; x_wconf 86' lang='lat' dir='ltr'>sepulchrum</span> <span class='ocrx_word' id='word_1_461' title='bbox 878 1605 972 1633; x_wconf 86' lang='lat' dir='ltr'>facere.</span> 
     </span>
    </p>

    <p class='ocr_par' dir='ltr' id='par_1_16' title="bbox 417 1637 2004 1836">
     <span class='ocr_line' id='line_1_37' title="bbox 460 1637 2003 1681; baseline 0.001 -13"><span class='ocrx_word' id='word_1_462' title='bbox 460 1645 543 1669; x_wconf 66' lang='lat' dir='ltr'>Cicero</span> <span class='ocrx_word' id='word_1_463' title='bbox 564 1643 675 1680; x_wconf 69' lang='lat' dir='ltr'>Philipp⁴</span> <span class='ocrx_word' id='word_1_464' title='bbox 694 1655 718 1680; x_wconf 89' lang='lat'>9.</span> <span class='ocrx_word' id='word_1_465' title='bbox 748 1646 882 1681; x_wconf 84' lang='lat' dir='ltr'>Majores,</span> <span class='ocrx_word' id='word_1_466' title='bbox 903 1644 1003 1680; x_wconf 88' lang='lat' dir='ltr'>inquit,</span> <span class='ocrx_word' id='word_1_467' title='bbox 1024 1642 1106 1669; x_wconf 83' lang='lat' dir='ltr'>nostri</span> <span class='ocrx_word' id='word_1_468' title='bbox 1118 1640 1219 1677; x_wconf 66' lang='lat' dir='ltr'>statuat</span> <span class='ocrx_word' id='word_1_469' title='bbox 1239 1640 1331 1668; x_wconf 83' lang='lat' dir='ltr'>multis</span> <span class='ocrx_word' id='word_1_470' title='bbox 1350 1639 1543 1670; x_wconf 84' lang='lat' dir='ltr'>decreverunt,</span> <span class='ocrx_word' id='word_1_471' title='bbox 1561 1637 1690 1673; x_wconf 72' lang='lat' dir='ltr'>sepulchra</span> <span class='ocrx_word' id='word_1_472' title='bbox 1709 1640 1808 1675; x_wconf 81' lang='lat' dir='ltr'>paucis.</span> <span class='ocrx_word' id='word_1_473' title='bbox 1848 1640 1898 1668; x_wconf 89' lang='lat' dir='ltr'>Sed</span> <span class='ocrx_word' id='word_1_474' title='bbox 1913 1640 2003 1676; x_wconf 70' lang='lat' dir='ltr'>statua</span> 
     </span>
     <span class='ocr_line' id='line_1_38' title="bbox 419 1675 2001 1718; baseline 0 -11"><span class='ocrx_word' id='word_1_475' title='bbox 419 1679 548 1708; x_wconf 74' lang='lat' dir='ltr'>inteream</span> <span class='ocrx_word' id='word_1_476' title='bbox 562 1683 731 1718; x_wconf 83' lang='lat' dir='ltr'>tempestate,</span> <span class='ocrx_word' id='word_1_477' title='bbox 753 1684 793 1715; x_wconf 93' lang='lat' dir='ltr'>vi,</span> <span class='ocrx_word' id='word_1_478' title='bbox 815 1683 955 1711; x_wconf 82' lang='lat' dir='ltr'>vetustate:</span> <span class='ocrx_word' id='word_1_479' title='bbox 968 1680 1153 1716; x_wconf 75' lang='lat' dir='ltr'>ftpulchrorum</span> <span class='ocrx_word' id='word_1_480' title='bbox 1168 1687 1259 1708; x_wconf 88' lang='lat' dir='ltr'>autem</span> <span class='ocrx_word' id='word_1_481' title='bbox 1268 1675 1392 1712; x_wconf 64' lang='lat' dir='ltr'>sizndittaa</span> <span class='ocrx_word' id='word_1_482' title='bbox 1407 1677 1434 1704; x_wconf 88' lang='lat' dir='ltr'>in</span> <span class='ocrx_word' id='word_1_483' title='bbox 1450 1676 1507 1713; x_wconf 89' lang='lat' dir='ltr'>ipso</span> <span class='ocrx_word' id='word_1_484' title='bbox 1521 1676 1579 1704; x_wconf 78' lang='lat' dir='ltr'>solo</span> <span class='ocrx_word' id='word_1_485' title='bbox 1593 1677 1630 1704; x_wconf 89' lang='lat' dir='ltr'>est</span> <span class='ocrx_word' id='word_1_486' title='bbox 1640 1697 1647 1708; x_wconf 88' lang='lat'>,</span> <span class='ocrx_word' id='word_1_487' title='bbox 1668 1678 1739 1714; x_wconf 88' lang='lat' dir='ltr'>quod</span> <span class='ocrx_word' id='word_1_488' title='bbox 1754 1677 1825 1706; x_wconf 86' lang='lat' dir='ltr'>nulla</span> <span class='ocrx_word' id='word_1_489' title='bbox 1839 1678 1865 1705; x_wconf 85' lang='lat' dir='ltr'>vi</span> <span class='ocrx_word' id='word_1_490' title='bbox 1881 1681 2001 1714; x_wconf 88' lang='lat' dir='ltr'>moveri,</span> 
     </span>
     <span class='ocr_line' id='line_1_39' title="bbox 419 1715 2003 1758; baseline -0.001 -11"><span class='ocrx_word' id='word_1_491' title='bbox 419 1728 504 1756; x_wconf 89' lang='lat' dir='ltr'>neque</span> <span class='ocrx_word' id='word_1_492' title='bbox 520 1719 602 1748; x_wconf 90' lang='lat' dir='ltr'>deleri</span> <span class='ocrx_word' id='word_1_493' title='bbox 612 1721 706 1758; x_wconf 90' lang='lat' dir='ltr'>potest.</span> <span class='ocrx_word' id='word_1_494' title='bbox 747 1722 835 1758; x_wconf 87' lang='lat' dir='ltr'>Atque</span> <span class='ocrx_word' id='word_1_495' title='bbox 845 1721 970 1749; x_wconf 62' lang='lat' dir='ltr'>hanstenm</span> <span class='ocrx_word' id='word_1_496' title='bbox 985 1720 1015 1746; x_wconf 80' lang='lat' dir='ltr'>de</span> <span class='ocrx_word' id='word_1_497' title='bbox 1027 1717 1120 1756; x_wconf 72' lang='lat' dir='ltr'>legibus</span> <span class='ocrx_word' id='word_1_498' title='bbox 1132 1738 1139 1748; x_wconf 82' lang='lat'>‚</span> <span class='ocrx_word' id='word_1_499' title='bbox 1166 1727 1223 1755; x_wconf 81' lang='lat' dir='ltr'>quae</span> <span class='ocrx_word' id='word_1_500' title='bbox 1237 1718 1269 1745; x_wconf 86' lang='lat' dir='ltr'>ad</span> <span class='ocrx_word' id='word_1_501' title='bbox 1286 1715 1354 1743; x_wconf 81' lang='lat' dir='ltr'>sacra</span> <span class='ocrx_word' id='word_1_502' title='bbox 1367 1716 1511 1755; x_wconf 82' lang='lat' dir='ltr'>pertinent,</span> <span class='ocrx_word' id='word_1_503' title='bbox 1529 1722 1660 1755; x_wconf 85' lang='lat' dir='ltr'>quantum</span> <span class='ocrx_word' id='word_1_504' title='bbox 1676 1716 1786 1752; x_wconf 86' lang='lat' dir='ltr'>quidem</span> <span class='ocrx_word' id='word_1_505' title='bbox 1800 1715 1933 1753; x_wconf 85' lang='lat' dir='ltr'>reliquum</span> <span class='ocrx_word' id='word_1_506' title='bbox 1949 1718 1985 1745; x_wconf 89' lang='lat' dir='ltr'>est</span> <span class='ocrx_word' id='word_1_507' title='bbox 1995 1738 2003 1750; x_wconf 94' lang='lat'>,</span> 
     </span>
     <span class='ocr_line' id='line_1_40' title="bbox 417 1752 2004 1795; baseline 0 -10"><span class='ocrx_word' id='word_1_508' title='bbox 417 1758 549 1786; x_wconf 84' lang='lat' dir='ltr'>diximus:</span> <span class='ocrx_word' id='word_1_509' title='bbox 571 1760 599 1786; x_wconf 94' lang='lat' dir='ltr'>in</span> <span class='ocrx_word' id='word_1_510' title='bbox 612 1759 705 1795; x_wconf 87' lang='lat' dir='ltr'>quibus</span> <span class='ocrx_word' id='word_1_511' title='bbox 718 1758 773 1786; x_wconf 73' lang='lat' dir='ltr'>fere</span> <span class='ocrx_word' id='word_1_512' title='bbox 786 1760 895 1790; x_wconf 84' lang='lat' dir='ltr'>omnes,</span> <span class='ocrx_word' id='word_1_513' title='bbox 915 1758 1060 1795; x_wconf 78' lang='lat' dir='ltr'>praeserrirn</span> <span class='ocrx_word' id='word_1_514' title='bbox 1075 1766 1125 1788; x_wconf 86' lang='lat' dir='ltr'>eae,</span> <span class='ocrx_word' id='word_1_515' title='bbox 1146 1765 1204 1793; x_wconf 83' lang='lat' dir='ltr'>quae</span> <span class='ocrx_word' id='word_1_516' title='bbox 1214 1754 1385 1791; x_wconf 61' lang='lat' dir='ltr'>desbpulchru</span> <span class='ocrx_word' id='word_1_517' title='bbox 1399 1752 1439 1785; x_wconf 58' lang='grc' dir='ltr'>ἐς</span> <span class='ocrx_word' id='word_1_518' title='bbox 1446 1752 1579 1789; x_wconf 65' lang='lat' dir='ltr'>funeribus</span> <span class='ocrx_word' id='word_1_519' title='bbox 1592 1752 1754 1790; x_wconf 88' lang='lat' dir='ltr'>loquuntur,</span> <span class='ocrx_word' id='word_1_520' title='bbox 1775 1763 1866 1783; x_wconf 75' lang='lat' dir='ltr'>extant</span> <span class='ocrx_word' id='word_1_521' title='bbox 1880 1755 1908 1783; x_wconf 89' lang='lat' dir='ltr'>in</span> <span class='ocrx_word' id='word_1_522' title='bbox 1924 1766 1948 1784; x_wconf 89' lang='lat'>2.</span> <span class='ocrx_word' id='word_1_523' title='bbox 1957 1755 2004 1785; x_wconf 80' lang='lat' dir='ltr'>Ci-</span> 
     </span>
     <span class='ocr_line' id='line_1_41' title="bbox 419 1792 1320 1836; baseline -0.003 -14"><span class='ocrx_word' id='word_1_524' title='bbox 419 1796 508 1824; x_wconf 80' lang='lat' dir='ltr'>ceronis</span> <span class='ocrx_word' id='word_1_525' title='bbox 521 1798 556 1825; x_wconf 90' lang='lat' dir='ltr'>de</span> <span class='ocrx_word' id='word_1_526' title='bbox 567 1797 668 1835; x_wconf 88' lang='lat' dir='ltr'>legibus</span> <span class='ocrx_word' id='word_1_527' title='bbox 680 1796 759 1825; x_wconf 92' lang='lat' dir='ltr'>libro.</span> <span class='ocrx_word' id='word_1_528' title='bbox 784 1799 934 1836; x_wconf 84' lang='lat' dir='ltr'>Sequuntur</span> <span class='ocrx_word' id='word_1_529' title='bbox 946 1806 1016 1825; x_wconf 90' lang='lat' dir='ltr'>nunc</span> <span class='ocrx_word' id='word_1_530' title='bbox 1028 1795 1101 1832; x_wconf 76' lang='lat' dir='ltr'>leges</span> <span class='ocrx_word' id='word_1_531' title='bbox 1113 1795 1210 1828; x_wconf 81' lang='lat' dir='ltr'>dejure</span> <span class='ocrx_word' id='word_1_532' title='bbox 1216 1792 1320 1828; x_wconf 84' lang='lat' dir='ltr'>publico.</span> 
     </span>
    </p>
   </div>
   <div class='ocr_carea' id='block_1_9' title="bbox 740 1857 1682 1914">
    <p class='ocr_par' dir='ltr' id='par_1_17' title="bbox 740 1857 1682 1914">
     <span class='ocr_line' id='line_1_42' title="bbox 740 1857 1682 1914; baseline -0.008 -12"><span class='ocrx_word' id='word_1_533' title='bbox 740 1868 881 1902; x_wconf 84' lang='lat' dir='ltr'>Secunda</span> <span class='ocrx_word' id='word_1_534' title='bbox 896 1879 963 1914; x_wconf 84' lang='lat' dir='ltr'>pars</span> <span class='ocrx_word' id='word_1_535' title='bbox 979 1868 1087 1914; x_wconf 85' lang='lat' dir='ltr'>legum</span> <span class='ocrx_word' id='word_1_536' title='bbox 1104 1865 1160 1899; x_wconf 91' lang='lat' dir='ltr'>XI</span> <span class='ocrx_word' id='word_1_537' title='bbox 1172 1866 1196 1898; x_wconf 91' lang='grc' dir='ltr'>Ι.</span> <span class='ocrx_word' id='word_1_538' title='bbox 1214 1862 1390 1897; x_wconf 82' lang='lat' dir='ltr'>tabularum</span> <span class='ocrx_word' id='word_1_539' title='bbox 1404 1859 1442 1895; x_wconf 85' lang='lat' dir='ltr'>de</span> <span class='ocrx_word' id='word_1_540' title='bbox 1458 1862 1523 1905; x_wconf 85' lang='lat' dir='ltr'>jure</span> <span class='ocrx_word' id='word_1_541' title='bbox 1539 1857 1682 1907; x_wconf 83' lang='lat' dir='ltr'>publico.</span> 
     </span>
    </p>
   </div>
   <div class='ocr_carea' id='block_1_10' title="bbox 980 1927 1440 1974">
    <p class='ocr_par' dir='ltr' id='par_1_18' title="bbox 980 1927 1440 1974">
     <span class='ocr_line' id='line_1_43' title="bbox 980 1927 1440 1974; baseline -0.009 -13"><span class='ocrx_word' id='word_1_542' title='bbox 980 1930 1008 1962; x_wconf 90' lang='lat' dir='ltr'>I.</span> <span class='ocrx_word' id='word_1_543' title='bbox 1034 1927 1209 1974; x_wconf 72' lang='lat' dir='ltr'>Privilegia</span> <span class='ocrx_word' id='word_1_544' title='bbox 1223 1938 1260 1959; x_wconf 90' lang='lat' dir='ltr'>ne</span> <span class='ocrx_word' id='word_1_545' title='bbox 1276 1927 1440 1974; x_wconf 77' lang='lat' dir='ltr'>irrogante.</span> 
     </span>
    </p>
   </div>
   <div class='ocr_carea' id='block_1_11' title="bbox 425 1983 2005 2222">
    <p class='ocr_par' dir='ltr' id='par_1_19' title="bbox 425 1983 2005 2106">
     <span class='ocr_line' id='line_1_44' title="bbox 463 1983 2005 2031; baseline -0.006 -9"><span class='ocrx_word' id='word_1_546' title='bbox 463 1995 540 2024; x_wconf 80' lang='lat' dir='ltr'>Extat</span> <span class='ocrx_word' id='word_1_547' title='bbox 559 1993 614 2023; x_wconf 77' lang='lat' dir='ltr'>haec</span> <span class='ocrx_word' id='word_1_548' title='bbox 627 1994 669 2023; x_wconf 85' lang='lat' dir='ltr'>lex</span> <span class='ocrx_word' id='word_1_549' title='bbox 682 1993 751 2031; x_wconf 82' lang='lat' dir='ltr'>apud</span> <span class='ocrx_word' id='word_1_550' title='bbox 768 1992 911 2020; x_wconf 81' lang='lat' dir='ltr'>Ciceronem</span> <span class='ocrx_word' id='word_1_551' title='bbox 925 1991 969 2026; x_wconf 63' lang='lat' dir='ltr'>lib.</span> <span class='ocrx_word' id='word_1_552' title='bbox 982 2001 1005 2028; x_wconf 85' lang='lat'>3.</span> <span class='ocrx_word' id='word_1_553' title='bbox 1021 1990 1055 2018; x_wconf 90' lang='lat' dir='ltr'>de</span> <span class='ocrx_word' id='word_1_554' title='bbox 1067 1989 1178 2027; x_wconf 42' lang='lat' dir='ltr'>legibust</span> <span class='ocrx_word' id='word_1_555' title='bbox 1219 1988 1303 2024; x_wconf 87' lang='lat' dir='ltr'>Cujus</span> <span class='ocrx_word' id='word_1_556' title='bbox 1316 1987 1445 2015; x_wconf 86' lang='lat' dir='ltr'>sententia</span> <span class='ocrx_word' id='word_1_557' title='bbox 1458 1986 1495 2014; x_wconf 89' lang='lat' dir='ltr'>est</span> <span class='ocrx_word' id='word_1_558' title='bbox 1507 2006 1516 2018; x_wconf 85' lang='lat'><em>‚</em></span> <span class='ocrx_word' id='word_1_559' title='bbox 1539 1995 1574 2014; x_wconf 89' lang='lat' dir='ltr'>ne</span> <span class='ocrx_word' id='word_1_560' title='bbox 1586 1985 1618 2013; x_wconf 86' lang='lat' dir='ltr'>de</span> <span class='ocrx_word' id='word_1_561' title='bbox 1626 1983 1709 2020; x_wconf 78' lang='lat' dir='ltr'>privis</span> <span class='ocrx_word' id='word_1_562' title='bbox 1721 2005 1729 2017; x_wconf 87' lang='lat'><em>‚</em></span> <span class='ocrx_word' id='word_1_563' title='bbox 1753 1985 1806 2014; x_wconf 89' lang='lat' dir='ltr'>hoc</span> <span class='ocrx_word' id='word_1_564' title='bbox 1822 1985 1874 2018; x_wconf 87' lang='lat' dir='ltr'>est,</span> <span class='ocrx_word' id='word_1_565' title='bbox 1899 1985 2005 2024; x_wconf 73' lang='lat' dir='ltr'>lingulis</span> 
     </span>
     <span class='ocr_line' id='line_1_45' title="bbox 425 2023 2005 2071; baseline -0.004 -12"><span class='ocrx_word' id='word_1_566' title='bbox 425 2032 577 2061; x_wconf 84' lang='lat' dir='ltr'>hominibus</span> <span class='ocrx_word' id='word_1_567' title='bbox 594 2034 665 2071; x_wconf 87' lang='lat' dir='ltr'>leges</span> <span class='ocrx_word' id='word_1_568' title='bbox 684 2033 816 2060; x_wconf 83' lang='lat' dir='ltr'>ferrentur</span> <span class='ocrx_word' id='word_1_569' title='bbox 829 2052 836 2063; x_wconf 88' lang='lat'>‚</span> <span class='ocrx_word' id='word_1_570' title='bbox 863 2040 926 2058; x_wconf 87' lang='lat' dir='ltr'>cum</span> <span class='ocrx_word' id='word_1_571' title='bbox 942 2029 1071 2066; x_wconf 77' lang='lat' dir='ltr'>aequitatis</span> <span class='ocrx_word' id='word_1_572' title='bbox 1082 2029 1151 2056; x_wconf 82' lang='lat' dir='ltr'>ratio</span> <span class='ocrx_word' id='word_1_573' title='bbox 1165 2027 1279 2064; x_wconf 83' lang='lat' dir='ltr'>postulet</span> <span class='ocrx_word' id='word_1_574' title='bbox 1290 2048 1298 2058; x_wconf 89' lang='lat'>,</span> <span class='ocrx_word' id='word_1_575' title='bbox 1323 2033 1352 2054; x_wconf 88' lang='lat' dir='ltr'>ut</span> <span class='ocrx_word' id='word_1_576' title='bbox 1375 2035 1470 2053; x_wconf 85' lang='lat' dir='ltr'>omnes</span> <span class='ocrx_word' id='word_1_577' title='bbox 1488 2024 1613 2052; x_wconf 74' lang='lat' dir='ltr'>homines</span> <span class='ocrx_word' id='word_1_578' title='bbox 1630 2023 1731 2052; x_wconf 86' lang='lat' dir='ltr'>summi</span> <span class='ocrx_word' id='word_1_579' title='bbox 1750 2034 1811 2053; x_wconf 85' lang='lat' dir='ltr'>curn</span> <span class='ocrx_word' id='word_1_580' title='bbox 1828 2025 1930 2053; x_wconf 85' lang='lat' dir='ltr'>infimis</span> <span class='ocrx_word' id='word_1_581' title='bbox 1947 2026 2005 2062; x_wconf 84' lang='lat' dir='ltr'>pari</span> 
     </span>
     <span class='ocr_line' id='line_1_46' title="bbox 425 2063 1772 2106; baseline -0.005 -10"><span class='ocrx_word' id='word_1_582' title='bbox 425 2071 483 2106; x_wconf 86' lang='lat' dir='ltr'>jure</span> <span class='ocrx_word' id='word_1_583' title='bbox 495 2079 648 2100; x_wconf 84' lang='lat' dir='ltr'>teneantur:</span> <span class='ocrx_word' id='word_1_584' title='bbox 669 2073 696 2100; x_wconf 85' lang='lat'>&amp;</span> <span class='ocrx_word' id='word_1_585' title='bbox 711 2071 769 2106; x_wconf 81' lang='lat' dir='ltr'>jura</span> <span class='ocrx_word' id='word_1_586' title='bbox 783 2079 837 2097; x_wconf 89' lang='lat' dir='ltr'>non</span> <span class='ocrx_word' id='word_1_587' title='bbox 852 2070 878 2097; x_wconf 88' lang='lat' dir='ltr'>in</span> <span class='ocrx_word' id='word_1_588' title='bbox 893 2068 1004 2106; x_wconf 84' lang='lat' dir='ltr'>fingulas</span> <span class='ocrx_word' id='word_1_589' title='bbox 1015 2065 1155 2105; x_wconf 85' lang='lat' dir='ltr'>personas,</span> <span class='ocrx_word' id='word_1_590' title='bbox 1174 2065 1219 2094; x_wconf 89' lang='lat' dir='ltr'>sed</span> <span class='ocrx_word' id='word_1_591' title='bbox 1233 2064 1391 2103; x_wconf 84' lang='lat' dir='ltr'>generaliter</span> <span class='ocrx_word' id='word_1_592' title='bbox 1405 2063 1605 2092; x_wconf 80' lang='lat' dir='ltr'>constituantur.</span> <span class='ocrx_word' id='word_1_593' title='bbox 1719 2099 1722 2102; x_wconf 22' lang='grc' dir='ltr'>η</span> <span class='ocrx_word' id='word_1_594' title='bbox 1768 2099 1772 2102; x_wconf 25' lang='lat'>²</span> 
     </span>
    </p>

    <p class='ocr_par' dir='ltr' id='par_1_20' title="bbox 425 2099 2003 2222">
     <span class='ocr_line' id='line_1_47' title="bbox 466 2099 2003 2146; baseline -0.003 -13"><span class='ocrx_word' id='word_1_595' title='bbox 466 2108 584 2145; x_wconf 87' lang='lat' dir='ltr'>Plerique</span> <span class='ocrx_word' id='word_1_596' title='bbox 603 2109 698 2138; x_wconf 84' lang='lat' dir='ltr'>harum</span> <span class='ocrx_word' id='word_1_597' title='bbox 711 2110 800 2146; x_wconf 62' lang='lat' dir='ltr'>legurm</span> <span class='ocrx_word' id='word_1_598' title='bbox 815 2109 974 2144; x_wconf 84' lang='lat' dir='ltr'>interpretes</span> <span class='ocrx_word' id='word_1_599' title='bbox 985 2108 1022 2135; x_wconf 83' lang='lat' dir='ltr'>ita</span> <span class='ocrx_word' id='word_1_600' title='bbox 1031 2106 1083 2133; x_wconf 85' lang='lat' dir='ltr'>hoc</span> <span class='ocrx_word' id='word_1_601' title='bbox 1095 2113 1174 2142; x_wconf 89' lang='lat' dir='ltr'>caput</span> <span class='ocrx_word' id='word_1_602' title='bbox 1185 2103 1337 2141; x_wconf 83' lang='lat' dir='ltr'>intelligunt</span> <span class='ocrx_word' id='word_1_603' title='bbox 1349 2124 1355 2134; x_wconf 93' lang='lat'>,</span> <span class='ocrx_word' id='word_1_604' title='bbox 1376 2101 1447 2140; x_wconf 83' lang='lat' dir='ltr'>quafi</span> <span class='ocrx_word' id='word_1_605' title='bbox 1462 2110 1516 2129; x_wconf 91' lang='lat' dir='ltr'>non</span> <span class='ocrx_word' id='word_1_606' title='bbox 1529 2102 1645 2129; x_wconf 87' lang='lat' dir='ltr'>omnino</span> <span class='ocrx_word' id='word_1_607' title='bbox 1652 2099 1787 2138; x_wconf 66' lang='lat' dir='ltr'>priwlejgm</span> <span class='ocrx_word' id='word_1_608' title='bbox 1799 2100 2003 2138; x_wconf 83' lang='lat' dir='ltr'>prohibeantur,</span> 
     </span>
     <span class='ocr_line' id='line_1_48' title="bbox 425 2137 2002 2179; baseline -0.006 -6"><span class='ocrx_word' id='word_1_609' title='bbox 425 2145 469 2173; x_wconf 84' lang='lat' dir='ltr'>sed</span> <span class='ocrx_word' id='word_1_610' title='bbox 490 2147 538 2177; x_wconf 85' lang='lat' dir='ltr'>ita,</span> <span class='ocrx_word' id='word_1_611' title='bbox 559 2153 587 2174; x_wconf 86' lang='lat' dir='ltr'>ut</span> <span class='ocrx_word' id='word_1_612' title='bbox 606 2157 660 2175; x_wconf 89' lang='lat' dir='ltr'>non</span> <span class='ocrx_word' id='word_1_613' title='bbox 679 2147 726 2175; x_wconf 80' lang='lat' dir='ltr'>nisi</span> <span class='ocrx_word' id='word_1_614' title='bbox 745 2145 850 2174; x_wconf 81' lang='lat' dir='ltr'>comitiis</span> <span class='ocrx_word' id='word_1_615' title='bbox 868 2145 1016 2175; x_wconf 76' lang='lat' dir='ltr'>centuriatis</span> <span class='ocrx_word' id='word_1_616' title='bbox 1033 2144 1159 2171; x_wconf 85' lang='lat' dir='ltr'>ferantur.</span> <span class='ocrx_word' id='word_1_617' title='bbox 1201 2142 1306 2179; x_wconf 83' lang='lat' dir='ltr'>Qbus</span> <span class='ocrx_word' id='word_1_618' title='bbox 1323 2141 1482 2169; x_wconf 83' lang='lat' dir='ltr'>contradicit</span> <span class='ocrx_word' id='word_1_619' title='bbox 1499 2137 1613 2176; x_wconf 75' lang='lat' dir='ltr'>Jacobus</span> <span class='ocrx_word' id='word_1_620' title='bbox 1631 2138 1764 2174; x_wconf 83' lang='lat' dir='ltr'>Cujacius,</span> <span class='ocrx_word' id='word_1_621' title='bbox 1785 2142 1812 2168; x_wconf 72' lang='grc' dir='ltr'>ὅ(</span> <span class='ocrx_word' id='word_1_622' title='bbox 1829 2140 1923 2171; x_wconf 79' lang='lat' dir='ltr'>docet,</span> <span class='ocrx_word' id='word_1_623' title='bbox 1944 2138 2002 2166; x_wconf 75' lang='lat' dir='ltr'>Pri-</span> 
     </span>
     <span class='ocr_line' id='line_1_49' title="bbox 425 2175 2003 2222; baseline -0.004 -11"><span class='ocrx_word' id='word_1_624' title='bbox 425 2183 518 2221; x_wconf 74' lang='lat' dir='ltr'>vilegia</span> <span class='ocrx_word' id='word_1_625' title='bbox 537 2183 588 2210; x_wconf 81' lang='lat' dir='ltr'>esse</span> <span class='ocrx_word' id='word_1_626' title='bbox 600 2185 723 2218; x_wconf 54' lang='lat' dir='ltr'>duplicia,</span> <span class='ocrx_word' id='word_1_627' title='bbox 741 2185 790 2213; x_wconf 81' lang='lat' dir='ltr'>alia</span> <span class='ocrx_word' id='word_1_628' title='bbox 804 2194 860 2222; x_wconf 81' lang='lat' dir='ltr'>quae</span> <span class='ocrx_word' id='word_1_629' title='bbox 876 2185 909 2212; x_wconf 86' lang='lat' dir='ltr'>de</span> <span class='ocrx_word' id='word_1_630' title='bbox 923 2192 974 2211; x_wconf 86' lang='lat' dir='ltr'>una</span> <span class='ocrx_word' id='word_1_631' title='bbox 986 2190 1090 2213; x_wconf 81' lang='lat' dir='ltr'>tantum</span> <span class='ocrx_word' id='word_1_632' title='bbox 1108 2181 1219 2219; x_wconf 87' lang='lat' dir='ltr'>persona</span> <span class='ocrx_word' id='word_1_633' title='bbox 1233 2181 1417 2216; x_wconf 87' lang='lat' dir='ltr'>concipiantur</span> <span class='ocrx_word' id='word_1_634' title='bbox 1429 2179 1456 2206; x_wconf 91' lang='lat' dir='ltr'>in</span> <span class='ocrx_word' id='word_1_635' title='bbox 1471 2179 1564 2206; x_wconf 90' lang='lat' dir='ltr'>omnia</span> <span class='ocrx_word' id='word_1_636' title='bbox 1577 2187 1701 2214; x_wconf 85' lang='lat' dir='ltr'>tempora</span> <span class='ocrx_word' id='word_1_637' title='bbox 1711 2198 1718 2210; x_wconf 92' lang='lat'><em>‚</em></span> <span class='ocrx_word' id='word_1_638' title='bbox 1738 2175 1790 2204; x_wconf 75' lang='lat' dir='ltr'>alia</span> <span class='ocrx_word' id='word_1_639' title='bbox 1804 2187 1860 2215; x_wconf 89' lang='lat' dir='ltr'>quae</span> <span class='ocrx_word' id='word_1_640' title='bbox 1873 2179 1905 2205; x_wconf 87' lang='lat' dir='ltr'>ad</span> <span class='ocrx_word' id='word_1_641' title='bbox 1916 2176 2003 2214; x_wconf 84' lang='lat' dir='ltr'>plures</span> 
     </span>
    </p>
   </div>
   <div class='ocr_carea' id='block_1_12' title="bbox 426 2214 2015 2260">
    <p class='ocr_par' dir='ltr' id='par_1_21' title="bbox 426 2214 2015 2260">
     <span class='ocr_line' id='line_1_50' title="bbox 426 2214 2015 2260; baseline -0.004 -10"><span class='ocrx_word' id='word_1_642' title='bbox 426 2222 548 2260; x_wconf 70' lang='lat' dir='ltr'>perlbnas</span> <span class='ocrx_word' id='word_1_643' title='bbox 567 2221 684 2256; x_wconf 77' lang='lat' dir='ltr'>ejufflem</span> <span class='ocrx_word' id='word_1_644' title='bbox 705 2222 880 2256; x_wconf 82' lang='lat' dir='ltr'>conditionis,</span> <span class='ocrx_word' id='word_1_645' title='bbox 900 2222 943 2250; x_wconf 87' lang='lat' dir='ltr'>vel</span> <span class='ocrx_word' id='word_1_646' title='bbox 963 2222 995 2250; x_wconf 87' lang='lat' dir='ltr'>ad</span> <span class='ocrx_word' id='word_1_647' title='bbox 1014 2220 1151 2249; x_wconf 84' lang='lat' dir='ltr'>universos</span> <span class='ocrx_word' id='word_1_648' title='bbox 1170 2222 1240 2248; x_wconf 78' lang='lat' dir='ltr'>cives</span> <span class='ocrx_word' id='word_1_649' title='bbox 1259 2219 1423 2256; x_wconf 85' lang='lat' dir='ltr'>pertineant:</span> <span class='ocrx_word' id='word_1_650' title='bbox 1444 2218 1476 2245; x_wconf 91' lang='lat' dir='ltr'>de</span> <span class='ocrx_word' id='word_1_651' title='bbox 1491 2217 1530 2245; x_wconf 88' lang='lat' dir='ltr'>his</span> <span class='ocrx_word' id='word_1_652' title='bbox 1542 2216 1688 2255; x_wconf 84' lang='lat' dir='ltr'>privilegiis</span> <span class='ocrx_word' id='word_1_653' title='bbox 1700 2215 1787 2254; x_wconf 86' lang='lat' dir='ltr'>legem</span> <span class='ocrx_word' id='word_1_654' title='bbox 1802 2215 1869 2244; x_wconf 89' lang='lat' dir='ltr'>hanc</span> <span class='ocrx_word' id='word_1_655' title='bbox 1882 2214 1946 2242; x_wconf 89' lang='lat' dir='ltr'>nihil</span> <span class='ocrx_word' id='word_1_656' title='bbox 1963 2215 2015 2243; x_wconf 88' lang='lat' dir='ltr'>di·-</span> 
     </span>
    </p>
   </div>
   <div class='ocr_carea' id='block_1_13' title="bbox 421 2253 2004 2435">
    <p class='ocr_par' dir='ltr' id='par_1_22' title="bbox 421 2253 2002 2414">
     <span class='ocr_line' id='line_1_51' title="bbox 427 2253 2001 2296; baseline -0.005 -7"><span class='ocrx_word' id='word_1_657' title='bbox 427 2270 502 2289; x_wconf 78' lang='lat' dir='ltr'>cere.</span> <span class='ocrx_word' id='word_1_658' title='bbox 521 2269 572 2287; x_wconf 85' lang='lat' dir='ltr'>nec</span> <span class='ocrx_word' id='word_1_659' title='bbox 592 2269 633 2287; x_wconf 73' lang='lat' dir='ltr'>cas</span> <span class='ocrx_word' id='word_1_660' title='bbox 649 2261 800 2296; x_wconf 84' lang='lat' dir='ltr'>prohibere:</span> <span class='ocrx_word' id='word_1_661' title='bbox 822 2261 863 2289; x_wconf 81' lang='lat' dir='ltr'>illa</span> <span class='ocrx_word' id='word_1_662' title='bbox 884 2271 948 2289; x_wconf 93' lang='lat' dir='ltr'>vero</span> <span class='ocrx_word' id='word_1_663' title='bbox 968 2261 1083 2289; x_wconf 90' lang='lat' dir='ltr'>omnino</span> <span class='ocrx_word' id='word_1_664' title='bbox 1103 2259 1210 2288; x_wconf 83' lang='lat' dir='ltr'>tollere:</span> <span class='ocrx_word' id='word_1_665' title='bbox 1231 2269 1280 2287; x_wconf 91' lang='lat' dir='ltr'>nec</span> <span class='ocrx_word' id='word_1_666' title='bbox 1294 2257 1386 2288; x_wconf 80' lang='lat' dir='ltr'>verba,</span> <span class='ocrx_word' id='word_1_667' title='bbox 1407 2256 1454 2284; x_wconf 79' lang='lat' dir='ltr'>nlsl</span> <span class='ocrx_word' id='word_1_668' title='bbox 1469 2265 1517 2293; x_wconf 88' lang='lat' dir='ltr'>per</span> <span class='ocrx_word' id='word_1_669' title='bbox 1531 2256 1684 2284; x_wconf 79' lang='lat' dir='ltr'>maximum</span> <span class='ocrx_word' id='word_1_670' title='bbox 1698 2256 1857 2282; x_wconf 73' lang='lat' dir='ltr'>comitiatum</span> <span class='ocrx_word' id='word_1_671' title='bbox 1869 2253 1935 2285; x_wconf 89' lang='lat' dir='ltr'>huc,</span> <span class='ocrx_word' id='word_1_672' title='bbox 1957 2253 2001 2281; x_wconf 62' lang='lat' dir='ltr'>red</span> 
     </span>
     <span class='ocr_line' id='line_1_52' title="bbox 429 2293 2002 2336; baseline -0.006 -9"><span class='ocrx_word' id='word_1_673' title='bbox 429 2299 461 2327; x_wconf 86' lang='lat' dir='ltr'>ad</span> <span class='ocrx_word' id='word_1_674' title='bbox 481 2298 590 2335; x_wconf 72' lang='lat' dir='ltr'>stquens</span> <span class='ocrx_word' id='word_1_675' title='bbox 603 2306 708 2326; x_wconf 86' lang='lat' dir='ltr'>tantum</span> <span class='ocrx_word' id='word_1_676' title='bbox 724 2308 800 2336; x_wconf 84' lang='lat' dir='ltr'>caput</span> <span class='ocrx_word' id='word_1_677' title='bbox 816 2300 953 2328; x_wconf 83' lang='lat' dir='ltr'>referenda</span> <span class='ocrx_word' id='word_1_678' title='bbox 967 2300 1033 2328; x_wconf 83' lang='lat' dir='ltr'>effe:</span> <span class='ocrx_word' id='word_1_679' title='bbox 1053 2299 1125 2336; x_wconf 91' lang='lat' dir='ltr'>quod</span> <span class='ocrx_word' id='word_1_680' title='bbox 1139 2308 1171 2327; x_wconf 91' lang='lat' dir='ltr'>ex</span> <span class='ocrx_word' id='word_1_681' title='bbox 1185 2297 1300 2325; x_wconf 83' lang='lat' dir='ltr'>Cicerone</span> <span class='ocrx_word' id='word_1_682' title='bbox 1314 2296 1394 2324; x_wconf 90' lang='lat' dir='ltr'>etiam</span> <span class='ocrx_word' id='word_1_683' title='bbox 1409 2295 1566 2332; x_wconf 86' lang='lat' dir='ltr'>intelligitur</span> <span class='ocrx_word' id='word_1_684' title='bbox 1577 2315 1584 2326; x_wconf 95' lang='lat'>,</span> <span class='ocrx_word' id='word_1_685' title='bbox 1604 2293 1650 2321; x_wconf 91' lang='lat' dir='ltr'>ubi</span> <span class='ocrx_word' id='word_1_686' title='bbox 1661 2293 1729 2321; x_wconf 84' lang='lat' dir='ltr'>hanc</span> <span class='ocrx_word' id='word_1_687' title='bbox 1741 2293 1830 2329; x_wconf 84' lang='lat' dir='ltr'>legem</span> <span class='ocrx_word' id='word_1_688' title='bbox 1845 2293 2002 2328; x_wconf 82' lang='lat' dir='ltr'>interpreta-</span> 
     </span>
     <span class='ocr_line' id='line_1_53' title="bbox 427 2329 2002 2375; baseline -0.007 -9"><span class='ocrx_word' id='word_1_689' title='bbox 427 2345 478 2366; x_wconf 89' lang='lat' dir='ltr'>tur.</span> <span class='ocrx_word' id='word_1_690' title='bbox 518 2337 561 2365; x_wconf 91' lang='lat' dir='ltr'>Sic</span> <span class='ocrx_word' id='word_1_691' title='bbox 580 2336 652 2363; x_wconf 88' lang='lat' dir='ltr'>enim</span> <span class='ocrx_word' id='word_1_692' title='bbox 673 2336 771 2373; x_wconf 84' lang='lat' dir='ltr'>inquit:</span> <span class='ocrx_word' id='word_1_693' title='bbox 792 2339 866 2365; x_wconf 89' lang='lat' dir='ltr'>Tum</span> <span class='ocrx_word' id='word_1_694' title='bbox 887 2338 978 2375; x_wconf 85' lang='lat' dir='ltr'>legum</span> <span class='ocrx_word' id='word_1_695' title='bbox 1000 2337 1201 2375; x_wconf 80' lang='lat' dir='ltr'>praeclariffimae</span> <span class='ocrx_word' id='word_1_696' title='bbox 1213 2337 1247 2365; x_wconf 90' lang='lat' dir='ltr'>de</span> <span class='ocrx_word' id='word_1_697' title='bbox 1262 2345 1323 2365; x_wconf 81' lang='lat' dir='ltr'>xlx.</span> <span class='ocrx_word' id='word_1_698' title='bbox 1338 2333 1432 2362; x_wconf 88' lang='lat' dir='ltr'>tabulis</span> <span class='ocrx_word' id='word_1_699' title='bbox 1448 2333 1578 2362; x_wconf 85' lang='lat' dir='ltr'>transsatae</span> <span class='ocrx_word' id='word_1_700' title='bbox 1589 2333 1663 2360; x_wconf 81' lang='lat' dir='ltr'>duae:</span> <span class='ocrx_word' id='word_1_701' title='bbox 1683 2340 1795 2369; x_wconf 84' lang='lat' dir='ltr'>quarum</span> <span class='ocrx_word' id='word_1_702' title='bbox 1808 2329 1889 2357; x_wconf 83' lang='lat' dir='ltr'>altera</span> <span class='ocrx_word' id='word_1_703' title='bbox 1896 2329 2002 2364; x_wconf 63' lang='lat' dir='ltr'>privile-</span> 
     </span>
     <span class='ocr_line' id='line_1_54' title="bbox 421 2368 2002 2414; baseline -0.011 -2"><span class='ocrx_word' id='word_1_704' title='bbox 421 2375 467 2412; x_wconf 67' lang='lat' dir='ltr'>gia</span> <span class='ocrx_word' id='word_1_705' title='bbox 491 2375 562 2404; x_wconf 88' lang='lat' dir='ltr'>tollit</span> <span class='ocrx_word' id='word_1_706' title='bbox 575 2395 584 2407; x_wconf 83' lang='lat'>›</span> <span class='ocrx_word' id='word_1_707' title='bbox 609 2374 690 2403; x_wconf 63' lang='lat' dir='ltr'>altera</span> <span class='ocrx_word' id='word_1_708' title='bbox 716 2374 749 2402; x_wconf 65' lang='lat' dir='ltr'>de</span> <span class='ocrx_word' id='word_1_709' title='bbox 769 2375 854 2410; x_wconf 83' lang='lat' dir='ltr'>capite</span> <span class='ocrx_word' id='word_1_710' title='bbox 874 2377 938 2405; x_wconf 90' lang='lat' dir='ltr'>civis</span> <span class='ocrx_word' id='word_1_711' title='bbox 957 2377 1066 2414; x_wconf 85' lang='lat' dir='ltr'>rogari,</span> <span class='ocrx_word' id='word_1_712' title='bbox 1091 2376 1140 2405; x_wconf 73' lang='lat' dir='ltr'>nili</span> <span class='ocrx_word' id='word_1_713' title='bbox 1158 2376 1281 2405; x_wconf 75' lang='lat' dir='ltr'>maximo</span> <span class='ocrx_word' id='word_1_714' title='bbox 1300 2373 1440 2403; x_wconf 85' lang='lat' dir='ltr'>comitiatu</span> <span class='ocrx_word' id='word_1_715' title='bbox 1452 2392 1460 2405; x_wconf 86' lang='lat'>,</span> <span class='ocrx_word' id='word_1_716' title='bbox 1486 2378 1559 2402; x_wconf 84' lang='lat' dir='ltr'>vetat</span> <span class='ocrx_word' id='word_1_717' title='bbox 1571 2392 1578 2405; x_wconf 90' lang='lat'>,</span> <span class='ocrx_word' id='word_1_718' title='bbox 1605 2370 1727 2399; x_wconf 86' lang='lat' dir='ltr'>nondum</span> <span class='ocrx_word' id='word_1_719' title='bbox 1744 2368 1859 2406; x_wconf 82' lang='lat' dir='ltr'>cognitis</span> <span class='ocrx_word' id='word_1_720' title='bbox 1875 2368 2002 2410; x_wconf 56' lang='lat' dir='ltr'>sedition«,-</span> 
     </span>
    </p>

    <p class='ocr_par' dir='ltr' id='par_1_23' title="bbox 1956 2412 2004 2435">
     <span class='ocr_line' id='line_1_55' title="bbox 1956 2412 2004 2435; baseline 0.021 -1"><span class='ocrx_word' id='word_1_721' title='bbox 1956 2412 2004 2435; x_wconf 77' lang='lat' dir='ltr'>tri-</span> 
     </span>
    </p>
   </div>
   <div class='ocr_carea' id='block_1_14' title="bbox 2056 0 2075 540">
    <p class='ocr_par' dir='ltr' id='par_1_24' title="bbox 2056 0 2075 540">
     <span class='ocr_line' id='line_1_56' title="bbox 2056 0 2075 540; textangle 90"><span class='ocrx_word' id='word_1_722' title='bbox 2056 251 2066 540; x_wconf 32' lang='grc' dir='ltr'>’Ῥψῇβ</span> <span class='ocrx_word' id='word_1_723' title='bbox 2056 213 2059 241; x_wconf 68' lang='grc'>”’</span> <span class='ocrx_word' id='word_1_724' title='bbox 2056 0 2075 190; x_wconf 27' lang='grc' dir='ltr'>Αᾈή</span> 
     </span>
    </p>
   </div>
  </div>
 </body>
</html>
