2075 2734
405 89 462 129 580*
678 81 1502 116 'AN-ertirr‘Aa-uMROMANAnuM
1542 82 1714 114 L1s.v1n;

404 135 530 177 ,gellam
551 133 783 174 quemadmodum
797 134 862 172 legit
877 132 1000 172 Sigonius.
1035 134 1109 162 Nam
1122 133 1241 171 vulgatus
1255 140 1344 162 textus
1355 133 1434 170 paulo
1448 133 1522 162 aliter
1537 133 1624 162 habet.
1654 135 1694 163 Ex
1708 136 1801 174 quibus
1818 139 1871 169 hoe
1884 141 1991 180 liquet‘,

404 176 601 205 consertionem
615 173 688 202 illam
705 182 835 202 manuum
849 172 951 200 factam
966 171 1041 201 fuisse
1054 173 1081 200 in
1095 181 1137 204 re,
1157 179 1236 208 atque
1251 171 1329 206 loco,
1348 172 1381 200 de
1389 181 1443 209 quo
1457 172 1660 208 disceptaretur,
1680 175 1815 210 praesenti,
1836 166 1981 218 &quidenyi

405 214 474 251 apud
482 221 625 248 praetorem,
645 212 672 239 id
685 212 736 243 est,
755 209 881 247 praesente
893 216 1022 248 praetore,
1041 220 1097 248 quo
1108 211 1221 239 nomine
1236 217 1295 238 turn
1303 210 1418 244 confides
1430 211 1510 239 etiam
1524 211 1588 238 dieti
1602 209 1674 243 sunt,
1694 221 1756 240 cum
1770 217 1891 245 nondum
1902 228 1982 256 pecu-

404 252 476 280 liaris
483 260 615 286 praetorum
627 248 790 287 magistratus
804 249 880 280 esset,
899 256 929 277 ut
942 258 974 276 ex
990 248 1103 276 Cicerone
1116 247 1294 285 cognoscitur.
1333 248 1416 277 Addit
1431 247 1542 286 Agellius
1555 269 1562 281 ‚
1576 247 1707 287 pcstquam
1718 259 1834 284 pretores
1839 259 1983 295 propagati,-

405 290 485 318 Dalm
490 289 588 328 finibus
601 308 608 317 ,
627 287 694 315 clatis
700 286 914 322 jutifiiifflonibus
924 286 1034 322 occupati
1044 308 1051 320 ‚
1065 285 1182 325 proficisci
1193 284 1362 313 vindiciarum
1375 285 1537 314 dicendzrum
1551 296 1595 313 cau
1606 297 1622 313 a
1633 286 1779 328 longinquas
1797 292 1825 318 in
1837 303 1875 320 res
1888 305 1983 331 grat-a.

410 327 517 359 bamur,
539 327 600 359 &a
636 326 716 353 Unde
729 327 811 354 etiam
825 326 883 354 satis
897 332 989 362 patet,
1011 324 1207 354 consertionem
1228 333 1357 351 manuum
1374 325 1402 351 in
1417 334 1447 352 re
1458 332 1537 362 atque
1556 324 1618 352 loco
1632 347 1640 357 ,
1661 327 1695 353 de
1708 335 1761 362 quo
1775 328 1961 366 disceptaretur

408 365 528 403 prrcsenti
544 364 641 392 factam
657 363 722 395 esse,
743 366 769 392 δί
776 373 903 398 procerem
918 364 1000 392 etiam
1015 363 1195 399 adjudicandae
1211 362 1373 399 poffeffionis
1385 362 1457 390 caula
1477 363 1567 400 (quod
1577 362 1693 400 Agellim
1705 363 1748 392 hic
1760 366 1837 398 dicit,
1857 354 1992 398 vindicia:

410 414 472 431 sum
484 402 655 430 dicendarum
669 401 758 437 causa)
779 403 807 430 ei
817 402 860 430 cui
874 401 916 429 illa
930 402 1071 430 deberetur
1083 402 1110 429 in
1117 411 1160 429 eas
1173 410 1227 433 res,
1247 400 1281 427 de
1293 400 1387 436 quibus
1400 401 1577 429 controverfia
1590 401 1667 433 effct,
1688 403 1817 439 proficisci
1831 408 1982 441 oportuisse.

413 444 440 469 N
443 451 473 468 cc
487 441 571 468 obstat
583 449 637 477 quo
655 441 742 468 minus
756 440 1009 477 haec‘interpretatio
1022 449 1084 467 vcra
1097 439 1128 466 fit
1141 460 1149 471 ‚
1175 438 1247 475 quod
1263 438 1305 466 lex
1319 438 1396 465 dicit:
1417 437 1447 465 si
1461 437 1506 476 qui
1518 439 1545 466 in
1555 441 1616 474 jure
1634 450 1740 467 mmmm
1751 443 1886 477 tonftrunt.
1925 444 1982 481 Ji„

412 480 501 508 enim,
522 486 552 507 ut
565 478 740 516 Lexicographi
751 479 871 509 tradunt.
893 487 1086 514 nonnunquam
1100 478 1198 505 dicitur
1210 476 1296 508 locus,
1317 475 1364 503 uhi
1378 477 1560 513 magistratus,
1581 476 1623 505 vel
1635 478 1697 506 alius
1715 479 1797 514 judex
1811 482 1927 510 confistit
1939 484 1981 519 ju-

409 519 445 544 ris
454 517 575 548 dicundi,
596 516 872 554 autJudicandigratia
881 536 888 548 ,
909 515 992 544 etiam
1005 516 1081 543 domi
1090 536 1097 547 ,
1116 522 1161 543 aut
1174 515 1201 542 in
1215 515 1324 545 itinere,
1345 514 1398 541 five
1412 514 1447 541 de
1460 514 1537 550 plano
1552 514 1603 542 hoc
1616 522 1690 553 agat,
1701 518 1751 545 διε.
1772 519 1890 556 Ideoque
1898 522 1980 550 etiam

411 555 455 583 hic
463 557 508 589 jus
515 564 561 590 pro
574 554 637 587 loco,
659 554 701 582 vel
717 564 746 582 re
759 553 942 583 controversa,
962 554 1006 582 ubi
1016 560 1159 591 praetorem
1172 552 1270 584 adeffie,
1293 554 1319 580 &
1334 552 1429 579 vietori
1443 552 1628 588 poll‘effionem
1640 554 1696 589 ejus
1708 555 1858 591 adjudicare
1871 566 1979 594 oporte.

410 600 452 620 ret
462 613 469 624 ,
489 592 601 630 intelligi
613 593 709 629 potest:
730 596 824 619 Manus
838 600 925 618 autem
938 592 1069 627 conserere,
1089 598 1119 619 ut
1133 591 1189 619 vult
1201 593 1402 622 Hottomannus,
1424 589 1578 619 dicebantur
1591 591 1619 619 vi
1631 592 1751 621 vindiciis
1761 614 1771 626 ,
1791 595 1837 631 qui
1850 596 1906 623 vim
1921 606 1982 625 mo.

409 631 483 659 ribus
496 630 643 662 faciebant,
663 630 771 658 festucas
784 632 854 658 inter
867 629 908 661 se,
928 630 997 667 quafi
1011 630 1105 660 hastas,
1125 629 1191 656 dicis
1204 627 1277 656 causa
1291 629 1506 656 committentes.
1894 651 1896 653 .

450 667 621 706 Supersiiribm
636 667 797 703 praeftnribus.
812 668 825 703 ]
864 667 929 695 Vult
942 669 983 696 lex
995 676 1024 696 ut
1036 676 1129 704 praeter
1142 675 1272 701 putorem
1291 667 1374 694 etiam
1387 666 1464 695 testes
1484 665 1523 694 illi
1540 675 1668 695 manuum
1683 668 1842 698 consertioni
1855 671 1983 702 interfint.

414 708 570 744 Superstites
584 708 656 733 enim
671 707 748 734 testes
761 705 899 742 praesentes
911 706 1081 737 dicebantur,
1101 706 1188 742 inquit
1201 702 1294 741 festus.

451 744 735 780 Vindiciasficmuntae]
757 745 787 771 1d
801 744 851 775 est,
871 743 913 771 illa
927 753 1056 772 manuum
1067 742 1215 774 consertio,
1234 742 1266 768 ab
1280 742 1395 780 utrisque
1408 742 1583 780 litigatoribus
1597 743 1643 771 fiat
1656 764 1663 776 ,
1683 744 1790 773 testibus
1802 746 1983 783 praesentibus;

412 783 456 811 vel
468 782 534 812 alter
546 781 704 819 litigatorum
721 781 827 810 alterius
839 792 944 809 manum
957 781 1071 816 corrtpint
1084 801 1091 812 ,
1111 788 1155 809 aut
1169 789 1280 808 manum
1298 790 1361 809 cum
1378 791 1410 809 eo
1424 781 1544 809 constrat
1557 801 1565 812 ,
1584 791 1616 809 eo
1630 783 1716 810 modo
1730 803 1737 814 ‚
1757 784 1796 811 uti
1808 784 1865 819 jam
1879 786 1983 815 dietum

414 822 466 853 est,
485 829 541 848 non
555 826 659 848 tantum
669 828 788 854 pratore,
806 819 848 847 fied
857 820 937 847 etiam
952 820 1007 848 aliis
1021 819 1126 847 testibus
1133 818 1310 854 praesentibus.
1333 820 1376 846 Sic
1383 820 1454 847 enim
1463 817 1580 856 Agellius
1588 820 1731 848 vindiciam
1741 823 1851 857 exponit
1862 824 1986 859 consertio-

411 869 471 886 nem
485 866 589 888 manus,
610 857 638 884 in
650 866 679 884 re
691 864 770 894 atque
781 857 842 885 loco
854 857 982 894 praesenti.
1002 858 1036 885 Et
1051 855 1308 896 Adrian37umebm
1321 858 1348 883 in
1362 857 1410 884 hac
1422 857 1494 893 lege,
1513 856 1649 884 vindiciam
1662 858 1808 895 fignificare
1820 869 1914 889 manus
1926 872 1987 890 cor-

409 897 579 932 reptionem,
601 894 642 922 vel
651 894 849 923 consertionem
857 895 955 925 scribit.
976 896 1032 932 Qi
1045 904 1092 931 per
1099 893 1219 921 vindicias
1233 894 1385 930 intelligunt
1398 894 1504 931 glebam
1513 895 1586 921 illam
1595 915 1602 925 ‚
1621 895 1663 922 vel
1676 896 1816 929 festucam,
1837 907 1918 935 quam
1932 900 1984 933 illi,

412 935 458 970 qui
467 934 564 970 exjure
572 941 652 960 manu
660 931 811 960 consertum
825 931 1001 960 seseinvicem
1010 932 1154 961 vocabant,
1173 941 1205 958 ex
1217 940 1296 968 agre,
1317 931 1359 959 vel
1372 932 1470 961 domo,
1492 932 1534 959 vel
1547 931 1597 960 alia
1609 941 1638 960 re
1652 935 1836 967 controversa,
1857 937 1883 963 in
1897 937 1938 972 jus
1951 938 1984 965 ad

409 977 555 1036 {iraetorem
571 969 703 1001 ferebant,
725 971 751 998 ἂ
764 969 841 1006 super
855 978 906 1006 qua
918 969 1103 1000 vindicabant,
1125 969 1240 997 multum
1252 968 1377 996 falluntur
1387 990 1394 1001 ‚
1414 980 1477 998 cum
1490 968 1604 1007 Agellius
1615 970 1709 999 author
1721 971 1752 999 fit
1766 973 1824 1009 post
1833 983 1865 1002 XI
1876 984 1896 1002 r.
1910 975 1984 1003 tabu.

423 1018 450 1037 as
464 1009 546 1036 tacito
559 1007 684 1036 consensu
697 1007 772 1035 illurn
787 1016 894 1035 morem
909 1006 1058 1034 institutum
1074 1006 1134 1034 effe.
1980 1007 1984 1010 '

544 1059 665 1094 XXX.
689 1061 726 1092 Si
740 1057 914 1093 vindiciam
922 1059 1039 1105 falfhm
1053 1058 1142 1101 tulit,
1168 1059 1214 1092 rei
1225 1057 1291 1104 five
1307 1058 1391 1101 litis,
1416 1057 1546 1093 arbitros
1560 1069 1620 1094 tres
1634 1060 1721 1096 dato:
1749 1075 1859 1098 eorum.

822 1105 962 1141 arbitriis
970 1106 1092 1153 fruc‘lus
1109 1107 1250 1154 duplione
1262 1106 1407 1141 damnum
1420 1106 1564 1143 decidito,

452 1166 560 1194 Recitat
573 1165 625 1193 hoc
639 1162 814 1205 caputrl-‘estus
827 1164 858 1191 in-
869 1172 936 1191 voce
948 1162 1071 1190 deicia.
1091 1162 1157 1191 Vult
1169 1163 1225 1194 lex,
1245 1172 1306 1190 eum
1320 1163 1365 1199 qui
1381 1162 1444 1190 falso
1459 1163 1504 1191 fibi
1519 1174 1577 1192 rem
1591 1164 1702 1194 alienam
1717 1167 1877 1201 vindicavit,
1897 1170 1923 1198 id
1932 1172 1982 1204 eff,

411 1203 556 1233 >secundum
573 1213 653 1240 quem
668 1203 726 1240 post
740 1203 864 1238 injustam
879 1210 1010 1230 manuum
1024 1200 1220 1230 consertionem
1233 1201 1366 1232 vindiciae,
1386 1201 1416 1229 id
1427 1201 1464 1228 est
1476 1221 1483 1232 ‚
1502 1202 1623 1238 poss‘effio
1635 1222 1644 1235 ,
1663 1204 1729 1232 datae
1741 1204 1800 1233 sunt
1814 1226 1822 1238 ,
1842 1208 1876 1236 ad
1890 1209 1986 1245 duplos

410 1242 512 1269 fruetus
525 1241 699 1268 restituendos
711 1242 806 1268 teneti.

450 1280 480 1306 Si
495 1277 633 1306 rindiciam
641 1279 733 1315 fizlstzm
746 1278 836 1314 tulin]
856 1277 997 1306 Vindicium
1001 1277 1087 1314 serre,
1107 1278 1144 1306 est
1157 1277 1299 1309 sententia,
1320 1277 1480 1315 decretoque
1494 1287 1552 1307 rem
1565 1278 1695 1307 obtinere.
1731 1279 1844 1309 Vindiciae
1855 1283 1986 1320 appellaff.

410 1325 455 1346 tur
469 1327 511 1345 res
524 1316 588 1348 inae,
609 1317 642 1344 de
657 1317 749 1354 quibus
764 1316 944 1346 controversia
956 1317 1007 1348 est,
1028 1317 1099 1353 quod
1113 1317 1201 1353 potius
1215 1317 1312 1344 dicitur
1323 1316 1381 1352 jus,
1401 1317 1462 1353 quia
1475 1316 1506 1345 fit
1520 1318 1589 1344 inter
1602 1326 1662 1348 eos,
1683 1318 1729 1354 qui
1744 1321 1918 1349 contendunt.
1938 1326 1985 1349 Fe-

403 1355 477 1393 stus,
496 1354 597 1382 Servius
610 1354 732 1390 Sulprtius
745 1355 795 1386 ait,
815 1353 953 1381 vindiciam
965 1355 992 1381 in
1006 1364 1122 1382 numero
1135 1354 1257 1392 fingulari
1271 1354 1416 1390 fignificare
1430 1364 1489 1382 earn
1503 1364 1577 1385 rem,
1598 1355 1631 1382 de
1643 1364 1693 1392 qua
1707 1356 1742 1383 est
1753 1359 1944 1391 controversia,
1953 1360 1985 1387 ab

409 1394 459 1426 eo,
480 1394 553 1430 quod
565 1393 729 1424 vindicetur,
750 1394 775 1420 δε
789 1392 864 1420 ficin
878 1392 927 1420 hac
941 1392 999 1433 lege
1012 1393 1146 1428 accipitur.
1168 1393 1218 1420 Sed
1232 1395 1256 1421 ὃς
1271 1392 1349 1420 aliam
1365 1392 1420 1427 ejus
1434 1394 1507 1420 vocis
1523 1392 1743 1429 fignificationem
1759 1396 1853 1423 recitat
1868 1396 1969 1424 Cincius
1975 1417 1984 1430 ‚

412 1431 458 1459 ubi
472 1432 550 1463 dicit,
572 1429 698 1457 Vindicius
710 1430 777 1457 olim
792 1430 932 1466 appellatas
940 1429 1013 1457 ruisse
1025 1429 1166 1466 particulas
1179 1430 1248 1461 illas,
1269 1439 1327 1467 quae
1338 1439 1370 1458 ex
1379 1429 1463 1458 fundo
1476 1430 1601 1466 sumptae,
1622 1431 1649 1458 in
1661 1433 1706 1467 ‚jus
1718 1432 1799 1460 allatae
1814 1433 1904 1462 essent.
1929 1437 1985 1470 Rog
2003 1432 2006 1433 ⁷

408 1469 482 1506 quua
494 1468 619 1497 vocabula
633 1475 694 1495 ante
707 1467 766 1496 sunt
776 1468 912 1505 explicata.

561 1522 704 1555 XXXI.
731 1520 771 1552 Ut
781 1521 809 1566 st.
824 1522 893 1566 qicis
916 1519 930 1553 ὲ
945 1519 1085 1554 libertate
1100 1524 1133 1553 in
1142 1521 1320 1565 ser-vitutem
1342 1520 1509 1563 affb‘reretur
1525 1531 1536 1552 .-
1556 1529 1665 1569 prator
1679 1521 1837 1556 vindicias

957 1567 1117 1612 secundum
1138 1568 1308 1602 libertatem
1331 1567 1429 1602 daret.

456 1626 558 1664 Capiti-s
571 1625 647 1662 hujus
661 1625 929 1654 extattestimonium
950 1626 1019 1661 apud
1032 1625 1133 1660 Dion-fi
1146 1623 1362 1661 Halicarnaffeum
1381 1623 1427 1651 lib.
1444 1632 1453 1650 1
1463 1633 1484 1650 1.
1505 1622 1549 1650 ubi
1562 1624 1596 1650 de
1612 1624 1750 1652 assertione
1770 1624 1883 1663 Virginis
1896 1628 1986 1666 puellae

413 1665 516 1698 scribit,
537 1663 711 1692 Numitorium
725 1664 802 1700 ipsius
821 1663 979 1691 avunculum
994 1684 1001 1695 ‚
1023 1666 1050 1692 &
1066 1664 1220 1691 ass'ertorem
1235 1661 1371 1698 postulasse
1391 1661 1422 1688 ab
1437 1662 1518 1695 Appio
1531 1662 1639 1689 Claudio
1651 1663 1807 1695 decemviro,
1827 1671 1856 1692 ut
1869 1665 1955 1703 legem
1970 1666 1985 1695 ὲ

413 1703 441 1730 se
455 1704 482 1731 in
497 1714 528 1731 xr
539 1714 559 1731 r.
573 1701 665 1730 tabulis
678 1703 850 1738 perscriptam
866 1702 993 1733 servaret,
1014 1702 1041 1729 in
1055 1710 1104 1738 qua
1118 1708 1226 1729 cautum
1240 1699 1318 1730 esset,
1338 1706 1367 1727 ut
1382 1700 1452 1735 ejus,
1472 1699 1517 1735 qui
1531 1699 1558 1726 in
1572 1698 1726 1728 servitutem
1743 1710 1774 1728 ex
1788 1701 1908 1731 libertate
1920 1705 1983 1733 asse-

415 1742 483 1769 titur
490 1762 497 1773 ,
505 1741 631 1769 dominus
639 1739 759 1776 usquead
767 1740 867 1767 exitum
874 1740 965 1775 judicii
973 1749 1027 1767 non
1035 1739 1055 1766 is
1063 1740 1125 1767 esset
1132 1759 1139 1770 ,
1151 1738 1197 1775 qui
1205 1736 1453 1765 contralibertatem
1463 1757 1471 1768 ,
1483 1736 1527 1764 sed
1535 1737 1580 1773 qui
1587 1746 1636 1773 pro
1643 1737 1762 1767 libertate
1767 1748 1908 1776 pugnaret.

456 1779 590 1807 Sententia
604 1777 669 1821 legis
691 1778 727 1805 est
741 1777 825 1813 plana.
865 1777 1007 1804 Balduimcs
1019 1798 1027 1809 ‚
1050 1779 1076 1806 &c
1093 1781 1278 1803 Hortomannus
1297 1774 1391 1802 volunt
1404 1795 1410 1805 ‚
1431 1775 1468 1801 ita
1486 1783 1544 1800 eam
1559 1776 1738 1810 accipiendam
1755 1797 1763 1808 ‚
1784 1785 1814 1804 ut
1829 1787 1884 1805 non
1899 1781 1985 1808 modo

415 1816 482 1844 iiber
496 1817 593 1847 homo,
614 1817 659 1853 qui
672 1816 751 1844 status
767 1815 974 1842 controverfiam
989 1821 1138 1851 pateretur,
1158 1814 1319 1849 relinquatur
1331 1812 1380 1840 suae
1393 1812 1507 1838 libertati
1520 1831 1528 1842 ‚
1549 1813 1576 1839 δε
1590 1813 1645 1846 ejus
1656 1813 1840 1848 posseffionem
1855 1818 1983 1849 retineat,

416 1856 516 1883 interea
530 1855 595 1882 dum
609 1854 665 1881 haee
677 1854 784 1891 quaeslio
797 1854 876 1880 status
888 1853 1020 1890 caufaeque
1034 1851 1145 1880 liberalis
1158 1851 1286 1888 penderet
1300 1859 1307 1876 z
1333 1848 1376 1876 sed
1397 1850 1477 1876 etiam
1497 1855 1527 1876 ut
1542 1848 1629 1876 servus
1643 1870 1650 1880 ‚
1670 1851 1714 1886 qui
1735 1852 1762 1878 in
1779 1852 1929 1881 libertatem
1951 1855 1983 1882 ab

414 1893 504 1930 aliquo
518 1892 656 1931 legitimo,
677 1890 775 1928 &justo
787 1891 886 1918 vindice
897 1892 1027 1924 atteritur,
1048 1892 1148 1918 interea
1159 1897 1210 1925 pro
1224 1887 1308 1915 libero
1315 1886 1452 1918 habeatur,
1473 1889 1500 1915 &
1513 1887 1629 1915 affertori
1643 1887 1771 1917 libertatis
1784 1890 1911 1919 dominus
1923 1892 1983 1929 pos-

412 1929 522 1959 stffionc
536 1931 620 1958 cedat.
1979 1925 1984 1928 ¹

454 1968 640 2005 Affc’reretun]
661 1968 692 1996 Id
705 1968 758 1999 est,
778 1966 964 1999 vindicaretur,
984 1966 1026 1995 vel
1045 1965 1209 1994 liberaretur.

455 2007 581 2034 Vindicius
587 2007 729 2041 secundum
735 2005 878 2033 libertatem
889 2006 995 2041 daret.]
1016 2006 1046 2033 Id
1062 2005 1111 2036 est,
1131 2011 1224 2041 praeter
1236 2002 1421 2040 pofl'effionem
1436 2002 1494 2039 ejus
1504 2022 1512 2033 ‚
1533 2002 1566 2030 de
1579 2004 1654 2039 cujus
1667 2002 1788 2033 libertate
1802 2005 1844 2034 vel
1857 2005 1984 2037 servitute

416 2044 574 2080 disputatur,
594 2045 618 2072 ei
631 2045 720 2076 daret,
741 2045 788 2081 qui
800 2043 951 2072 libertatern
967 2043 1087 2072 defendit
1099 2064 1108 2076 ,
1127 2051 1183 2070 non
1196 2051 1221 2069 ei
1231 2062 1240 2074 ,
1260 2041 1306 2078 qui
1320 2041 1477 2070 servitutem
1490 2042 1592 2077 quaerit.
1632 2040 1746 2069 Vindiciae
1762 2045 1845 2072 etiam
1858 2045 1984 2075 hocloco
1998 2064 2001 2069 ,

413 2083 598 2116 possessionen]
611 2083 770 2111 fionificant,
783 2106 787 2109 .

441 2130 512 2163 XX
518 2133 549 2163 X
556 2133 609 2165 II.
631 2105 689 2165 *Ne
696 2135 764 2179 quis
773 2143 837 2165 rem
845 2131 1012 2178 litigiosam.
1019 2134 1052 2165 in
1054 2132 1176 2178 fixorum
1184 2129 1348 2165 dedicaret.
1363 2131 1431 2177 Qi
1437 2127 1594 2176 dedicaffi‘t
1603 2153 1613 2171 ,
1621 2128 1708 2181 dupli
1713 2142 1833 2179 poenam
1834 2131 1959 2180 fitbiret.

457 2183 536 2213 Extat
548 2187 615 2222 apud
630 2191 722 2222 Cajam
735 2187 752 2215 1.
769 2187 816 2215 ult.
833 2187 859 2215 ff.
876 2189 909 2216 de
922 2188 991 2226 litig.

458 2222 551 2253 Rem,
565 2225 601 2265 ait
607 2226 791 2259 jurijc'onficltus
805 2227 898 2259 (nujus,
917 2227 950 2254 de
966 2236 1016 2264 qua
1030 2226 1208 2255 controverfia
1221 2225 1271 2260 est,
1291 2224 1465 2263 prohibemur
1479 2225 1506 2252 in
1518 2223 1622 2253 sacrum
1638 2225 1774 2254 dedicare:
1796 2226 1893 2264 alioqui
1907 2226 1979 2264 dupli

416 2268 524 2303 poenam
539 2268 664 2302 patimur.
684 2265 793 2297 Duplum
808 2272 898 2292 autem
912 2265 1060 2293 adversario
1073 2266 1248 2302 praestandum
1262 2265 1298 2292 est
1312 2285 1319 2296 ‚
1340 2272 1370 2292 ut
1381 2264 1407 2291 id
1423 2263 1503 2291 veluti
1516 2262 1640 2291 solatium
1655 2263 1761 2296 habeat,
1779 2274 1829 2301 pro
1842 2274 1888 2294 eo,
1907 2265 1982 2300 quod

415 2306 561 2334 potentiori
575 2299 721 2326 adversario
734 2302 843 2329 traditus
855 2304 901 2331 est.
930 2305 1002 2333 Tota
1014 2303 1056 2333 lex
1071 2304 1107 2333 est
1120 2303 1212 2340 plana,
1231 2312 1280 2331 nec
1293 2301 1466 2338 explicatione
1477 2300 1664 2340 prolixareget.
1693 2306 1758 2331 Rem
1764 2302 1900 2340 litigiofizm
1913 2301 1979 2331 dicit

411 2344 472 2365 sem
481 2356 493 2368 ,
508 2336 542 2365 de
553 2345 605 2374 qua
613 2338 789 2365 controverfia
803 2340 847 2367 est,
862 2364 864 2368 ,

1827 2380 1983 2409 XXXIII.
