2075 2734
343 97 394 127 DE
414 98 553 127 Causa
575 92 653 125 sive
673 102 966 126 coNTRow-:Rsns
985 94 1218 138 Renunjgg„
1240 97 1371 137 ῼΔνῖρζίςῇ
1588 105 1652 148 ⁶5³9

108 151 211 190 Capitis
219 150 356 181 diminutio
370 160 426 181 erat
441 151 537 189 prioris
553 150 631 179 status
650 149 774 177 mutatio.
806 149 918 186 Fuitque
937 149 1035 187 triplex
1047 171 1055 183 ,
1074 151 1206 187 maxima,
1225 152 1308 182 minor
1325 153 1368 188 ἐς
1381 152 1498 185 »ηὶηὸηαζ
1529 158 1652 190 Maxima

67 193 159 228 ‘capitis
168 190 302 219 diminutio
316 191 454 219 dicebatur
464 211 473 223 ,
493 198 555 217 cum
568 187 661 224 aliquis
677 186 754 214 fimul
769 188 797 215 δε
814 188 956 229 *civitatem
969 209 976 221 ‚
1003 191 1029 218 &
1043 189 1194 219 libertatem
1208 193 1359 222 amittebat.
1396 193 1483 222 Minor
1493 195 1538 224 seu
1550 199 1650 232 media,

70 240 135 259 cum
147 230 238 259 civitas
249 230 359 267 quidem
372 228 558 258 amittebatur,
575 225 682 254 libertas
693 234 757 253 vero
770 226 941 255 retinebatur.
961 231 1088 261 Minima,
1109 239 1172 257 cum
1187 231 1279 260 civitas
1290 231 1470 266 retinebatur,
1490 237 1517 264 &
1530 236 1647 272 libertas,

69 267 115 302 sed
128 269 206 296 status
215 269 332 296 hominis
344 266 570 296 commutabatur.
611 266 613 269 '

109 306 202 334 Tutela
221 315 276 334 emt
282 309 342 342 jus,
361 315 392 334 ac
405 305 518 342 potestas
531 302 559 329 in
573 303 660 340 capite
671 303 756 331 libero
768 302 800 329 ad
816 302 946 330 tuendum
960 312 1039 336 eum,
1061 305 1106 340 qui
1122 314 1168 345 per
1181 314 1287 336 aetatem
1302 308 1416 345 seipsum
1429 309 1575 339 defendere
1588 321 1645 342 non

68 352 191 382 poterat,
209 346 270 383 jure
290 344 363 374 civili
384 344 443 372 data
461 351 493 370 ac
512 341 644 377 permiffa.
683 344 748 370 Haec
759 340 876 377 plenius,
895 348 925 370 ut
938 341 1006 374 dixi,
1027 341 1040 369 a
1055 341 1209 379 Justtmano
1223 347 1250 373 ὃς
1263 346 1379 385 Sigonio.
1399 345 1481 387 atque*
1494 348 1552 378 aliis
1564 345 1647 389 expli—
1666 350 1669 353 ’

67 390 170 410 cantur.

756 433 780 459 C
800 440 817 458 Α
837 441 860 458 1⁷.
901 431 957 460 IV.

363 494 415 527 De
427 492 521 539 caufis
530 491 599 539 five
612 491 821 538 controversiis
834 503 934 525 rerum
945 489 1135 539 judiciorum
1145 495 1349 540 privatorum.

68 573 175 637 UT
189 571 377 609 cognoscatur,
386 581 506 608 quaenam
519 569 681 606 contro-,verfiae
696 571 731 600 de
743 571 821 600 rebus
834 571 866 598 ad
881 570 978 606 judicia
992 571 1095 607 privata
1107 572 1274 608 pertineant,
1294 574 1327 601 de
1334 574 1409 603 rebus
1419 577 1444 604 ἃ
1454 585 1545 606 earum
1553 578 1643 608 distin.

162 610 293 638 &ionibus
312 611 431 647 quaedam
449 609 507 638 sunt
519 611 679 638 annotanda.
1637 634 1641 638 Α

188 650 292 676 Rerum
305 649 360 676 aliae
369 647 396 675 in
402 647 553 682 patrimonio
566 648 655 676 nostro
670 649 720 676 effe
734 648 810 676 <11stae
819 647 894 681 sunt,
903 646 957 675 aliae
971 654 1071 675 contra.
1081 646 1291 685 [Institut.l1‘b.2.
1301 647 1342 676 tit.
1353 649 1387 685 1.]
1396 653 1423 676 In
1425 651 1578 685 patrimonio
1586 654 1642 684 fue-

64 695 127 716 mut
140 697 179 715 res
187 685 306 721 privata,
325 695 424 722 nempe
444 696 501 724 quae
512 686 651 714 abalienari
663 696 713 723 pro
727 687 836 714 arbitrio
850 693 1003 722 potuerunt.
1023 689 1110 712 Extra
1118 685 1317 719 patrimonium,
1337 697 1378 715 res
1391 688 1479 721 sacrat,
1501 692 1640 730 religiosae,

64 726 157 754 1512&ae
179 728 205 754 &
220 725 337 761 publicae.
356 728 433 751 Sacra
447 724 528 756 dista,
549 734 606 763 quae
619 734 667 761 per
680 725 821 761 pontifices
836 723 994 752 consecratae
1006 723 1059 751 deo
1072 722 1146 755 sunt,
1166 731 1196 751 ut
1210 733 1275 756 arae,
1295 725 1409 762 templa,
1430 726 1547 757 donaria.
1573 731 1642 759 Reli-

54 763 142 802 ῥοῇ,
163 763 237 795 loca,
258 763 285 791 in
298 773 355 800 quae
369 763 434 791 illati
449 764 550 792 mortui
565 763 678 790 fuerant.
695 761 808 794 Sandh,
829 772 885 799 quae
896 769 926 789 ut
939 761 1072 789 inviolatae
1085 762 1182 793 essent,
1202 771 1283 798 poena
1296 764 1430 800 proposita
1447 775 1554 795 cautum
1569 777 1642 801 erat,

64 803 147 830 'veluti
168 802 238 829 muri
259 803 285 830 ἃ
301 809 384 838 portae
397 801 476 828 urbis.
503 801 619 832 Publica,
640 810 698 837 quae
710 801 834 831 omnium
849 799 993 828 hominum
1010 809 1043 827 ac
1055 800 1179 836 gentium
1195 810 1355 829 communes
1371 802 1444 834 sunt,
1466 813 1494 833 ut
1507 808 1564 837 aer,
1584 817 1641 836 ma.

60 849 105 873 te,
125 841 214 869 littus:
235 848 278 868 aut
291 840 413 867 omnium
429 839 539 874 alicujus
552 837 624 866 urbis
642 839 757 870 civium,
778 847 808 866 ut
813 838 872 874 sora
877 858 886 870 ,
906 836 1016 876 basilice,
1037 839 1148 865 theatra.

102 879 173 906 Item
193 888 234 905 res
252 878 308 905 aliae
328 886 410 911 cmpos
427 876 589 908 habuerunt,
610 875 679 905 aliae,
698 885 791 911 corpore
805 884 945 904 caruerunt
956 875 1080 914 [Institut.
1093 875 1137 903 lib.
1151 885 1176 903 2.
1189 875 1279 913 κίε-2.]
1293 877 1430 910 Habuere,
1450 888 1508 917 quae
1520 880 1566 908 sub
1580 892 1641 911 cen-

58 914 119 943 sum
135 917 299 945 ceciderunt,
322 922 351 941 ut
365 914 475 947 fundus,
497 917 524 944 ὃς
537 915 643 943 domus.
663 915 793 947 Caruere,
815 924 872 952 quae
881 915 975 942 animo
989 922 1093 943 tantum
1109 914 1301 952 comprehendi
1312 925 1471 953 potuerunt,
1491 927 1520 948 ut
1532 918 1642 950 haeredi-

58 961 112 985 tas,
133 953 276 988 obligatio,
297 951 415 981 servitus.

98 993 169 1019 Item
184 993 240 1020 aliae
252 991 325 1019 fuere
338 991 470 1028 mancipi,
488 991 542 1018 aliae
551 1001 601 1020 nec
615 991 742 1028 mancipi.
759 988 885 1025 Mancipss
904 991 968 1018 teste
980 989 1098 1025 Ulpiano,
1118 999 1247 1019 vocarunt
1259 992 1356 1028 praedia
1370 993 1398 1021 in
1410 994 1491 1023 Italiae
1498 994 1569 1028 solo,
1581 1003 1638 1025 tam

58 1030 166 1061 rustica,
187 1029 268 1067 qualis
281 1030 318 1057 est
333 1029 430 1058 fundus
439 1051 445 1061 ,
467 1038 547 1066 quam
560 1030 672 1061 urbana,
694 1029 776 1066 qualis
790 1029 825 1056 est
837 1029 944 1057 domus.
964 1030 1034 1057 Item
1040 1031 1104 1064 jura
1113 1029 1263 1064 prodieram
1270 1031 1428 1059 rusticorum
1439 1053 1446 1065 ,
1467 1033 1549 1061 veluti
1556 1035 1638 1067 viam,

59 1068 125 1100 iter,
146 1069 236 1096 aetum
248 1089 256 1099 ,
278 1071 304 1097 δε
319 1068 519 1104 aquaeductum,
539 1069 606 1096 item
620 1068 725 1099 servos,
745 1067 974 1105 &quadrupedes‚
995 1067 1444 1105 quaedoriocollovedomarentur,
1464 1071 1637 1105 ficutiboves.

6 1102 11 1112 “
57 1106 162 1138 mulos,
183 1116 280 1144 equos,
300 1108 327 1135 ὃς
340 1106 432 1134 afinos.
453 1107 514 1133 Nec
526 1106 637 1142 mancipi
649 1115 748 1134 caeterae
764 1116 805 1134 res
816 1105 959 1142 appellatae.

8 1175 11 1181 ἱ
95 1146 206 1182 Aequin‘
229 1155 309 1177 vero,
330 1154 373 1173 aut
400 1144 497 1183 tngulat
519 1144 678 1176 voluerunt,
697 1153 741 1173 aut
760 1143 897 1179 universas.
925 1143 1058 1181 Siigguhts,
1079 1152 1124 1173 aut
1135 1145 1195 1182 jure
1207 1146 1344 1182 gentium,
1364 1154 1410 1175 aut
1420 1147 1480 1183 jure
1488 1148 1637 1185 quiritium.

7 1193 11 1212 ε
53 1179 128 1220 Jure
133 1183 270 1220 gentium,
289 1191 318 1211 ut
331 1184 521 1219 occupatione,
533 1184 702 1219 captivitate,
724 1183 890 1215 accretione‚
912 1183 951 1210 rei
966 1181 1122 1214 effectione,
1140 1183 1297 1214 traditione,
1311 1183 1481 1216 &sei-vitute.
1499 1185 1636 1226 Jurequi-

7 1246 10 1255 ‚
54 1219 166 1253 sitium,
187 1230 216 1250 ut
233 1222 444 1257 mancipatione,
464 1221 640 1257 usucapione,
659 1221 758 1256 injure
770 1221 892 1249 ceffione.
931 1220 1103 1254 occupationis
1115 1223 1161 1256 jus
1175 1229 1231 1250 erat
1242 1222 1389 1259 ejufinodi,
1408 1230 1438 1251 ut
1453 1225 1525 1261 quod
1539 1226 1637 1254 nullius

8 1257 9 1265 ¹
57 1258 134 1291 effet,
156 1260 277 1295 primum
288 1260 428 1294 occupanti
442 1259 629 1296 acquireretur.
648 1258 830 1294 captivitatis,
852 1267 879 1286 ut
892 1268 948 1295 quae
963 1268 994 1285 ex
1011 1258 1127 1287 hostibus
1141 1259 1266 1296 cepissent
1278 1280 1286 1292 ,
1306 1260 1350 1287 sua
1365 1262 1468 1290 fierent.
1506 1263 1636 1292 Accretio.

55 1294 110 1328 nis,
133 1304 162 1325 ut
175 1298 246 1334 quod
260 1297 336 1325 alicui
353 1298 389 1323 rei
403 1297 437 1324 fic
448 1298 611 1328 accrevisset,
633 1305 662 1324 ut
676 1307 734 1333 pars
751 1297 812 1325 esset
830 1295 912 1324 totius
926 1296 982 1333 ejus
999 1316 1006 1328 ,
1024 1297 1098 1332 cujus
1112 1305 1202 1326 totum
1215 1297 1288 1326 effet.
1317 1300 1405 1336 Atque
1418 1298 1472 1327 hoc
1484 1300 1511 1328 in
1524 1300 1634 1331 alluvio-

7 1350 10 1366 3
51 1343 102 1367 ne,
122 1335 346 1367 circumluvione,
367 1335 583 1367 inaedificatione,
603 1334 720 1367 satione,
741 1336 857 1371 pistura,
877 1334 1018 1371 scriptura,
1038 1343 1164 1371 praetexta
1176 1335 1264 1364 valere
1277 1335 1427 1366 voluerunt.

6 1370 9 1410 J
92 1371 139 1399 Rei
152 1371 248 1410 effec‘ho
262 1383 322 1401 eam
336 1375 393 1401 vim
408 1372 499 1402 habuit
511 1394 518 1404 ,
537 1381 568 1401 ut
586 1373 604 1401 fi
620 1373 718 1410 species
730 1383 763 1401 ex
781 1373 864 1401 aliena
877 1382 906 1399 re
917 1372 1040 1400 confecta
1060 1374 1091 1401 ad
1105 1375 1241 1409 pristinam
1263 1373 1382 1402 formam
1398 1378 1517 1405 revocari
1533 1379 1633 1416 poffet,

8 1413 10 1419 ⁸
52 1409 110 1447 ejus
125 1411 204 1442 esset,
227 1412 301 1447 cujus
315 1419 372 1439 erat
385 1421 427 1439 res
440 1432 447 1443 ,
468 1411 540 1449 quast
554 1413 665 1440 materia
680 1422 735 1439 non
748 1412 811 1440 esset
828 1411 945 1439 extincta
961 1422 968 1438 :
988 1418 1033 1439 aut
1051 1411 1069 1439 fi
1084 1421 1117 1439 ex
1131 1412 1266 1449 utriusque
1286 1414 1399 1441 materia
1415 1415 1537 1444 confecta
1551 1417 1614 1446 esset
1624 1438 1632 1450 ‚

32 1454 35 1457 '
51 1448 108 1486 ejus
122 1450 167 1485 qui
181 1448 315 1478 effecisset.
493 1472 496 1475 .

90 1486 207 1514 Tradnio
220 1488 421 1518 venditionem,
441 1487 685 1523 permutationem,
704 1488 838 1525 legatum,
858 1487 1033 1515 donationem
1045 1488 1187 1524 complexa
1200 1488 1246 1515 est.
1269 1487 1387 1516 Servitus
1401 1490 1472 1518 dieta
1487 1492 1536 1523 est,
1558 1494 1630 1529 quod

4 1521 10 1559 ζ
28 1528 39 1554 ,’
50 1524 110 1562 quis
123 1524 165 1552 vel
177 1526 205 1552 in
217 1535 261 1558 re,
281 1525 323 1553 vel
337 1536 369 1554 ex
380 1535 408 1553 re
421 1525 464 1553 sua
477 1526 552 1554 alteri
565 1526 713 1554 constituit:
735 1535 792 1563 quae
805 1524 903 1562 duplex
917 1525 983 1557 fuit,
1002 1528 1182 1561 Personarum,
1202 1533 1233 1554 ut
1244 1525 1419 1558 ususfructus,
1440 1527 1512 1559 usu5‚
1531 1529 1630 1558 habita-

7 1566 9 1594 ὲ
47 1563 103 1590 tio:
122 1564 254 1595 &rerum,
267 1570 296 1592 ut
303 1564 440 1592 servitutes
453 1565 614 1600 praediorum
627 1564 804 1595 urbanorum,
813 1566 838 1591 &
848 1563 1015 1592 rusticorum.
1036 1563 1207 1593 Urbanorum,
1225 1565 1330 1601 utignis
1342 1565 1524 1599 immittendi,
1535 1568 1631 1598 stillici-

7 1604 9 1622 ι’
49 1599 255 1636 diirecipiendi‚
267 1602 359 1629 vicinis
372 1601 516 1629 luminibus
531 1611 585 1629 non
592 1601 737 1630 officiendi.
757 1600 927 1639 Rusticorum,
939 1602 1025 1634 velut,
1034 1602 1099 1633 iter,
1108 1602 1447 1640 a&us.via‚aquaedudtus‚
1463 1606 1489 1633 ὃ(
1498 1605 1631 1642 ejusmodi

7 1667 9 1676 Ι
47 1636 108 1665 alia.
127 1637 321 1672 Mancipationis
327 1640 374 1673 jus
387 1639 548 1676 erat‚fiquis
555 1639 794 1676 perimaginariam
803 1639 987 1668 venditionem
996 1662 1002 1672 ,
1011 1640 1134 1668 adhibitis
1143 1650 1198 1668 non
1212 1641 1301 1669 minus
1314 1642 1431 1678 quinque
1444 1640 1552 1672 testibus
1564 1645 1629 1673 civi-

7 1677 9 1697 1
48 1674 98 1705 bus
108 1677 238 1704 Romanis
252 1676 406 1714 puberibuS,
418 1676 599 1713 &libripende
606 1676 681 1705 alteri
689 1687 735 1714 per
741 1687 775 1705 aes
786 1677 914 1706 &libram
923 1697 931 1711 ,
945 1679 1036 1715 quaein
1044 1677 1088 1705 sua
1093 1679 1222 1715 potestate
1228 1678 1354 1711 habebat,
1367 1680 1494 1708 tradebat.
1626 1677 1629 1680 ⁴

7 1738 9 1748 ,
89 1714 122 1741 In
133 1714 194 1750 jure
208 1715 287 1743 ceffio
302 1715 352 1742 fuit
365 1716 520 1743 communis
531 1713 668 1745 alienatio,
687 1718 714 1745 δε
724 1714 831 1750 mancipi
843 1725 943 1746 rerum,
961 1718 988 1745 &
998 1726 1048 1745 nec
1057 1717 1191 1753 mancipi,
1205 1726 1262 1755 quae
1275 1716 1354 1745 fiebat
1367 1725 1416 1754 per
1429 1725 1482 1746 tres
1495 1718 1628 1755 personas,

7 1780 9 1785 ,
42 1751 76 1782 ἰιι
81 1751 141 1788 jure
153 1754 283 1784 cedentis,
303 1753 475 1784 vindicantis,
496 1753 652 1782 addicentis.

88 1790 204 1825 Uficcapio
219 1790 269 1818 fuit
283 1791 420 1827 acquiritio
433 1800 481 1827 per
492 1790 569 1819 usum
582 1792 697 1829 legitimi
709 1793 854 1829 temporis,
873 1792 933 1829 jure
946 1793 1018 1821 civili
1033 1794 1188 1825 constituta,
1209 1791 1253 1822 vel
1261 1792 1368 1830 adeptio
1381 1793 1496 1823 dominii
1505 1804 1625 1832 percon.

8 1825 9 1830 ¹
49 1829 226 1858 tinuationem
239 1829 402 1865 possessionis
415 1849 421 1860 ‚
443 1830 506 1856 anni
518 1828 559 1857 vel
572 1829 673 1858 biennii
686 1841 691 1858 ε
710 1840 801 1859 rerum
816 1831 926 1868 quidem
945 1831 1090 1861 mobilium
1110 1833 1172 1861 anni
1185 1853 1192 1864 ,
1211 1831 1395 1859 immobilium
1410 1841 1500 1861 autem
1516 1834 1623 1864 biennii.

49 1867 105 1894 Res
118 1876 199 1902 porro
210 1876 256 1901 per
267 1865 458 1905 universitatem
473 1868 572 1904 acquiri
585 1868 727 1897 voluerunt
739 1870 857 1906 quinque
865 1869 968 1902 modis,
985 1869 1137 1900 haereditate
1148 1892 1156 1902 ,
1175 1870 1397 1902 fideicommiffo,
1418 1869 1551 1900 bonorum
1563 1874 1623 1909 pos-

46 1905 172 1936 sessione,
190 1906 374 1941 arrogatione,
394 1907 421 1933 &
434 1905 568 1933 bonorum
583 1908 730 1943 emptione.
756 1907 898 1935 Haereditas
912 1906 963 1937 fuit
976 1907 1100 1937 successio
1114 1910 1142 1937 in
1155 1906 1306 1936 universum
1319 1907 1376 1943 jus,
1396 1910 1467 1945 quod
1483 1910 1623 1942 defunctus

46 1942 151 1972 habuit:
172 1951 253 1979 eaque
264 1943 361 1978 duplex
373 1941 437 1975 fuit,
457 1942 660 1981 testamentaria,
680 1943 843 1983 &legitima.

86 1979 287 2018 Testamentarra
301 1980 351 2008 fuit
359 1981 439 2016 justa,
459 1984 485 2010 ὃς
500 1981 613 2009 solennis
627 1983 730 2010 testatio
740 1984 854 2015 mentis,
874 1992 905 2011 ac
915 1983 1057 2012 voluntatis
1069 1984 1162 2012 nostrae
1176 1985 1209 2012 de
1224 1983 1347 2012 universo
1357 1985 1418 2021 jure
1431 1987 1521 2014 nostro
1535 1988 1562 2016 in
1576 1988 1621 2018 ali.

48 2027 146 2057 quem,
165 2017 283 2054 pluresve
297 2019 354 2055 post
368 2027 486 2047 mortem
501 2020 618 2047 nostram
634 2020 815 2048 abalienando.
856 2023 943 2058 Atque
957 2023 984 2049 in
998 2021 1037 2050 his
1050 2022 1082 2049 de
1093 2021 1277 2050 hereditatibus
1286 2042 1294 2054 ‚
1314 2022 1421 2061 legatis,
1440 2026 1467 2053 ὃς
1479 2025 1619 2056 fideicom-

47 2058 131 2086 missis
145 2065 285 2088 caverunt,
307 2059 332 2086 &
345 2056 487 2090 secundos,
506 2058 651 2095 tertiosque
664 2058 779 2086 haeredes
794 2058 987 2088 iubstituerunt.

6 2113 9 2120 .
84 2094 213 2132 Legitima
228 2093 291 2126 fuit,
310 2104 367 2131 quae
380 2095 412 2122 ab
426 2096 549 2124 intestato
564 2105 596 2124 ex
609 2096 668 2134 lege
684 2107 748 2124 x11.
762 2096 912 2124 tabularum
926 2098 1011 2127 delata
1026 2097 1087 2127 fuit.
1124 2097 1258 2137 Intgfiatus
1270 2100 1356 2128 didius
1372 2100 1438 2134 fuit,
1458 2103 1618 2135 testamento
1628 2128 1637 2137 ,

6 2130 10 2171 ;
46 2143 103 2163 non
118 2133 205 2164 tacto,
224 2142 279 2160 non
292 2132 350 2167 jure
362 2133 448 2166 fano,
468 2143 597 2171 mptove,
618 2136 729 2164 irritove
741 2135 826 2167 facto,
848 2137 874 2164 8<
888 2135 920 2163 ab
932 2136 1036 2165 haerede
1049 2136 1184 2165 destituto.
1214 2138 1296 2174 Qud
1312 2138 1331 2166 fi
1343 2140 1402 2177 quis
1412 2138 1545 2178 intestatus
1557 2152 1619 2172 mo.

6 2179 8 2181 ·
45 2180 164 2202 seretur,
185 2171 225 2198 lex
239 2171 359 2207 primum
371 2171 473 2204 liberis,
493 2173 591 2200 deinde
603 2175 704 2211 agnatis
719 2173 899 2202 haereditatem
914 2175 1043 2204 attribuit.

6 2238 7 2244 ἵ
85 2208 285 2246 Fideitommtffiu
298 2209 441 2245 appellata,
460 2220 517 2248 quae
528 2211 590 2239 fidei
602 2210 723 2243 haeredis,
745 2221 773 2240 ut
786 2222 815 2240 ea
830 2213 965 2245 redderet,
986 2213 1243 2246 committebantur,
1263 2222 1292 2243 ut
1305 2215 1324 2243 si
1335 2216 1398 2253 quid
1410 2218 1434 2244 ei
1451 2218 1558 2246 testator
1571 2219 1616 2246 da-

5 2250 8 2287 2
45 2253 106 2280 ‘tum
121 2247 214 2277 vellet,
235 2248 277 2274 cui
290 2256 338 2284 per
352 2247 422 2285 leges
435 2258 528 2285 capere
540 2259 596 2277 non
610 2249 710 2278 liceret.
730 2251 821 2287 Itaque
834 2260 889 2278 non
903 2252 1041 2280 videbatur
1053 2251 1147 2285 haeres,
1167 2252 1211 2281 sed
1225 2253 1376 2290 rogabatur.
1403 2257 1509 2283 Horum
1523 2265 1614 2285 autem

5 2313 7 2319 ,
47 2286 101 2314 duo
115 2294 224 2322 genera:
245 2294 345 2317 unum,
365 2285 459 2323 quibus
478 2296 517 2314 res
531 2287 650 2324 fingulae,
672 2288 752 2316 veluti
768 2289 842 2316 iestis
855 2309 863 2321 ‚
884 2298 928 2318 aut
942 2290 1039 2319 fundus
1051 2290 1248 2328 relinquebatur
1263 2314 1266 2318 .
1288 2300 1318 2320 ut
1330 2296 1361 2319 L.
1376 2289 1462 2320 Titius
1475 2294 1547 2320 hares
1560 2294 1615 2332 ssa.

5 2321 9 2332 ¹
49 2324 170 2352 Alterum
180 2344 199 2368 ,ἡ
210 2323 303 2398 ‘lu-isi&
317 2323 460 2358 univerfie,
487 2332 515 2354 ut
526 2324 675 2361 haereditas,
698 2326 921 2358 transferebantur
934 2339 940 2356 :
959 2335 1004 2362 ut,
1024 2332 1087 2360 Peto
1099 2328 1142 2359 abs
1153 2338 1193 2364 te,
1213 2333 1246 2369 L,
1257 2328 1331 2365 Titi,
1349 2339 1380 2361 ut
1392 2341 1476 2360 meam
1487 2332 1619 2361 haredita-

48 2369 101 2394 rem
114 2366 145 2390 C.
157 2366 212 2398 ὂψ
223 2372 249 2389 νε
271 2372 348 2391 uuas.

887 2406 915 2434 Ο
922 2414 939 2435 ο
946 2414 988 2436 oo
1007 2415 1024 2445 Ξ,
1544 2411 1624 2444 Bonoq
