<?xml version="1.0" encoding="UTF-8"?>
<!DOCTYPE html PUBLIC "-//W3C//DTD XHTML 1.0 Transitional//EN"
    "http://www.w3.org/TR/xhtml1/DTD/xhtml1-transitional.dtd">
<html xmlns="http://www.w3.org/1999/xhtml" xml:lang="en" lang="en">
 <head>
  <title>
</title>
<meta http-equiv="Content-Type" content="text/html;charset=utf-8" />
  <meta name='ocr-system' content='tesseract 3.04.00' />
  <meta name='ocr-capabilities' content='ocr_page ocr_carea ocr_par ocr_line ocrx_word'/>
</head>
<body>
  <div class='ocr_page' id='page_1' title='image "./johannisrosinian00rosi/johannisrosinian00rosi_0672.png"; bbox 0 0 2075 2734; ppageno 0'>
   <div class='ocr_carea' id='block_1_1' title="bbox 406 99 2033 204">
    <p class='ocr_par' dir='ltr' id='par_1_1' title="bbox 406 99 2033 204">
     <span class='ocr_line' id='line_1_1' title="bbox 406 99 1734 152; baseline -0.004 -16"><span class='ocrx_word' id='word_1_1' title='bbox 406 116 460 152; x_wconf 76' lang='lat'>⁶33</span> <span class='ocrx_word' id='word_1_2' title='bbox 655 99 1479 138; x_wconf 62' lang='lat' dir='ltr'>AuriQuivArumRomAitAnuu</span> <span class='ocrx_word' id='word_1_3' title='bbox 1520 99 1734 133; x_wconf 76' lang='lat' dir='ltr'>Lin.v111.&#39;</span> 
     </span>
     <span class='ocr_line' id='line_1_2' title="bbox 407 150 2033 204; baseline -0.002 -13"><span class='ocrx_word' id='word_1_4' title='bbox 407 166 465 204; x_wconf 76' lang='lat' dir='ltr'>post</span> <span class='ocrx_word' id='word_1_5' title='bbox 481 167 600 191; x_wconf 81' lang='lat' dir='ltr'>moi-tem</span> <span class='ocrx_word' id='word_1_6' title='bbox 615 159 745 187; x_wconf 82' lang='lat' dir='ltr'>damnari.</span> <span class='ocrx_word' id='word_1_7' title='bbox 765 157 917 192; x_wconf 85' lang='lat' dir='ltr'>Quomodo</span> <span class='ocrx_word' id='word_1_8' title='bbox 931 153 1117 191; x_wconf 85' lang='lat' dir='ltr'>intelligendus</span> <span class='ocrx_word' id='word_1_9' title='bbox 1131 150 1298 194; x_wconf 65' lang='lat' dir='ltr'>Justim&#39;imus</span> <span class='ocrx_word' id='word_1_10' title='bbox 1313 152 1524 182; x_wconf 84' lang='lat' dir='ltr'>Institutionibus</span> <span class='ocrx_word' id='word_1_11' title='bbox 1537 154 1561 191; x_wconf 60' lang='grc' dir='ltr'>ς.</span> <span class='ocrx_word' id='word_1_12' title='bbox 1572 154 1638 188; x_wconf 51' lang='grc' dir='ltr'>μᾶς</span> <span class='ocrx_word' id='word_1_13' title='bbox 1647 154 1757 190; x_wconf 75' lang='lat' dir='ltr'><strong>publicis</strong></span> <span class='ocrx_word' id='word_1_14' title='bbox 1769 156 1882 192; x_wconf 80' lang='lat' dir='ltr'>judiciis.</span> <span class='ocrx_word' id='word_1_15' title='bbox 1904 159 1991 189; x_wconf 72' lang='lat' dir='ltr'>Publi.</span> <span class='ocrx_word' id='word_1_16' title='bbox 2029 169 2033 171; x_wconf 61' lang='grc'>“</span> 
     </span>
    </p>
   </div>
   <div class='ocr_carea' id='block_1_2' title="bbox 408 190 1995 387">
    <p class='ocr_par' dir='ltr' id='par_1_2' title="bbox 408 190 1995 387">
     <span class='ocr_line' id='line_1_3' title="bbox 408 190 1995 238; baseline 0.008 -25"><span class='ocrx_word' id='word_1_17' title='bbox 408 214 450 235; x_wconf 58' lang='lat' dir='ltr'>m,</span> <span class='ocrx_word' id='word_1_18' title='bbox 472 201 558 238; x_wconf 57' lang='lat' dir='ltr'>inquit</span> <span class='ocrx_word' id='word_1_19' title='bbox 568 220 576 231; x_wconf 53' lang='lat'><em>‚</em></span> <span class='ocrx_word' id='word_1_20' title='bbox 595 198 693 234; x_wconf 65' lang='lat' dir='ltr'>judicia</span> <span class='ocrx_word' id='word_1_21' title='bbox 706 195 760 223; x_wconf 68' lang='lat' dir='ltr'>haec</span> <span class='ocrx_word' id='word_1_22' title='bbox 773 196 833 224; x_wconf 67' lang='lat' dir='ltr'>sunt</span> <span class='ocrx_word' id='word_1_23' title='bbox 846 205 851 221; x_wconf 93' lang='lat'>:</span> <span class='ocrx_word' id='word_1_24' title='bbox 873 198 927 221; x_wconf 78' lang='lat' dir='ltr'>Lex</span> <span class='ocrx_word' id='word_1_25' title='bbox 941 191 1011 226; x_wconf 74' lang='lat' dir='ltr'>Julia</span> <span class='ocrx_word' id='word_1_26' title='bbox 1023 190 1160 228; x_wconf 64' lang='lat' dir='ltr'>majestatis</span> <span class='ocrx_word' id='word_1_27' title='bbox 1174 213 1180 223; x_wconf 83' lang='lat'><em>‚</em></span> <span class='ocrx_word' id='word_1_28' title='bbox 1202 201 1259 229; x_wconf 85' lang='lat' dir='ltr'>quae</span> <span class='ocrx_word' id='word_1_29' title='bbox 1274 193 1300 220; x_wconf 85' lang='lat' dir='ltr'>in</span> <span class='ocrx_word' id='word_1_30' title='bbox 1314 201 1360 220; x_wconf 86' lang='lat' dir='ltr'>eos</span> <span class='ocrx_word' id='word_1_31' title='bbox 1374 212 1382 223; x_wconf 85' lang='lat'><em>‚</em></span> <span class='ocrx_word' id='word_1_32' title='bbox 1417 193 1462 228; x_wconf 79' lang='lat' dir='ltr'>qui</span> <span class='ocrx_word' id='word_1_33' title='bbox 1477 200 1571 220; x_wconf 87' lang='lat' dir='ltr'>contra</span> <span class='ocrx_word' id='word_1_34' title='bbox 1585 193 1782 231; x_wconf 81' lang='lat' dir='ltr'>Imperatorem</span> <span class='ocrx_word' id='word_1_35' title='bbox 1794 196 1836 224; x_wconf 90' lang='lat' dir='ltr'>vel</span> <span class='ocrx_word' id='word_1_36' title='bbox 1850 199 1995 233; x_wconf 86' lang='lat' dir='ltr'>rempubli-</span> 
     </span>
     <span class='ocr_line' id='line_1_4' title="bbox 409 230 1991 275; baseline 0.004 -17"><span class='ocrx_word' id='word_1_37' title='bbox 409 250 468 269; x_wconf 66' lang='lat' dir='ltr'>cam</span> <span class='ocrx_word' id='word_1_38' title='bbox 483 238 581 275; x_wconf 67' lang='lat' dir='ltr'>aliquid</span> <span class='ocrx_word' id='word_1_39' title='bbox 599 235 686 263; x_wconf 84' lang='lat' dir='ltr'>moliti</span> <span class='ocrx_word' id='word_1_40' title='bbox 702 233 773 266; x_wconf 78' lang='lat' dir='ltr'>sunt,</span> <span class='ocrx_word' id='word_1_41' title='bbox 796 233 871 261; x_wconf 82' lang='lat' dir='ltr'>suum</span> <span class='ocrx_word' id='word_1_42' title='bbox 888 232 1012 269; x_wconf 88' lang='lat' dir='ltr'>vigorem</span> <span class='ocrx_word' id='word_1_43' title='bbox 1026 230 1154 258; x_wconf 76' lang='lat' dir='ltr'>extendit.</span> <span class='ocrx_word' id='word_1_44' title='bbox 1188 231 1272 266; x_wconf 83' lang='lat' dir='ltr'>Cujus</span> <span class='ocrx_word' id='word_1_45' title='bbox 1288 239 1367 266; x_wconf 81' lang='lat' dir='ltr'>poena</span> <span class='ocrx_word' id='word_1_46' title='bbox 1383 230 1478 258; x_wconf 79' lang='lat' dir='ltr'>animae</span> <span class='ocrx_word' id='word_1_47' title='bbox 1492 231 1662 260; x_wconf 83' lang='lat' dir='ltr'>amiffionem</span> <span class='ocrx_word' id='word_1_48' title='bbox 1677 231 1797 263; x_wconf 74' lang='lat' dir='ltr'>iustinet,</span> <span class='ocrx_word' id='word_1_49' title='bbox 1817 236 1844 263; x_wconf 71' lang='grc' dir='ltr'>δε</span> <span class='ocrx_word' id='word_1_50' title='bbox 1858 237 1991 264; x_wconf 80' lang='lat' dir='ltr'>memoria</span> 
     </span>
     <span class='ocr_line' id='line_1_5' title="bbox 409 267 1989 313; baseline 0.008 -23"><span class='ocrx_word' id='word_1_51' title='bbox 409 281 447 308; x_wconf 62' lang='lat' dir='ltr'>rei</span> <span class='ocrx_word' id='word_1_52' title='bbox 462 279 542 306; x_wconf 86' lang='lat' dir='ltr'>etiam</span> <span class='ocrx_word' id='word_1_53' title='bbox 559 274 614 313; x_wconf 73' lang='lat' dir='ltr'>post</span> <span class='ocrx_word' id='word_1_54' title='bbox 630 279 749 300; x_wconf 70' lang='lat' dir='ltr'>mortem</span> <span class='ocrx_word' id='word_1_55' title='bbox 764 273 923 301; x_wconf 69' lang='lat' dir='ltr'>damnatur,</span> <span class='ocrx_word' id='word_1_56' title='bbox 940 273 990 298; x_wconf 63' lang='grc' dir='ltr'>ἃς.</span> <span class='ocrx_word' id='word_1_57' title='bbox 1018 269 1092 308; x_wconf 78' lang='lat' dir='ltr'>Plura</span> <span class='ocrx_word' id='word_1_58' title='bbox 1113 269 1146 296; x_wconf 88' lang='lat' dir='ltr'>de</span> <span class='ocrx_word' id='word_1_59' title='bbox 1161 267 1290 303; x_wconf 68' lang='lat' dir='ltr'>majestate</span> <span class='ocrx_word' id='word_1_60' title='bbox 1309 268 1371 296; x_wconf 87' lang='lat' dir='ltr'>alibi</span> <span class='ocrx_word' id='word_1_61' title='bbox 1391 269 1533 296; x_wconf 55' lang='lat' dir='ltr'>recitantur</span> <span class='ocrx_word' id='word_1_62' title='bbox 1547 289 1553 300; x_wconf 91' lang='lat'>,</span> <span class='ocrx_word' id='word_1_63' title='bbox 1575 279 1624 297; x_wconf 87' lang='lat' dir='ltr'>nos</span> <span class='ocrx_word' id='word_1_64' title='bbox 1637 269 1680 296; x_wconf 88' lang='lat' dir='ltr'>hie</span> <span class='ocrx_word' id='word_1_65' title='bbox 1699 269 1770 307; x_wconf 83' lang='lat' dir='ltr'>leges</span> <span class='ocrx_word' id='word_1_66' title='bbox 1783 272 1989 306; x_wconf 79' lang='lat' dir='ltr'>Romanorum,</span> 
     </span>
     <span class='ocr_line' id='line_1_6' title="bbox 411 307 1990 353; baseline -0.003 -9"><span class='ocrx_word' id='word_1_67' title='bbox 411 327 468 353; x_wconf 72' lang='lat' dir='ltr'>quae</span> <span class='ocrx_word' id='word_1_68' title='bbox 488 317 521 343; x_wconf 90' lang='lat' dir='ltr'>de</span> <span class='ocrx_word' id='word_1_69' title='bbox 540 324 572 340; x_wconf 78' lang='lat'>¹20</span> <span class='ocrx_word' id='word_1_70' title='bbox 588 312 700 339; x_wconf 83' lang='lat' dir='ltr'>crimine</span> <span class='ocrx_word' id='word_1_71' title='bbox 718 309 775 337; x_wconf 71' lang='lat' dir='ltr'>latae</span> <span class='ocrx_word' id='word_1_72' title='bbox 792 310 900 338; x_wconf 72' lang='lat' dir='ltr'>Fuerunt</span> <span class='ocrx_word' id='word_1_73' title='bbox 914 329 920 338; x_wconf 81' lang='lat'>,</span> <span class='ocrx_word' id='word_1_74' title='bbox 941 307 1136 335; x_wconf 61' lang='lat' dir='ltr'>receniebiinus</span> <span class='ocrx_word' id='word_1_75' title='bbox 1150 318 1155 334; x_wconf 89' lang='lat'>:</span> <span class='ocrx_word' id='word_1_76' title='bbox 1176 307 1246 335; x_wconf 87' lang='lat' dir='ltr'>inter</span> <span class='ocrx_word' id='word_1_77' title='bbox 1259 315 1323 343; x_wconf 82' lang='lat' dir='ltr'>quas</span> <span class='ocrx_word' id='word_1_78' title='bbox 1335 326 1344 339; x_wconf 85' lang='lat'>,</span> <span class='ocrx_word' id='word_1_79' title='bbox 1364 316 1421 344; x_wconf 82' lang='lat' dir='ltr'>quae</span> <span class='ocrx_word' id='word_1_80' title='bbox 1435 308 1546 345; x_wconf 89' lang='lat' dir='ltr'>quidem</span> <span class='ocrx_word' id='word_1_81' title='bbox 1559 308 1618 345; x_wconf 89' lang='lat' dir='ltr'>post</span> <span class='ocrx_word' id='word_1_82' title='bbox 1636 308 1765 336; x_wconf 64' lang='lat' dir='ltr'>duodecim</span> <span class='ocrx_word' id='word_1_83' title='bbox 1779 307 1879 337; x_wconf 75' lang='lat' dir='ltr'>tabulas</span> <span class='ocrx_word' id='word_1_84' title='bbox 1892 320 1990 349; x_wconf 63' lang='lat' dir='ltr'>rogata!</span> 
     </span>
     <span class='ocr_line' id='line_1_7' title="bbox 413 345 1090 387; baseline 0 -8"><span class='ocrx_word' id='word_1_85' title='bbox 413 355 474 384; x_wconf 70' lang='lat' dir='ltr'>sunt</span> <span class='ocrx_word' id='word_1_86' title='bbox 496 353 550 387; x_wconf 86' lang='lat' dir='ltr'>(de</span> <span class='ocrx_word' id='word_1_87' title='bbox 567 352 615 379; x_wconf 83' lang='lat' dir='ltr'>illis</span> <span class='ocrx_word' id='word_1_88' title='bbox 631 349 704 376; x_wconf 85' lang='lat' dir='ltr'>enini</span> <span class='ocrx_word' id='word_1_89' title='bbox 719 349 836 376; x_wconf 75' lang='lat' dir='ltr'>diximus</span> <span class='ocrx_word' id='word_1_90' title='bbox 850 348 928 383; x_wconf 83' lang='lat' dir='ltr'>ante)</span> <span class='ocrx_word' id='word_1_91' title='bbox 949 347 1037 383; x_wconf 69' lang='lat' dir='ltr'>prima</span> <span class='ocrx_word' id='word_1_92' title='bbox 1053 345 1090 373; x_wconf 70' lang='lat' dir='ltr'>est</span> 
     </span>
    </p>
   </div>
   <div class='ocr_carea' id='block_1_3' title="bbox 1135 382 1282 417">
    <p class='ocr_par' dir='ltr' id='par_1_3' title="bbox 1135 382 1282 417">
     <span class='ocr_line' id='line_1_8' title="bbox 1135 382 1282 417; baseline 0.007 -1"><span class='ocrx_word' id='word_1_93' title='bbox 1135 382 1282 417; x_wconf 78' lang='lat' dir='ltr'>Gabinia.</span> 
     </span>
    </p>
   </div>
   <div class='ocr_carea' id='block_1_4' title="bbox 412 446 2041 526">
    <p class='ocr_par' dir='ltr' id='par_1_4' title="bbox 412 446 2041 526">
     <span class='ocr_line' id='line_1_9' title="bbox 451 446 2041 487; baseline 0 -7"><span class='ocrx_word' id='word_1_94' title='bbox 451 453 496 480; x_wconf 88' lang='lat' dir='ltr'>Ne</span> <span class='ocrx_word' id='word_1_95' title='bbox 508 451 565 487; x_wconf 80' lang='lat' dir='ltr'>quis</span> <span class='ocrx_word' id='word_1_96' title='bbox 580 450 711 478; x_wconf 75' lang='lat' dir='ltr'>coitiones</span> <span class='ocrx_word' id='word_1_97' title='bbox 731 449 900 477; x_wconf 86' lang='lat' dir='ltr'>clandestinas</span> <span class='ocrx_word' id='word_1_98' title='bbox 922 449 1052 477; x_wconf 84' lang='lat' dir='ltr'>conflaret</span> <span class='ocrx_word' id='word_1_99' title='bbox 1067 459 1074 476; x_wconf 76' lang='lat' dir='ltr'>t</span> <span class='ocrx_word' id='word_1_100' title='bbox 1101 449 1146 485; x_wconf 88' lang='lat' dir='ltr'>qui</span> <span class='ocrx_word' id='word_1_101' title='bbox 1162 447 1277 479; x_wconf 72' lang='lat' dir='ltr'>fecisset,</span> <span class='ocrx_word' id='word_1_102' title='bbox 1298 447 1400 485; x_wconf 86' lang='lat' dir='ltr'>capitali</span> <span class='ocrx_word' id='word_1_103' title='bbox 1415 446 1544 484; x_wconf 86' lang='lat' dir='ltr'>supplicio</span> <span class='ocrx_word' id='word_1_104' title='bbox 1557 449 1724 486; x_wconf 64' lang='lat' dir='ltr'>plce&#39;teretur.</span> <span class='ocrx_word' id='word_1_105' title='bbox 1761 448 1895 486; x_wconf 79' lang='lat' dir='ltr'>Sallustius</span> <span class='ocrx_word' id='word_1_106' title='bbox 1907 451 1934 479; x_wconf 88' lang='lat' dir='ltr'>in</span> <span class='ocrx_word' id='word_1_107' title='bbox 1949 451 1993 480; x_wconf 79' lang='lat' dir='ltr'>de·</span> <span class='ocrx_word' id='word_1_108' title='bbox 2036 467 2041 470; x_wconf 88' lang='lat'><em>-</em></span> 
     </span>
     <span class='ocr_line' id='line_1_10' title="bbox 412 484 1974 526; baseline -0.003 -6"><span class='ocrx_word' id='word_1_109' title='bbox 412 491 571 520; x_wconf 75' lang='lat' dir='ltr'>clamatione</span> <span class='ocrx_word' id='word_1_110' title='bbox 587 489 675 516; x_wconf 75' lang='lat' dir='ltr'>Porcii</span> <span class='ocrx_word' id='word_1_111' title='bbox 689 490 823 517; x_wconf 78' lang='lat' dir='ltr'>Latronis.</span> <span class='ocrx_word' id='word_1_112' title='bbox 845 488 935 515; x_wconf 81' lang='lat' dir='ltr'>Postea</span> <span class='ocrx_word' id='word_1_113' title='bbox 948 487 1020 524; x_wconf 86' lang='lat' dir='ltr'>leges</span> <span class='ocrx_word' id='word_1_114' title='bbox 1032 496 1146 525; x_wconf 84' lang='lat' dir='ltr'>quatuor</span> <span class='ocrx_word' id='word_1_115' title='bbox 1159 487 1192 514; x_wconf 86' lang='lat' dir='ltr'>de</span> <span class='ocrx_word' id='word_1_116' title='bbox 1207 484 1335 523; x_wconf 70' lang='lat' dir='ltr'>majestate</span> <span class='ocrx_word' id='word_1_117' title='bbox 1350 486 1421 519; x_wconf 68' lang='lat' dir='ltr'>latae,</span> <span class='ocrx_word' id='word_1_118' title='bbox 1443 486 1581 521; x_wconf 80' lang='lat' dir='ltr'>Appuleja,</span> <span class='ocrx_word' id='word_1_119' title='bbox 1603 486 1715 517; x_wconf 70' lang='lat' dir='ltr'>Valeria,</span> <span class='ocrx_word' id='word_1_120' title='bbox 1735 490 1867 522; x_wconf 66' lang='lat' dir='ltr'>Cornelia,</span> <span class='ocrx_word' id='word_1_121' title='bbox 1883 488 1974 526; x_wconf 76' lang='lat' dir='ltr'>Julia.</span> 
     </span>
    </p>
   </div>
   <div class='ocr_carea' id='block_1_5' title="bbox 1069 540 1317 588">
    <p class='ocr_par' dir='ltr' id='par_1_5' title="bbox 1069 540 1317 588">
     <span class='ocr_line' id='line_1_11' title="bbox 1069 540 1317 588; baseline 0 -14"><span class='ocrx_word' id='word_1_122' title='bbox 1069 541 1229 588; x_wconf 77' lang='lat' dir='ltr'>Appuleja</span> <span class='ocrx_word' id='word_1_123' title='bbox 1255 540 1317 574; x_wconf 80' lang='lat' dir='ltr'>lex.</span> 
     </span>
    </p>
   </div>
   <div class='ocr_carea' id='block_1_6' title="bbox 411 600 1992 679">
    <p class='ocr_par' dir='ltr' id='par_1_6' title="bbox 411 600 1992 679">
     <span class='ocr_line' id='line_1_12' title="bbox 451 600 1992 641; baseline 0.001 -15"><span class='ocrx_word' id='word_1_124' title='bbox 451 601 599 639; x_wconf 64' lang='lat' dir='ltr'>Appuleiam</span> <span class='ocrx_word' id='word_1_125' title='bbox 613 602 673 631; x_wconf 89' lang='lat' dir='ltr'>tulit</span> <span class='ocrx_word' id='word_1_126' title='bbox 685 606 716 633; x_wconf 79' lang='lat' dir='ltr'>L.</span> <span class='ocrx_word' id='word_1_127' title='bbox 728 601 866 638; x_wconf 72' lang='lat' dir='ltr'>Appulejus</span> <span class='ocrx_word' id='word_1_128' title='bbox 877 600 1029 629; x_wconf 56' lang='lat' dir='ltr'>Saturninus</span> <span class='ocrx_word' id='word_1_129' title='bbox 1042 600 1156 627; x_wconf 57' lang='lat' dir='ltr'>tribanus</span> <span class='ocrx_word' id='word_1_130' title='bbox 1170 600 1253 637; x_wconf 71' lang='lat' dir='ltr'>plebis</span> <span class='ocrx_word' id='word_1_131' title='bbox 1266 610 1337 628; x_wconf 85' lang='lat' dir='ltr'>anno</span> <span class='ocrx_word' id='word_1_132' title='bbox 1357 608 1434 627; x_wconf 77' lang='lat' dir='ltr'>13CL1</span> <span class='ocrx_word' id='word_1_133' title='bbox 1445 610 1467 628; x_wconf 87' lang='lat'>1.</span> <span class='ocrx_word' id='word_1_134' title='bbox 1488 604 1518 626; x_wconf 89' lang='lat' dir='ltr'>C.</span> <span class='ocrx_word' id='word_1_135' title='bbox 1533 600 1616 628; x_wconf 70' lang='lat' dir='ltr'>Mario</span> <span class='ocrx_word' id='word_1_136' title='bbox 1629 604 1657 631; x_wconf 81' lang='lat' dir='ltr'>V.</span> <span class='ocrx_word' id='word_1_137' title='bbox 1666 606 1705 628; x_wconf 91' lang='lat' dir='ltr'>M.</span> <span class='ocrx_word' id='word_1_138' title='bbox 1721 602 1837 641; x_wconf 77' lang='lat' dir='ltr'>Aquilejo</span> <span class='ocrx_word' id='word_1_139' title='bbox 1852 603 1923 630; x_wconf 84' lang='lat' dir='ltr'>Coss‘.</span> <span class='ocrx_word' id='word_1_140' title='bbox 1935 606 1992 632; x_wconf 73' lang='lat' dir='ltr'>Hac</span> 
     </span>
     <span class='ocr_line' id='line_1_13' title="bbox 411 638 1991 679; baseline 0 -10"><span class='ocrx_word' id='word_1_141' title='bbox 411 642 472 679; x_wconf 81' lang='lat' dir='ltr'>lege</span> <span class='ocrx_word' id='word_1_142' title='bbox 487 640 657 668; x_wconf 51' lang='lat' dir='ltr'>&amp;Norbanus</span> <span class='ocrx_word' id='word_1_143' title='bbox 671 641 707 668; x_wconf 85' lang='lat' dir='ltr'>est</span> <span class='ocrx_word' id='word_1_144' title='bbox 721 641 876 678; x_wconf 78' lang='lat' dir='ltr'>postulatus,</span> <span class='ocrx_word' id='word_1_145' title='bbox 899 649 979 677; x_wconf 84' lang='lat' dir='ltr'>quem</span> <span class='ocrx_word' id='word_1_146' title='bbox 996 644 1033 666; x_wconf 79' lang='grc' dir='ltr'>Μ.</span> <span class='ocrx_word' id='word_1_147' title='bbox 1043 644 1167 666; x_wconf 65' lang='lat' dir='ltr'>Antonius</span> <span class='ocrx_word' id='word_1_148' title='bbox 1182 638 1327 673; x_wconf 71' lang='lat' dir='ltr'>Ccnssrinus</span> <span class='ocrx_word' id='word_1_149' title='bbox 1342 638 1475 668; x_wconf 74' lang='lat' dir='ltr'>defendit,</span> <span class='ocrx_word' id='word_1_150' title='bbox 1495 647 1525 666; x_wconf 92' lang='lat' dir='ltr'>ut</span> <span class='ocrx_word' id='word_1_151' title='bbox 1539 639 1566 666; x_wconf 89' lang='lat' dir='ltr'>in</span> <span class='ocrx_word' id='word_1_152' title='bbox 1583 650 1606 666; x_wconf 85' lang='lat'>2.</span> <span class='ocrx_word' id='word_1_153' title='bbox 1619 641 1653 666; x_wconf 92' lang='lat' dir='ltr'>de</span> <span class='ocrx_word' id='word_1_154' title='bbox 1667 642 1782 667; x_wconf 83' lang='lat' dir='ltr'>Oratore</span> <span class='ocrx_word' id='word_1_155' title='bbox 1794 640 1882 669; x_wconf 80' lang='lat' dir='ltr'>ici-ibit</span> <span class='ocrx_word' id='word_1_156' title='bbox 1895 645 1991 669; x_wconf 75' lang='lat' dir='ltr'>the&#39;ro·</span> 
     </span>
    </p>
   </div>
   <div class='ocr_carea' id='block_1_7' title="bbox 413 676 1990 757">
    <p class='ocr_par' dir='ltr' id='par_1_7' title="bbox 413 676 1990 757">
     <span class='ocr_line' id='line_1_14' title="bbox 413 676 1990 716; baseline -0.001 -7"><span class='ocrx_word' id='word_1_157' title='bbox 413 691 445 709; x_wconf 85' lang='lat' dir='ltr'>ex</span> <span class='ocrx_word' id='word_1_158' title='bbox 459 689 514 716; x_wconf 87' lang='lat' dir='ltr'>quo</span> <span class='ocrx_word' id='word_1_159' title='bbox 528 687 650 715; x_wconf 84' lang='lat' dir='ltr'>apparet,</span> <span class='ocrx_word' id='word_1_160' title='bbox 669 679 719 706; x_wconf 84' lang='lat' dir='ltr'>hac</span> <span class='ocrx_word' id='word_1_161' title='bbox 732 679 791 715; x_wconf 83' lang='lat' dir='ltr'>lege</span> <span class='ocrx_word' id='word_1_162' title='bbox 807 679 861 706; x_wconf 89' lang='lat' dir='ltr'>vim</span> <span class='ocrx_word' id='word_1_163' title='bbox 876 680 904 706; x_wconf 87' lang='lat' dir='ltr'>in</span> <span class='ocrx_word' id='word_1_164' title='bbox 914 678 985 705; x_wconf 85' lang='lat' dir='ltr'>Urbe</span> <span class='ocrx_word' id='word_1_165' title='bbox 999 687 1028 704; x_wconf 87' lang='lat' dir='ltr'>ac</span> <span class='ocrx_word' id='word_1_166' title='bbox 1042 677 1198 704; x_wconf 64' lang='lat' dir='ltr'>seditionem</span> <span class='ocrx_word' id='word_1_167' title='bbox 1209 678 1370 706; x_wconf 85' lang='lat' dir='ltr'>vindicatam</span> <span class='ocrx_word' id='word_1_168' title='bbox 1379 677 1437 705; x_wconf 64' lang='lat' dir='ltr'>ess&#39;e.</span> <span class='ocrx_word' id='word_1_169' title='bbox 1458 678 1564 704; x_wconf 75' lang='lat' dir='ltr'>Carolus</span> <span class='ocrx_word' id='word_1_170' title='bbox 1575 676 1691 715; x_wconf 79' lang='lat' dir='ltr'>Sigonius</span> <span class='ocrx_word' id='word_1_171' title='bbox 1701 685 1777 715; x_wconf 87' lang='lat' dir='ltr'>putat</span> <span class='ocrx_word' id='word_1_172' title='bbox 1789 680 1990 708; x_wconf 83' lang='lat' dir='ltr'>eandemetiam</span> 
     </span>
     <span class='ocr_line' id='line_1_15' title="bbox 413 715 1207 757; baseline -0.005 -11"><span class='ocrx_word' id='word_1_173' title='bbox 413 718 585 757; x_wconf 78' lang='lat' dir='ltr'>quaestionem</span> <span class='ocrx_word' id='word_1_174' title='bbox 599 718 632 745; x_wconf 86' lang='lat' dir='ltr'>de</span> <span class='ocrx_word' id='word_1_175' title='bbox 646 715 775 754; x_wconf 72' lang='lat' dir='ltr'>majestate</span> <span class='ocrx_word' id='word_1_176' title='bbox 788 724 945 754; x_wconf 85' lang='lat' dir='ltr'>perpetuam</span> <span class='ocrx_word' id='word_1_177' title='bbox 960 716 1131 744; x_wconf 74' lang='lat' dir='ltr'>constitutam</span> <span class='ocrx_word' id='word_1_178' title='bbox 1148 715 1207 743; x_wconf 77' lang='lat' dir='ltr'>effe.</span> 
     </span>
    </p>
   </div>
   <div class='ocr_carea' id='block_1_8' title="bbox 1078 768 1294 804">
    <p class='ocr_par' dir='ltr' id='par_1_8' title="bbox 1078 768 1294 804">
     <span class='ocr_line' id='line_1_16' title="bbox 1078 768 1294 804; baseline -0.005 -3"><span class='ocrx_word' id='word_1_179' title='bbox 1078 768 1207 803; x_wconf 75' lang='lat' dir='ltr'>Valeria</span> <span class='ocrx_word' id='word_1_180' title='bbox 1232 769 1294 804; x_wconf 82' lang='lat' dir='ltr'>lex.</span> 
     </span>
    </p>
   </div>
   <div class='ocr_carea' id='block_1_9' title="bbox 417 829 2046 907">
    <p class='ocr_par' dir='ltr' id='par_1_9' title="bbox 417 829 2046 907">
     <span class='ocr_line' id='line_1_17' title="bbox 454 829 2046 872; baseline -0.001 -12"><span class='ocrx_word' id='word_1_181' title='bbox 454 838 546 871; x_wconf 78' lang='lat' dir='ltr'>Legem</span> <span class='ocrx_word' id='word_1_182' title='bbox 560 832 689 861; x_wconf 61' lang='lat' dir='ltr'>valeriam</span> <span class='ocrx_word' id='word_1_183' title='bbox 703 832 763 861; x_wconf 89' lang='lat' dir='ltr'>tulit</span> <span class='ocrx_word' id='word_1_184' title='bbox 778 836 814 870; x_wconf 58' lang='lat' dir='ltr'><em>Q</em></span> <span class='ocrx_word' id='word_1_185' title='bbox 825 832 948 863; x_wconf 67' lang='lat' dir='ltr'>Wilerius,</span> <span class='ocrx_word' id='word_1_186' title='bbox 968 840 1078 869; x_wconf 86' lang='lat' dir='ltr'>propter</span> <span class='ocrx_word' id='word_1_187' title='bbox 1092 830 1232 872; x_wconf 75' lang='lat' dir='ltr'>obscurum</span> <span class='ocrx_word' id='word_1_188' title='bbox 1246 832 1289 867; x_wconf 64' lang='lat' dir='ltr'>jus</span> <span class='ocrx_word' id='word_1_189' title='bbox 1304 831 1417 860; x_wconf 82' lang='lat' dir='ltr'>civitatis</span> <span class='ocrx_word' id='word_1_190' title='bbox 1433 830 1545 865; x_wconf 74' lang='lat' dir='ltr'>Hybrida</span> <span class='ocrx_word' id='word_1_191' title='bbox 1559 831 1767 868; x_wconf 84' lang='lat' dir='ltr'>cognominatus</span> <span class='ocrx_word' id='word_1_192' title='bbox 1782 851 1789 863; x_wconf 88' lang='lat'>‚</span> <span class='ocrx_word' id='word_1_193' title='bbox 1808 829 1927 860; x_wconf 82' lang='lat' dir='ltr'>tribunus</span> <span class='ocrx_word' id='word_1_194' title='bbox 1937 829 1992 868; x_wconf 89' lang='lat' dir='ltr'>ple·</span> <span class='ocrx_word' id='word_1_195' title='bbox 2036 833 2046 836; x_wconf 57' lang='lat'><em>⁷</em></span> 
     </span>
     <span class='ocr_line' id='line_1_18' title="bbox 417 869 1990 907; baseline -0.001 -8"><span class='ocrx_word' id='word_1_196' title='bbox 417 872 458 899; x_wconf 89' lang='lat' dir='ltr'>bis</span> <span class='ocrx_word' id='word_1_197' title='bbox 476 881 546 898; x_wconf 83' lang='lat' dir='ltr'>anno</span> <span class='ocrx_word' id='word_1_198' title='bbox 568 880 694 899; x_wconf 61' lang='lat' dir='ltr'>Uetxn.</span> <span class='ocrx_word' id='word_1_199' title='bbox 735 874 765 897; x_wconf 87' lang='lat' dir='ltr'>L.</span> <span class='ocrx_word' id='word_1_200' title='bbox 782 875 878 897; x_wconf 61' lang='lat' dir='ltr'>Marcio</span> <span class='ocrx_word' id='word_1_201' title='bbox 894 871 1014 904; x_wconf 72' lang='lat' dir='ltr'>Philippo,</span> <span class='ocrx_word' id='word_1_202' title='bbox 1034 875 1085 896; x_wconf 72' lang='lat' dir='ltr'>Sex</span> <span class='ocrx_word' id='word_1_203' title='bbox 1110 870 1177 902; x_wconf 74' lang='lat' dir='ltr'>sulm</span> <span class='ocrx_word' id='word_1_204' title='bbox 1191 870 1284 904; x_wconf 70' lang='lat' dir='ltr'>Castu-e</span> <span class='ocrx_word' id='word_1_205' title='bbox 1299 869 1371 897; x_wconf 75' lang='lat' dir='ltr'>Coss.</span> <span class='ocrx_word' id='word_1_206' title='bbox 1409 872 1446 898; x_wconf 90' lang='lat' dir='ltr'>Ut</span> <span class='ocrx_word' id='word_1_207' title='bbox 1462 879 1622 906; x_wconf 69' lang='lat' dir='ltr'>quaereretur</span> <span class='ocrx_word' id='word_1_208' title='bbox 1639 870 1672 896; x_wconf 89' lang='lat' dir='ltr'>de</span> <span class='ocrx_word' id='word_1_209' title='bbox 1687 871 1717 896; x_wconf 89' lang='lat' dir='ltr'>iis</span> <span class='ocrx_word' id='word_1_210' title='bbox 1731 890 1739 900; x_wconf 92' lang='lat'><em>‚</em></span> <span class='ocrx_word' id='word_1_211' title='bbox 1765 879 1882 906; x_wconf 88' lang='lat' dir='ltr'>quorum</span> <span class='ocrx_word' id='word_1_212' title='bbox 1897 879 1990 907; x_wconf 83' lang='lat' dir='ltr'>opera,</span> 
     </span>
    </p>
   </div>
   <div class='ocr_carea' id='block_1_10' title="bbox 415 907 2069 945">
    <p class='ocr_par' dir='ltr' id='par_1_10' title="bbox 415 907 2069 945">
     <span class='ocr_line' id='line_1_19' title="bbox 415 907 2069 945; baseline -0.002 -7"><span class='ocrx_word' id='word_1_213' title='bbox 415 909 558 938; x_wconf 87' lang='lat' dir='ltr'>consiliove</span> <span class='ocrx_word' id='word_1_214' title='bbox 572 909 633 937; x_wconf 84' lang='lat' dir='ltr'>socii</span> <span class='ocrx_word' id='word_1_215' title='bbox 648 918 739 936; x_wconf 80' lang='lat' dir='ltr'>contra</span> <span class='ocrx_word' id='word_1_216' title='bbox 753 909 882 945; x_wconf 84' lang='lat' dir='ltr'>populum</span> <span class='ocrx_word' id='word_1_217' title='bbox 901 909 1056 935; x_wconf 81' lang='lat' dir='ltr'>Romanum</span> <span class='ocrx_word' id='word_1_218' title='bbox 1074 917 1148 934; x_wconf 83' lang='lat' dir='ltr'>arma</span> <span class='ocrx_word' id='word_1_219' title='bbox 1163 907 1335 944; x_wconf 73' lang='lat' dir='ltr'>sumpsissent.</span> <span class='ocrx_word' id='word_1_220' title='bbox 1361 911 1443 934; x_wconf 76' lang='lat' dir='ltr'>thero</span> <span class='ocrx_word' id='word_1_221' title='bbox 1457 909 1578 935; x_wconf 84' lang='lat' dir='ltr'>oratione</span> <span class='ocrx_word' id='word_1_222' title='bbox 1592 916 1642 943; x_wconf 87' lang='lat' dir='ltr'>pro</span> <span class='ocrx_word' id='word_1_223' title='bbox 1653 909 1764 940; x_wconf 78' lang='lat' dir='ltr'>Scaum,</span> <span class='ocrx_word' id='word_1_224' title='bbox 1787 910 1814 936; x_wconf 84' lang='lat'>&amp;</span> <span class='ocrx_word' id='word_1_225' title='bbox 1828 917 1878 944; x_wconf 86' lang='lat' dir='ltr'>pro</span> <span class='ocrx_word' id='word_1_226' title='bbox 1893 909 1995 936; x_wconf 87' lang='lat' dir='ltr'>Corne·</span> <span class='ocrx_word' id='word_1_227' title='bbox 2023 944 2026 945; x_wconf 52' lang='lat'>.</span> <span class='ocrx_word' id='word_1_228' title='bbox 2063 915 2069 924; x_wconf 61' lang='lat'>&#39;¹</span> 
     </span>
    </p>
   </div>
   <div class='ocr_carea' id='block_1_11' title="bbox 415 944 1714 982">
    <p class='ocr_par' dir='ltr' id='par_1_11' title="bbox 415 944 1714 982">
     <span class='ocr_line' id='line_1_20' title="bbox 415 944 1714 982; baseline -0.002 -7"><span class='ocrx_word' id='word_1_229' title='bbox 415 947 465 980; x_wconf 84' lang='lat' dir='ltr'>lio,</span> <span class='ocrx_word' id='word_1_230' title='bbox 487 950 514 976; x_wconf 68' lang='grc' dir='ltr'>δε</span> <span class='ocrx_word' id='word_1_231' title='bbox 528 948 555 975; x_wconf 89' lang='lat' dir='ltr'>in</span> <span class='ocrx_word' id='word_1_232' title='bbox 565 946 669 974; x_wconf 87' lang='lat' dir='ltr'>easdem</span> <span class='ocrx_word' id='word_1_233' title='bbox 684 949 808 982; x_wconf 59' lang='grc' dir='ltr'>κζΙῐσπιιιπ.</span> <span class='ocrx_word' id='word_1_234' title='bbox 829 945 940 973; x_wconf 66' lang='lat' dir='ltr'>Valerius</span> <span class='ocrx_word' id='word_1_235' title='bbox 955 945 1067 973; x_wconf 73' lang='lat' dir='ltr'>Maxim.</span> <span class='ocrx_word' id='word_1_236' title='bbox 1082 946 1161 973; x_wconf 85' lang='lat' dir='ltr'>lib.S.</span> <span class='ocrx_word' id='word_1_237' title='bbox 1178 949 1268 981; x_wconf 80' lang='lat' dir='ltr'>cap.6.</span> <span class='ocrx_word' id='word_1_238' title='bbox 1290 944 1372 972; x_wconf 76' lang='lat' dir='ltr'>cicero</span> <span class='ocrx_word' id='word_1_239' title='bbox 1386 945 1525 974; x_wconf 63' lang='lat' dir='ltr'>Tuscula..</span> <span class='ocrx_word' id='word_1_240' title='bbox 1540 948 1566 974; x_wconf 64' lang='grc' dir='ltr'>ὃς</span> <span class='ocrx_word' id='word_1_241' title='bbox 1580 945 1608 972; x_wconf 86' lang='lat' dir='ltr'>in</span> <span class='ocrx_word' id='word_1_242' title='bbox 1623 946 1714 973; x_wconf 81' lang='lat' dir='ltr'>Bruto.</span> 
     </span>
    </p>
   </div>
   <div class='ocr_carea' id='block_1_12' title="bbox 1068 999 1298 1032">
    <p class='ocr_par' dir='ltr' id='par_1_12' title="bbox 1068 999 1298 1032">
     <span class='ocr_line' id='line_1_21' title="bbox 1068 999 1298 1032; baseline 0.004 -1"><span class='ocrx_word' id='word_1_243' title='bbox 1068 999 1212 1032; x_wconf 81' lang='lat' dir='ltr'>Cornelia</span> <span class='ocrx_word' id='word_1_244' title='bbox 1237 999 1298 1032; x_wconf 82' lang='lat' dir='ltr'>lex.</span> 
     </span>
    </p>
   </div>
   <div class='ocr_carea' id='block_1_13' title="bbox 417 1059 1999 1404">
    <p class='ocr_par' dir='ltr' id='par_1_13' title="bbox 417 1059 1999 1404">
     <span class='ocr_line' id='line_1_22' title="bbox 456 1059 1994 1101; baseline 0.001 -11"><span class='ocrx_word' id='word_1_245' title='bbox 456 1063 580 1100; x_wconf 85' lang='lat' dir='ltr'>Sequitur</span> <span class='ocrx_word' id='word_1_246' title='bbox 597 1062 713 1090; x_wconf 74' lang='lat' dir='ltr'>Cornelia</span> <span class='ocrx_word' id='word_1_247' title='bbox 733 1071 814 1100; x_wconf 87' lang='lat' dir='ltr'>quam</span> <span class='ocrx_word' id='word_1_248' title='bbox 829 1061 891 1090; x_wconf 82' lang='lat' dir='ltr'>tulit</span> <span class='ocrx_word' id='word_1_249' title='bbox 911 1064 944 1087; x_wconf 81' lang='lat' dir='ltr'>L.</span> <span class='ocrx_word' id='word_1_250' title='bbox 960 1059 1090 1088; x_wconf 79' lang='lat' dir='ltr'>Cornelius</span> <span class='ocrx_word' id='word_1_251' title='bbox 1109 1061 1180 1088; x_wconf 72' lang='lat' dir='ltr'><em>Sulla</em></span> <span class='ocrx_word' id='word_1_252' title='bbox 1198 1061 1270 1088; x_wconf 77' lang='lat' dir='ltr'>Felix</span> <span class='ocrx_word' id='word_1_253' title='bbox 1295 1061 1419 1090; x_wconf 54' lang='lat' dir='ltr'>Dictator</span> <span class='ocrx_word' id='word_1_254' title='bbox 1433 1071 1503 1090; x_wconf 84' lang='lat' dir='ltr'>anno</span> <span class='ocrx_word' id='word_1_255' title='bbox 1526 1069 1640 1090; x_wconf 63' lang='lat' dir='ltr'>mccxx.</span> <span class='ocrx_word' id='word_1_256' title='bbox 1659 1063 1734 1099; x_wconf 80' lang='lat' dir='ltr'>cujus</span> <span class='ocrx_word' id='word_1_257' title='bbox 1753 1061 1808 1090; x_wconf 75' lang='lat' dir='ltr'>haec</span> <span class='ocrx_word' id='word_1_258' title='bbox 1826 1063 1911 1099; x_wconf 86' lang='lat' dir='ltr'>capita</span> <span class='ocrx_word' id='word_1_259' title='bbox 1925 1064 1994 1101; x_wconf 86' lang='lat' dir='ltr'>apud</span> 
     </span>
     <span class='ocr_line' id='line_1_23' title="bbox 417 1099 1995 1139; baseline 0 -10"><span class='ocrx_word' id='word_1_260' title='bbox 417 1101 557 1137; x_wconf 83' lang='lat' dir='ltr'>scriptores</span> <span class='ocrx_word' id='word_1_261' title='bbox 571 1101 682 1137; x_wconf 73' lang='lat' dir='ltr'>disperla</span> <span class='ocrx_word' id='word_1_262' title='bbox 696 1101 835 1139; x_wconf 84' lang='lat' dir='ltr'>leguntur:</span> <span class='ocrx_word' id='word_1_263' title='bbox 857 1104 965 1130; x_wconf 70' lang='lat' dir='ltr'>prator,</span> <span class='ocrx_word' id='word_1_264' title='bbox 986 1100 1030 1135; x_wconf 88' lang='lat' dir='ltr'>qui</span> <span class='ocrx_word' id='word_1_265' title='bbox 1043 1109 1074 1126; x_wconf 91' lang='lat' dir='ltr'>ex</span> <span class='ocrx_word' id='word_1_266' title='bbox 1090 1099 1138 1127; x_wconf 89' lang='lat' dir='ltr'>hac</span> <span class='ocrx_word' id='word_1_267' title='bbox 1153 1100 1210 1136; x_wconf 85' lang='lat' dir='ltr'>lege</span> <span class='ocrx_word' id='word_1_268' title='bbox 1225 1107 1324 1136; x_wconf 81' lang='lat' dir='ltr'>quaeret</span> <span class='ocrx_word' id='word_1_269' title='bbox 1337 1120 1345 1131; x_wconf 91' lang='lat'>‚</span> <span class='ocrx_word' id='word_1_270' title='bbox 1365 1100 1398 1127; x_wconf 90' lang='lat' dir='ltr'>de</span> <span class='ocrx_word' id='word_1_271' title='bbox 1410 1109 1444 1127; x_wconf 92' lang='lat' dir='ltr'>eo</span> <span class='ocrx_word' id='word_1_272' title='bbox 1458 1101 1582 1137; x_wconf 69' lang='lat' dir='ltr'>quaerito,</span> <span class='ocrx_word' id='word_1_273' title='bbox 1604 1101 1650 1137; x_wconf 91' lang='lat' dir='ltr'>qui</span> <span class='ocrx_word' id='word_1_274' title='bbox 1661 1101 1876 1128; x_wconf 70' lang='lat' dir='ltr'>intercessionem</span> <span class='ocrx_word' id='word_1_275' title='bbox 1890 1101 1995 1129; x_wconf 85' lang='lat' dir='ltr'>sustule-</span> 
     </span>
     <span class='ocr_line' id='line_1_24' title="bbox 417 1136 1995 1177; baseline 0.001 -10"><span class='ocrx_word' id='word_1_276' title='bbox 417 1140 452 1167; x_wconf 86' lang='lat' dir='ltr'>rit</span> <span class='ocrx_word' id='word_1_277' title='bbox 466 1160 473 1170; x_wconf 95' lang='lat'>,</span> <span class='ocrx_word' id='word_1_278' title='bbox 493 1147 536 1167; x_wconf 88' lang='lat' dir='ltr'>aut</span> <span class='ocrx_word' id='word_1_279' title='bbox 549 1140 711 1177; x_wconf 79' lang='lat' dir='ltr'>magistratui</span> <span class='ocrx_word' id='word_1_280' title='bbox 726 1160 732 1170; x_wconf 91' lang='lat'>,</span> <span class='ocrx_word' id='word_1_281' title='bbox 753 1148 807 1176; x_wconf 88' lang='lat' dir='ltr'>quo</span> <span class='ocrx_word' id='word_1_282' title='bbox 827 1139 914 1165; x_wconf 84' lang='lat' dir='ltr'>minus</span> <span class='ocrx_word' id='word_1_283' title='bbox 930 1145 1042 1164; x_wconf 88' lang='lat' dir='ltr'>munere</span> <span class='ocrx_word' id='word_1_284' title='bbox 1061 1136 1107 1164; x_wconf 87' lang='lat' dir='ltr'>suo</span> <span class='ocrx_word' id='word_1_285' title='bbox 1122 1138 1247 1174; x_wconf 81' lang='lat' dir='ltr'>fungatur</span> <span class='ocrx_word' id='word_1_286' title='bbox 1259 1158 1265 1168; x_wconf 86' lang='lat'>,</span> <span class='ocrx_word' id='word_1_287' title='bbox 1287 1138 1486 1173; x_wconf 85' lang='lat' dir='ltr'>impedimento</span> <span class='ocrx_word' id='word_1_288' title='bbox 1499 1138 1588 1167; x_wconf 85' lang='lat' dir='ltr'>fuerit.</span> <span class='ocrx_word' id='word_1_289' title='bbox 1627 1137 1682 1176; x_wconf 77' lang='lat' dir='ltr'>Qi</span> <span class='ocrx_word' id='word_1_290' title='bbox 1693 1137 1832 1165; x_wconf 77' lang='lat' dir='ltr'>exercitum</span> <span class='ocrx_word' id='word_1_291' title='bbox 1846 1138 1995 1173; x_wconf 60' lang='lat' dir='ltr'>&amp;provincia</span> 
     </span>
     <span class='ocr_line' id='line_1_25' title="bbox 417 1173 1999 1214; baseline 0.001 -9"><span class='ocrx_word' id='word_1_292' title='bbox 417 1177 552 1208; x_wconf 84' lang='lat' dir='ltr'>eduxerit,</span> <span class='ocrx_word' id='word_1_293' title='bbox 571 1186 616 1205; x_wconf 87' lang='lat' dir='ltr'>aut</span> <span class='ocrx_word' id='word_1_294' title='bbox 629 1177 671 1204; x_wconf 77' lang='lat' dir='ltr'>flia</span> <span class='ocrx_word' id='word_1_295' title='bbox 687 1177 780 1214; x_wconf 85' lang='lat' dir='ltr'>sponte</span> <span class='ocrx_word' id='word_1_296' title='bbox 794 1176 893 1203; x_wconf 87' lang='lat' dir='ltr'>bellum</span> <span class='ocrx_word' id='word_1_297' title='bbox 908 1174 1023 1212; x_wconf 79' lang='lat' dir='ltr'>gefferit.</span> <span class='ocrx_word' id='word_1_298' title='bbox 1043 1173 1096 1212; x_wconf 56' lang='lat' dir='ltr'>Qu*</span> <span class='ocrx_word' id='word_1_299' title='bbox 1107 1175 1248 1202; x_wconf 80' lang='lat' dir='ltr'>exercitum</span> <span class='ocrx_word' id='word_1_300' title='bbox 1261 1174 1449 1204; x_wconf 77' lang='lat' dir='ltr'>sollicitaverit.</span> <span class='ocrx_word' id='word_1_301' title='bbox 1468 1180 1521 1213; x_wconf 59' lang='lat' dir='ltr'>Qu!</span> <span class='ocrx_word' id='word_1_302' title='bbox 1531 1176 1632 1203; x_wconf 73' lang='lat' dir='ltr'>ducibus</span> <span class='ocrx_word' id='word_1_303' title='bbox 1642 1175 1748 1212; x_wconf 77' lang='lat' dir='ltr'>hostium</span> <span class='ocrx_word' id='word_1_304' title='bbox 1760 1178 1842 1212; x_wconf 75' lang='lat' dir='ltr'>eaPtiS</span> <span class='ocrx_word' id='word_1_305' title='bbox 1853 1178 1999 1214; x_wconf 86' lang='lat' dir='ltr'>ignoverit.</span> 
     </span>
     <span class='ocr_line' id='line_1_26' title="bbox 417 1212 1997 1252; baseline 0.001 -10"><span class='ocrx_word' id='word_1_306' title='bbox 417 1223 462 1242; x_wconf 84' lang='lat' dir='ltr'>aut</span> <span class='ocrx_word' id='word_1_307' title='bbox 476 1216 586 1251; x_wconf 87' lang='lat' dir='ltr'>pecunia</span> <span class='ocrx_word' id='word_1_308' title='bbox 599 1216 756 1242; x_wconf 80' lang='lat' dir='ltr'>liberaverit.</span> <span class='ocrx_word' id='word_1_309' title='bbox 777 1218 831 1252; x_wconf 68' lang='lat' dir='ltr'>Q!</span> <span class='ocrx_word' id='word_1_310' title='bbox 845 1212 945 1241; x_wconf 65' lang='lat' dir='ltr'>ducibus</span> <span class='ocrx_word' id='word_1_311' title='bbox 954 1213 1095 1247; x_wconf 66' lang='lat' dir='ltr'>praedonum</span> <span class='ocrx_word' id='word_1_312' title='bbox 1109 1214 1190 1249; x_wconf 85' lang='lat' dir='ltr'>captis</span> <span class='ocrx_word' id='word_1_313' title='bbox 1208 1214 1351 1250; x_wconf 87' lang='lat' dir='ltr'>ignoverit.</span> <span class='ocrx_word' id='word_1_314' title='bbox 1373 1217 1426 1251; x_wconf 75' lang='lat' dir='ltr'>Q!</span> <span class='ocrx_word' id='word_1_315' title='bbox 1435 1213 1664 1249; x_wconf 72' lang='lat' dir='ltr'>potestatemficam</span> <span class='ocrx_word' id='word_1_316' title='bbox 1680 1215 1707 1242; x_wconf 92' lang='lat' dir='ltr'>in</span> <span class='ocrx_word' id='word_1_317' title='bbox 1721 1215 1928 1243; x_wconf 86' lang='lat' dir='ltr'>administrando</span> <span class='ocrx_word' id='word_1_318' title='bbox 1941 1225 1997 1243; x_wconf 86' lang='lat' dir='ltr'>non</span> 
     </span>
     <span class='ocr_line' id='line_1_27' title="bbox 420 1251 1994 1290; baseline 0 -10"><span class='ocrx_word' id='word_1_319' title='bbox 420 1253 578 1280; x_wconf 87' lang='lat' dir='ltr'>defenderit.</span> <span class='ocrx_word' id='word_1_320' title='bbox 598 1256 651 1290; x_wconf 74' lang='lat' dir='ltr'>Q¹</span> <span class='ocrx_word' id='word_1_321' title='bbox 666 1252 725 1280; x_wconf 74' lang='lat' dir='ltr'>civis</span> <span class='ocrx_word' id='word_1_322' title='bbox 738 1257 864 1279; x_wconf 64' lang='lat' dir='ltr'>Romanus</span> <span class='ocrx_word' id='word_1_323' title='bbox 878 1251 947 1287; x_wconf 84' lang='lat' dir='ltr'>apud</span> <span class='ocrx_word' id='word_1_324' title='bbox 959 1253 1062 1288; x_wconf 85' lang='lat' dir='ltr'>Regem</span> <span class='ocrx_word' id='word_1_325' title='bbox 1076 1259 1219 1279; x_wconf 85' lang='lat' dir='ltr'>externum</span> <span class='ocrx_word' id='word_1_326' title='bbox 1229 1251 1342 1279; x_wconf 69' lang='lat' dir='ltr'>verlhtus</span> <span class='ocrx_word' id='word_1_327' title='bbox 1356 1251 1443 1280; x_wconf 79' lang='lat' dir='ltr'>fuerit.</span> <span class='ocrx_word' id='word_1_328' title='bbox 1463 1252 1578 1279; x_wconf 64' lang='lat' dir='ltr'>Mulieris</span> <span class='ocrx_word' id='word_1_329' title='bbox 1589 1251 1758 1289; x_wconf 68' lang='lat' dir='ltr'>testimonium</span> <span class='ocrx_word' id='word_1_330' title='bbox 1771 1253 1922 1288; x_wconf 81' lang='lat' dir='ltr'>accipiatur.</span> <span class='ocrx_word' id='word_1_331' title='bbox 1942 1257 1994 1280; x_wconf 75' lang='lat' dir='ltr'>Ca-</span> 
     </span>
     <span class='ocr_line' id='line_1_28' title="bbox 420 1289 1996 1329; baseline 0.001 -12"><span class='ocrx_word' id='word_1_332' title='bbox 420 1290 613 1317; x_wconf 69' lang='lat' dir='ltr'>lummmmlms</span> <span class='ocrx_word' id='word_1_333' title='bbox 628 1291 696 1318; x_wconf 84' lang='lat' dir='ltr'>nulla</span> <span class='ocrx_word' id='word_1_334' title='bbox 710 1300 789 1327; x_wconf 76' lang='lat' dir='ltr'>poena</span> <span class='ocrx_word' id='word_1_335' title='bbox 803 1290 842 1317; x_wconf 83' lang='lat' dir='ltr'>lit.</span> <span class='ocrx_word' id='word_1_336' title='bbox 884 1290 932 1317; x_wconf 84' lang='lat' dir='ltr'>His</span> <span class='ocrx_word' id='word_1_337' title='bbox 940 1289 1072 1317; x_wconf 40' lang='lat' dir='ltr'>dan-*natis</span> <span class='ocrx_word' id='word_1_338' title='bbox 1084 1299 1162 1325; x_wconf 78' lang='lat' dir='ltr'>poena</span> <span class='ocrx_word' id='word_1_339' title='bbox 1176 1299 1263 1326; x_wconf 84' lang='lat' dir='ltr'>aquae,</span> <span class='ocrx_word' id='word_1_340' title='bbox 1284 1292 1310 1318; x_wconf 74' lang='grc' dir='ltr'>ὅ(</span> <span class='ocrx_word' id='word_1_341' title='bbox 1323 1292 1391 1326; x_wconf 79' lang='lat' dir='ltr'>ignis</span> <span class='ocrx_word' id='word_1_342' title='bbox 1407 1291 1559 1318; x_wconf 53' lang='lat' dir='ltr'>interdictio</span> <span class='ocrx_word' id='word_1_343' title='bbox 1573 1290 1611 1318; x_wconf 87' lang='lat' dir='ltr'>fit.</span> <span class='ocrx_word' id='word_1_344' title='bbox 1651 1290 1732 1317; x_wconf 80' lang='lat' dir='ltr'>Cicero</span> <span class='ocrx_word' id='word_1_345' title='bbox 1746 1292 1773 1318; x_wconf 89' lang='lat' dir='ltr'>in</span> <span class='ocrx_word' id='word_1_346' title='bbox 1789 1291 1927 1322; x_wconf 51' lang='lat' dir='ltr'>Plionern,</span> <span class='ocrx_word' id='word_1_347' title='bbox 1946 1301 1996 1329; x_wconf 87' lang='lat' dir='ltr'>pro</span> 
     </span>
     <span class='ocr_line' id='line_1_29' title="bbox 419 1327 1996 1366; baseline 0.001 -11"><span class='ocrx_word' id='word_1_348' title='bbox 419 1328 545 1356; x_wconf 85' lang='lat' dir='ltr'>Cluentio</span> <span class='ocrx_word' id='word_1_349' title='bbox 560 1331 584 1357; x_wconf 70' lang='grc' dir='ltr'>ὅε</span> <span class='ocrx_word' id='word_1_350' title='bbox 599 1329 712 1365; x_wconf 77' lang='lat' dir='ltr'>epistolis</span> <span class='ocrx_word' id='word_1_351' title='bbox 726 1330 757 1356; x_wconf 82' lang='lat' dir='ltr'>ad</span> <span class='ocrx_word' id='word_1_352' title='bbox 773 1330 900 1364; x_wconf 81' lang='lat' dir='ltr'>Appium.</span> <span class='ocrx_word' id='word_1_353' title='bbox 940 1328 1028 1362; x_wconf 79' lang='lat' dir='ltr'>Ascon-</span> <span class='ocrx_word' id='word_1_354' title='bbox 1045 1327 1072 1354; x_wconf 91' lang='lat' dir='ltr'>in</span> <span class='ocrx_word' id='word_1_355' title='bbox 1089 1327 1279 1355; x_wconf 76' lang='lat' dir='ltr'>Cornelianam</span> <span class='ocrx_word' id='word_1_356' title='bbox 1296 1349 1302 1359; x_wconf 93' lang='lat'>,</span> <span class='ocrx_word' id='word_1_357' title='bbox 1324 1331 1349 1356; x_wconf 70' lang='grc' dir='ltr'>ὃ(</span> <span class='ocrx_word' id='word_1_358' title='bbox 1364 1328 1415 1355; x_wconf 87' lang='lat' dir='ltr'>alii.</span> <span class='ocrx_word' id='word_1_359' title='bbox 1456 1330 1515 1356; x_wconf 85' lang='lat' dir='ltr'>Fuit</span> <span class='ocrx_word' id='word_1_360' title='bbox 1533 1331 1557 1356; x_wconf 70' lang='grc' dir='ltr'>δε</span> <span class='ocrx_word' id='word_1_361' title='bbox 1572 1328 1634 1356; x_wconf 87' lang='lat' dir='ltr'>illud</span> <span class='ocrx_word' id='word_1_362' title='bbox 1654 1330 1681 1356; x_wconf 93' lang='lat' dir='ltr'>in</span> <span class='ocrx_word' id='word_1_363' title='bbox 1696 1328 1744 1356; x_wconf 92' lang='lat' dir='ltr'>hac</span> <span class='ocrx_word' id='word_1_364' title='bbox 1758 1328 1817 1365; x_wconf 85' lang='lat' dir='ltr'>lege</span> <span class='ocrx_word' id='word_1_365' title='bbox 1829 1349 1835 1359; x_wconf 94' lang='lat'>,</span> <span class='ocrx_word' id='word_1_366' title='bbox 1856 1335 1885 1356; x_wconf 87' lang='lat' dir='ltr'>ut</span> <span class='ocrx_word' id='word_1_367' title='bbox 1899 1329 1912 1356; x_wconf 78' lang='lat' dir='ltr'>a</span> <span class='ocrx_word' id='word_1_368' title='bbox 1927 1338 1996 1366; x_wconf 79' lang='lat' dir='ltr'>quae-</span> 
     </span>
     <span class='ocr_line' id='line_1_30' title="bbox 418 1365 1997 1404; baseline 0.001 -10"><span class='ocrx_word' id='word_1_369' title='bbox 418 1366 545 1394; x_wconf 79' lang='lat' dir='ltr'>stionibus</span> <span class='ocrx_word' id='word_1_370' title='bbox 559 1366 599 1393; x_wconf 88' lang='lat' dir='ltr'>vel</span> <span class='ocrx_word' id='word_1_371' title='bbox 613 1367 728 1394; x_wconf 83' lang='lat' dir='ltr'>cruentis</span> <span class='ocrx_word' id='word_1_372' title='bbox 741 1366 836 1394; x_wconf 83' lang='lat' dir='ltr'>nullius</span> <span class='ocrx_word' id='word_1_373' title='bbox 851 1365 964 1402; x_wconf 84' lang='lat' dir='ltr'>dignitas</span> <span class='ocrx_word' id='word_1_374' title='bbox 976 1365 1151 1400; x_wconf 80' lang='lat' dir='ltr'>exciperetur.</span> <span class='ocrx_word' id='word_1_375' title='bbox 1190 1365 1327 1393; x_wconf 77' lang='lat' dir='ltr'>Ammian.</span> <span class='ocrx_word' id='word_1_376' title='bbox 1339 1367 1450 1393; x_wconf 69' lang='lat' dir='ltr'>Marcell.</span> <span class='ocrx_word' id='word_1_377' title='bbox 1469 1366 1513 1394; x_wconf 87' lang='lat' dir='ltr'>lib.</span> <span class='ocrx_word' id='word_1_378' title='bbox 1532 1378 1537 1394; x_wconf 91' lang='lat' dir='ltr'>i</span> <span class='ocrx_word' id='word_1_379' title='bbox 1545 1377 1570 1402; x_wconf 89' lang='lat'>9.</span> <span class='ocrx_word' id='word_1_380' title='bbox 1592 1370 1648 1394; x_wconf 78' lang='lat' dir='ltr'>Hac</span> <span class='ocrx_word' id='word_1_381' title='bbox 1661 1367 1719 1404; x_wconf 86' lang='lat' dir='ltr'>lege</span> <span class='ocrx_word' id='word_1_382' title='bbox 1732 1365 1844 1402; x_wconf 82' lang='lat' dir='ltr'>populus</span> <span class='ocrx_word' id='word_1_383' title='bbox 1858 1368 1997 1395; x_wconf 83' lang='lat' dir='ltr'>Romanus</span> 
     </span>
    </p>
   </div>
   <div class='ocr_carea' id='block_1_14' title="bbox 418 1402 1997 1525">
    <p class='ocr_par' dir='ltr' id='par_1_14' title="bbox 418 1402 1997 1525">
     <span class='ocr_line' id='line_1_31' title="bbox 418 1402 1997 1442; baseline 0.001 -11"><span class='ocrx_word' id='word_1_384' title='bbox 418 1404 500 1441; x_wconf 80' lang='lat' dir='ltr'>usque</span> <span class='ocrx_word' id='word_1_385' title='bbox 512 1403 542 1430; x_wconf 88' lang='lat' dir='ltr'>ad</span> <span class='ocrx_word' id='word_1_386' title='bbox 557 1403 686 1431; x_wconf 77' lang='lat' dir='ltr'>Caesarem</span> <span class='ocrx_word' id='word_1_387' title='bbox 701 1404 870 1432; x_wconf 57' lang='lat' dir='ltr'>Dietatorem</span> <span class='ocrx_word' id='word_1_388' title='bbox 885 1403 921 1430; x_wconf 87' lang='lat' dir='ltr'>est</span> <span class='ocrx_word' id='word_1_389' title='bbox 936 1402 1002 1430; x_wconf 83' lang='lat' dir='ltr'>usus.</span> <span class='ocrx_word' id='word_1_390' title='bbox 1043 1403 1068 1430; x_wconf 89' lang='lat' dir='ltr'>Is</span> <span class='ocrx_word' id='word_1_391' title='bbox 1088 1404 1148 1431; x_wconf 88' lang='lat' dir='ltr'>tulit</span> <span class='ocrx_word' id='word_1_392' title='bbox 1161 1424 1169 1435; x_wconf 94' lang='lat'>,</span> <span class='ocrx_word' id='word_1_393' title='bbox 1196 1412 1225 1431; x_wconf 87' lang='lat' dir='ltr'>ut</span> <span class='ocrx_word' id='word_1_394' title='bbox 1246 1405 1279 1431; x_wconf 90' lang='lat' dir='ltr'>de</span> <span class='ocrx_word' id='word_1_395' title='bbox 1292 1404 1319 1431; x_wconf 60' lang='grc' dir='ltr'>τε)</span> <span class='ocrx_word' id='word_1_396' title='bbox 1336 1403 1376 1436; x_wconf 58' lang='lat'>&lt;9</span> <span class='ocrx_word' id='word_1_397' title='bbox 1394 1403 1523 1440; x_wconf 68' lang='lat' dir='ltr'>majestate</span> <span class='ocrx_word' id='word_1_398' title='bbox 1541 1405 1671 1431; x_wconf 70' lang='lat' dir='ltr'>damnatis</span> <span class='ocrx_word' id='word_1_399' title='bbox 1693 1414 1760 1442; x_wconf 82' lang='lat' dir='ltr'>aqua</span> <span class='ocrx_word' id='word_1_400' title='bbox 1774 1406 1801 1432; x_wconf 84' lang='lat'>&amp;</span> <span class='ocrx_word' id='word_1_401' title='bbox 1818 1404 1874 1441; x_wconf 86' lang='lat' dir='ltr'>igni</span> <span class='ocrx_word' id='word_1_402' title='bbox 1887 1405 1997 1434; x_wconf 85' lang='lat' dir='ltr'>interdi-</span> 
     </span>
     <span class='ocr_line' id='line_1_32' title="bbox 419 1441 787 1478; baseline 0 -9"><span class='ocrx_word' id='word_1_403' title='bbox 419 1450 532 1471; x_wconf 88' lang='lat' dir='ltr'>ceretur.</span> <span class='ocrx_word' id='word_1_404' title='bbox 554 1441 638 1470; x_wconf 71' lang='lat' dir='ltr'>cicero</span> <span class='ocrx_word' id='word_1_405' title='bbox 655 1453 675 1470; x_wconf 85' lang='lat'>1.</span> <span class='ocrx_word' id='word_1_406' title='bbox 691 1442 787 1478; x_wconf 84' lang='lat' dir='ltr'>Philip.</span> 
     </span>
     <span class='ocr_line' id='line_1_33' title="bbox 1121 1477 1299 1525; baseline 0 -13"><span class='ocrx_word' id='word_1_407' title='bbox 1121 1477 1214 1525; x_wconf 72' lang='lat' dir='ltr'>Julia</span> <span class='ocrx_word' id='word_1_408' title='bbox 1239 1479 1299 1512; x_wconf 84' lang='lat' dir='ltr'>Iex.</span> 
     </span>
    </p>
   </div>
   <div class='ocr_carea' id='block_1_15' title="bbox 421 1539 2001 1844">
    <p class='ocr_par' dir='ltr' id='par_1_15' title="bbox 425 1539 1997 1616">
     <span class='ocr_line' id='line_1_34' title="bbox 461 1539 1997 1578; baseline -0.001 -8"><span class='ocrx_word' id='word_1_409' title='bbox 461 1542 519 1570; x_wconf 85' lang='lat' dir='ltr'>Alia</span> <span class='ocrx_word' id='word_1_410' title='bbox 533 1542 569 1568; x_wconf 85' lang='lat' dir='ltr'>est</span> <span class='ocrx_word' id='word_1_411' title='bbox 582 1541 665 1578; x_wconf 80' lang='lat' dir='ltr'>Julia</span> <span class='ocrx_word' id='word_1_412' title='bbox 678 1562 686 1573; x_wconf 94' lang='lat'><em>‚</em></span> <span class='ocrx_word' id='word_1_413' title='bbox 707 1550 787 1578; x_wconf 85' lang='lat' dir='ltr'>quam</span> <span class='ocrx_word' id='word_1_414' title='bbox 806 1540 865 1568; x_wconf 86' lang='lat' dir='ltr'>tulit</span> <span class='ocrx_word' id='word_1_415' title='bbox 883 1545 914 1568; x_wconf 86' lang='lat' dir='ltr'>C.</span> <span class='ocrx_word' id='word_1_416' title='bbox 926 1539 1051 1568; x_wconf 65' lang='lat' dir='ltr'>Oc&#39;i‘avius</span> <span class='ocrx_word' id='word_1_417' title='bbox 1063 1539 1193 1577; x_wconf 80' lang='lat' dir='ltr'>Augustus</span> <span class='ocrx_word' id='word_1_418' title='bbox 1209 1561 1216 1572; x_wconf 95' lang='lat'>,</span> <span class='ocrx_word' id='word_1_419' title='bbox 1236 1541 1313 1577; x_wconf 77' lang='lat' dir='ltr'>cujus</span> <span class='ocrx_word' id='word_1_420' title='bbox 1327 1539 1431 1567; x_wconf 83' lang='lat' dir='ltr'>mentio</span> <span class='ocrx_word' id='word_1_421' title='bbox 1447 1539 1539 1568; x_wconf 86' lang='lat' dir='ltr'>crebra</span> <span class='ocrx_word' id='word_1_422' title='bbox 1554 1540 1580 1568; x_wconf 93' lang='lat' dir='ltr'>in</span> <span class='ocrx_word' id='word_1_423' title='bbox 1596 1539 1668 1568; x_wconf 86' lang='lat' dir='ltr'>libris</span> <span class='ocrx_word' id='word_1_424' title='bbox 1685 1539 1935 1576; x_wconf 80' lang='lat' dir='ltr'>jurisconsultorum</span> <span class='ocrx_word' id='word_1_425' title='bbox 1951 1550 1997 1569; x_wconf 92' lang='lat' dir='ltr'>oc-</span> 
     </span>
     <span class='ocr_line' id='line_1_35' title="bbox 425 1579 878 1616; baseline -0.004 -7"><span class='ocrx_word' id='word_1_426' title='bbox 425 1581 517 1609; x_wconf 89' lang='lat' dir='ltr'>currit.</span> <span class='ocrx_word' id='word_1_427' title='bbox 538 1580 601 1616; x_wconf 84' lang='lat' dir='ltr'>Ejus</span> <span class='ocrx_word' id='word_1_428' title='bbox 614 1579 668 1606; x_wconf 68' lang='lat' dir='ltr'>haec</span> <span class='ocrx_word' id='word_1_429' title='bbox 681 1586 771 1607; x_wconf 83' lang='lat' dir='ltr'>extant</span> <span class='ocrx_word' id='word_1_430' title='bbox 784 1580 878 1614; x_wconf 75' lang='lat' dir='ltr'>capita.</span> 
     </span>
    </p>

    <p class='ocr_par' dir='ltr' id='par_1_16' title="bbox 421 1615 2001 1844">
     <span class='ocr_line' id='line_1_36' title="bbox 464 1615 1999 1654; baseline 0.001 -11"><span class='ocrx_word' id='word_1_431' title='bbox 464 1622 559 1644; x_wconf 67' lang='lat' dir='ltr'>Prator</span> <span class='ocrx_word' id='word_1_432' title='bbox 573 1618 617 1654; x_wconf 88' lang='lat' dir='ltr'>qui</span> <span class='ocrx_word' id='word_1_433' title='bbox 632 1627 662 1644; x_wconf 86' lang='lat' dir='ltr'>ex</span> <span class='ocrx_word' id='word_1_434' title='bbox 678 1617 724 1644; x_wconf 87' lang='lat' dir='ltr'>hac</span> <span class='ocrx_word' id='word_1_435' title='bbox 738 1617 794 1654; x_wconf 82' lang='lat' dir='ltr'>lege</span> <span class='ocrx_word' id='word_1_436' title='bbox 808 1624 919 1652; x_wconf 53' lang='lat' dir='ltr'>quaeret,</span> <span class='ocrx_word' id='word_1_437' title='bbox 940 1616 974 1643; x_wconf 88' lang='lat' dir='ltr'>de</span> <span class='ocrx_word' id='word_1_438' title='bbox 987 1626 1020 1643; x_wconf 87' lang='lat' dir='ltr'>co</span> <span class='ocrx_word' id='word_1_439' title='bbox 1035 1616 1160 1652; x_wconf 75' lang='lat' dir='ltr'>quaerito‚</span> <span class='ocrx_word' id='word_1_440' title='bbox 1179 1617 1247 1650; x_wconf 70' lang='lat' dir='ltr'>cnjus</span> <span class='ocrx_word' id='word_1_441' title='bbox 1261 1625 1332 1650; x_wconf 75' lang='lat' dir='ltr'>opera</span> <span class='ocrx_word' id='word_1_442' title='bbox 1347 1616 1410 1644; x_wconf 93' lang='lat' dir='ltr'>dolo</span> <span class='ocrx_word' id='word_1_443' title='bbox 1425 1615 1497 1643; x_wconf 81' lang='lat' dir='ltr'>malo</span> <span class='ocrx_word' id='word_1_444' title='bbox 1511 1615 1650 1643; x_wconf 86' lang='lat' dir='ltr'>consilium</span> <span class='ocrx_word' id='word_1_445' title='bbox 1666 1616 1762 1643; x_wconf 86' lang='lat' dir='ltr'>initum</span> <span class='ocrx_word' id='word_1_446' title='bbox 1778 1617 1844 1647; x_wconf 84' lang='lat' dir='ltr'>erit,</span> <span class='ocrx_word' id='word_1_447' title='bbox 1863 1625 1917 1653; x_wconf 89' lang='lat' dir='ltr'>quo</span> <span class='ocrx_word' id='word_1_448' title='bbox 1932 1616 1999 1644; x_wconf 84' lang='lat' dir='ltr'>obfi-</span> 
     </span>
     <span class='ocr_line' id='line_1_37' title="bbox 422 1653 2000 1692; baseline 0 -9"><span class='ocrx_word' id='word_1_449' title='bbox 422 1657 468 1685; x_wconf 88' lang='lat' dir='ltr'>des</span> <span class='ocrx_word' id='word_1_450' title='bbox 486 1655 581 1691; x_wconf 78' lang='lat' dir='ltr'>injuss&#39;u</span> <span class='ocrx_word' id='word_1_451' title='bbox 592 1655 716 1692; x_wconf 82' lang='lat' dir='ltr'>principis</span> <span class='ocrx_word' id='word_1_452' title='bbox 728 1655 930 1685; x_wconf 70' lang='lat' dir='ltr'>interciderent,</span> <span class='ocrx_word' id='word_1_453' title='bbox 951 1663 1004 1690; x_wconf 85' lang='lat' dir='ltr'>quo</span> <span class='ocrx_word' id='word_1_454' title='bbox 1017 1655 1112 1681; x_wconf 62' lang='lat' dir='ltr'>armati</span> <span class='ocrx_word' id='word_1_455' title='bbox 1127 1653 1250 1681; x_wconf 86' lang='lat' dir='ltr'>homines</span> <span class='ocrx_word' id='word_1_456' title='bbox 1269 1663 1330 1681; x_wconf 85' lang='lat' dir='ltr'>cuni</span> <span class='ocrx_word' id='word_1_457' title='bbox 1349 1655 1407 1682; x_wconf 86' lang='lat' dir='ltr'>telis</span> <span class='ocrx_word' id='word_1_458' title='bbox 1421 1653 1582 1690; x_wconf 75' lang='lat' dir='ltr'>lapidibusve</span> <span class='ocrx_word' id='word_1_459' title='bbox 1595 1655 1622 1681; x_wconf 89' lang='lat' dir='ltr'>in</span> <span class='ocrx_word' id='word_1_460' title='bbox 1635 1653 1700 1681; x_wconf 79' lang='lat' dir='ltr'>Urbe</span> <span class='ocrx_word' id='word_1_461' title='bbox 1712 1654 1778 1685; x_wconf 76' lang='lat' dir='ltr'>fiat,</span> <span class='ocrx_word' id='word_1_462' title='bbox 1805 1655 2000 1683; x_wconf 85' lang='lat' dir='ltr'>conveniantve</span> 
     </span>
     <span class='ocr_line' id='line_1_38' title="bbox 421 1691 2001 1729; baseline 0.001 -9"><span class='ocrx_word' id='word_1_463' title='bbox 421 1694 544 1723; x_wconf 79' lang='lat' dir='ltr'>adversus</span> <span class='ocrx_word' id='word_1_464' title='bbox 557 1691 729 1727; x_wconf 66' lang='lat' dir='ltr'>rempublicam</span> <span class='ocrx_word' id='word_1_465' title='bbox 742 1713 749 1724; x_wconf 91' lang='lat'><strong><em>‚</em></strong></span> <span class='ocrx_word' id='word_1_466' title='bbox 771 1693 861 1719; x_wconf 90' lang='lat' dir='ltr'>locave</span> <span class='ocrx_word' id='word_1_467' title='bbox 874 1701 1053 1729; x_wconf 77' lang='lat' dir='ltr'>occupemur,</span> <span class='ocrx_word' id='word_1_468' title='bbox 1075 1693 1115 1718; x_wconf 79' lang='lat' dir='ltr'>vel</span> <span class='ocrx_word' id='word_1_469' title='bbox 1130 1691 1246 1727; x_wconf 86' lang='lat' dir='ltr'>templa,</span> <span class='ocrx_word' id='word_1_470' title='bbox 1267 1701 1354 1729; x_wconf 85' lang='lat' dir='ltr'>quove</span> <span class='ocrx_word' id='word_1_471' title='bbox 1371 1701 1455 1720; x_wconf 84' lang='lat' dir='ltr'>coetus</span> <span class='ocrx_word' id='word_1_472' title='bbox 1470 1701 1618 1720; x_wconf 82' lang='lat' dir='ltr'>conventus</span> <span class='ocrx_word' id='word_1_473' title='bbox 1633 1692 1677 1719; x_wconf 83' lang='lat' dir='ltr'>fiat</span> <span class='ocrx_word' id='word_1_474' title='bbox 1690 1712 1700 1723; x_wconf 89' lang='lat'><em>‚</em></span> <span class='ocrx_word' id='word_1_475' title='bbox 1720 1691 1876 1720; x_wconf 77' lang='lat' dir='ltr'>hominelve</span> <span class='ocrx_word' id='word_1_476' title='bbox 1889 1693 1922 1720; x_wconf 88' lang='lat' dir='ltr'>ad</span> <span class='ocrx_word' id='word_1_477' title='bbox 1935 1693 2001 1721; x_wconf 76' lang='lat' dir='ltr'>ledi-</span> 
     </span>
     <span class='ocr_line' id='line_1_39' title="bbox 423 1729 1999 1768; baseline -0.001 -8"><span class='ocrx_word' id='word_1_478' title='bbox 423 1735 528 1761; x_wconf 84' lang='lat' dir='ltr'>tionem</span> <span class='ocrx_word' id='word_1_479' title='bbox 545 1739 743 1758; x_wconf 83' lang='lat' dir='ltr'>convoccntur:</span> <span class='ocrx_word' id='word_1_480' title='bbox 763 1729 870 1766; x_wconf 89' lang='lat' dir='ltr'>cujusve</span> <span class='ocrx_word' id='word_1_481' title='bbox 883 1740 977 1767; x_wconf 78' lang='lat' dir='ltr'>opera,</span> <span class='ocrx_word' id='word_1_482' title='bbox 999 1732 1025 1758; x_wconf 74' lang='grc' dir='ltr'>ὃ(</span> <span class='ocrx_word' id='word_1_483' title='bbox 1039 1730 1162 1760; x_wconf 84' lang='lat' dir='ltr'>consilio,</span> <span class='ocrx_word' id='word_1_484' title='bbox 1182 1730 1247 1757; x_wconf 82' lang='lat' dir='ltr'>dolo</span> <span class='ocrx_word' id='word_1_485' title='bbox 1261 1730 1347 1761; x_wconf 86' lang='lat' dir='ltr'>malo,</span> <span class='ocrx_word' id='word_1_486' title='bbox 1368 1731 1507 1759; x_wconf 84' lang='lat' dir='ltr'>confilium</span> <span class='ocrx_word' id='word_1_487' title='bbox 1521 1731 1619 1757; x_wconf 82' lang='lat' dir='ltr'>initum</span> <span class='ocrx_word' id='word_1_488' title='bbox 1635 1731 1686 1757; x_wconf 89' lang='lat' dir='ltr'>erit</span> <span class='ocrx_word' id='word_1_489' title='bbox 1700 1750 1706 1760; x_wconf 84' lang='grc'>,</span> <span class='ocrx_word' id='word_1_490' title='bbox 1727 1739 1782 1767; x_wconf 87' lang='lat' dir='ltr'>quo</span> <span class='ocrx_word' id='word_1_491' title='bbox 1796 1731 1855 1766; x_wconf 85' lang='lat' dir='ltr'>quis</span> <span class='ocrx_word' id='word_1_492' title='bbox 1867 1730 1999 1768; x_wconf 66' lang='lat' dir='ltr'>magistra-</span> 
     </span>
     <span class='ocr_line' id='line_1_40' title="bbox 421 1767 2000 1806; baseline -0.001 -9"><span class='ocrx_word' id='word_1_493' title='bbox 421 1779 464 1799; x_wconf 78' lang='lat' dir='ltr'>tus</span> <span class='ocrx_word' id='word_1_494' title='bbox 478 1768 569 1806; x_wconf 85' lang='lat' dir='ltr'>populi</span> <span class='ocrx_word' id='word_1_495' title='bbox 584 1769 718 1801; x_wconf 82' lang='lat' dir='ltr'>Romani,</span> <span class='ocrx_word' id='word_1_496' title='bbox 739 1770 818 1805; x_wconf 88' lang='lat' dir='ltr'>quive</span> <span class='ocrx_word' id='word_1_497' title='bbox 833 1769 977 1805; x_wconf 84' lang='lat' dir='ltr'>imperium</span> <span class='ocrx_word' id='word_1_498' title='bbox 986 1789 992 1798; x_wconf 93' lang='lat'>,</span> <span class='ocrx_word' id='word_1_499' title='bbox 1014 1769 1208 1804; x_wconf 84' lang='lat' dir='ltr'>potestatemve</span> <span class='ocrx_word' id='word_1_500' title='bbox 1222 1767 1313 1796; x_wconf 88' lang='lat' dir='ltr'>habet.</span> <span class='ocrx_word' id='word_1_501' title='bbox 1333 1770 1484 1799; x_wconf 83' lang='lat' dir='ltr'>occidatur,</span> <span class='ocrx_word' id='word_1_502' title='bbox 1505 1777 1593 1804; x_wconf 83' lang='lat' dir='ltr'>quove</span> <span class='ocrx_word' id='word_1_503' title='bbox 1606 1768 1663 1804; x_wconf 87' lang='lat' dir='ltr'>quis</span> <span class='ocrx_word' id='word_1_504' title='bbox 1675 1777 1760 1794; x_wconf 84' lang='lat' dir='ltr'>contra</span> <span class='ocrx_word' id='word_1_505' title='bbox 1773 1768 1946 1802; x_wconf 72' lang='lat' dir='ltr'>rempublicam</span> <span class='ocrx_word' id='word_1_506' title='bbox 1959 1777 2000 1795; x_wconf 86' lang='lat' dir='ltr'>ar-</span> 
     </span>
     <span class='ocr_line' id='line_1_41' title="bbox 423 1805 1998 1844; baseline -0.001 -8"><span class='ocrx_word' id='word_1_507' title='bbox 423 1819 470 1836; x_wconf 81' lang='lat' dir='ltr'>ma</span> <span class='ocrx_word' id='word_1_508' title='bbox 485 1808 551 1836; x_wconf 87' lang='lat' dir='ltr'>ferat</span> <span class='ocrx_word' id='word_1_509' title='bbox 564 1828 571 1838; x_wconf 90' lang='lat'><em>‚</em></span> <span class='ocrx_word' id='word_1_510' title='bbox 591 1808 671 1844; x_wconf 89' lang='lat' dir='ltr'>quive</span> <span class='ocrx_word' id='word_1_511' title='bbox 684 1807 798 1834; x_wconf 81' lang='lat' dir='ltr'>hostibus</span> <span class='ocrx_word' id='word_1_512' title='bbox 810 1806 893 1840; x_wconf 68' lang='lat' dir='ltr'>popul!</span> <span class='ocrx_word' id='word_1_513' title='bbox 907 1811 1013 1833; x_wconf 75' lang='lat' dir='ltr'>R2mam</span> <span class='ocrx_word' id='word_1_514' title='bbox 1026 1807 1151 1833; x_wconf 84' lang='lat' dir='ltr'>nuntium</span> <span class='ocrx_word' id='word_1_515' title='bbox 1166 1826 1172 1835; x_wconf 93' lang='lat'><strong>‚</strong></span> <span class='ocrx_word' id='word_1_516' title='bbox 1192 1805 1331 1841; x_wconf 73' lang='lat' dir='ltr'>litei-:isque</span> <span class='ocrx_word' id='word_1_517' title='bbox 1345 1806 1445 1834; x_wconf 79' lang='lat' dir='ltr'>miserit</span> <span class='ocrx_word' id='word_1_518' title='bbox 1460 1827 1465 1836; x_wconf 86' lang='lat'>,</span> <span class='ocrx_word' id='word_1_519' title='bbox 1487 1805 1626 1841; x_wconf 67' lang='lat' dir='ltr'>signumve</span> <span class='ocrx_word' id='word_1_520' title='bbox 1645 1806 1749 1833; x_wconf 83' lang='lat' dir='ltr'>dederit</span> <span class='ocrx_word' id='word_1_521' title='bbox 1764 1826 1771 1837; x_wconf 89' lang='lat'>,</span> <span class='ocrx_word' id='word_1_522' title='bbox 1792 1805 1919 1833; x_wconf 86' lang='lat' dir='ltr'>feceritve</span> <span class='ocrx_word' id='word_1_523' title='bbox 1934 1806 1998 1834; x_wconf 89' lang='lat' dir='ltr'>dolo</span> 
     </span>
    </p>
   </div>
   <div class='ocr_carea' id='block_1_16' title="bbox 424 1842 2002 1920">
    <p class='ocr_par' dir='ltr' id='par_1_17' title="bbox 424 1842 2002 1920">
     <span class='ocr_line' id='line_1_42' title="bbox 424 1842 2002 1883; baseline -0.001 -9"><span class='ocrx_word' id='word_1_524' title='bbox 424 1846 513 1878; x_wconf 88' lang='lat' dir='ltr'>malo,</span> <span class='ocrx_word' id='word_1_525' title='bbox 536 1855 590 1883; x_wconf 86' lang='lat' dir='ltr'>quo</span> <span class='ocrx_word' id='word_1_526' title='bbox 602 1843 676 1879; x_wconf 73' lang='lat' dir='ltr'>hostes</span> <span class='ocrx_word' id='word_1_527' title='bbox 685 1844 766 1879; x_wconf 80' lang='lat' dir='ltr'>populi</span> <span class='ocrx_word' id='word_1_528' title='bbox 780 1848 886 1871; x_wconf 63' lang='lat' dir='ltr'>Romam</span> <span class='ocrx_word' id='word_1_529' title='bbox 897 1845 1025 1880; x_wconf 87' lang='lat' dir='ltr'>juventur</span> <span class='ocrx_word' id='word_1_530' title='bbox 1037 1843 1158 1871; x_wconf 79' lang='lat' dir='ltr'>adversus</span> <span class='ocrx_word' id='word_1_531' title='bbox 1171 1843 1379 1880; x_wconf 86' lang='lat' dir='ltr'>rempublicam,</span> <span class='ocrx_word' id='word_1_532' title='bbox 1400 1844 1480 1880; x_wconf 86' lang='lat' dir='ltr'>quive</span> <span class='ocrx_word' id='word_1_533' title='bbox 1493 1843 1591 1871; x_wconf 84' lang='lat' dir='ltr'>milites</span> <span class='ocrx_word' id='word_1_534' title='bbox 1604 1842 1798 1875; x_wconf 80' lang='lat' dir='ltr'>sollicitaverit,</span> <span class='ocrx_word' id='word_1_535' title='bbox 1817 1844 2002 1873; x_wconf 80' lang='lat' dir='ltr'>concitaverit-</span> 
     </span>
     <span class='ocr_line' id='line_1_43' title="bbox 424 1881 1234 1920; baseline -0.002 -8"><span class='ocrx_word' id='word_1_536' title='bbox 424 1894 469 1916; x_wconf 85' lang='lat' dir='ltr'>ve,</span> <span class='ocrx_word' id='word_1_537' title='bbox 489 1893 543 1920; x_wconf 84' lang='lat' dir='ltr'>quo</span> <span class='ocrx_word' id='word_1_538' title='bbox 555 1883 648 1910; x_wconf 67' lang='lat' dir='ltr'>leditio</span> <span class='ocrx_word' id='word_1_539' title='bbox 661 1882 822 1911; x_wconf 77' lang='lat' dir='ltr'>tumultusve</span> <span class='ocrx_word' id='word_1_540' title='bbox 837 1881 959 1909; x_wconf 80' lang='lat' dir='ltr'>adversus</span> <span class='ocrx_word' id='word_1_541' title='bbox 972 1881 1165 1918; x_wconf 84' lang='lat' dir='ltr'>rempublicam</span> <span class='ocrx_word' id='word_1_542' title='bbox 1180 1882 1234 1910; x_wconf 76' lang='lat' dir='ltr'>fiat.</span> 
     </span>
    </p>
   </div>
   <div class='ocr_carea' id='block_1_17' title="bbox 425 1918 2071 2417">
    <p class='ocr_par' dir='ltr' id='par_1_18' title="bbox 464 1918 1695 1957">
     <span class='ocr_line' id='line_1_44' title="bbox 464 1918 1695 1957; baseline -0.002 -8"><span class='ocrx_word' id='word_1_543' title='bbox 464 1923 535 1950; x_wconf 86' lang='lat' dir='ltr'>Item</span> <span class='ocrx_word' id='word_1_544' title='bbox 550 1922 583 1949; x_wconf 91' lang='lat' dir='ltr'>dc</span> <span class='ocrx_word' id='word_1_545' title='bbox 597 1931 645 1952; x_wconf 90' lang='lat' dir='ltr'>eo,</span> <span class='ocrx_word' id='word_1_546' title='bbox 667 1922 713 1957; x_wconf 84' lang='lat' dir='ltr'>qui</span> <span class='ocrx_word' id='word_1_547' title='bbox 727 1922 754 1948; x_wconf 86' lang='lat' dir='ltr'>iu</span> <span class='ocrx_word' id='word_1_548' title='bbox 767 1919 841 1947; x_wconf 82' lang='lat' dir='ltr'>bellis</span> <span class='ocrx_word' id='word_1_549' title='bbox 857 1921 958 1947; x_wconf 79' lang='lat' dir='ltr'>ccsserit</span> <span class='ocrx_word' id='word_1_550' title='bbox 969 1941 975 1951; x_wconf 87' lang='lat'><strong><em>‚</em></strong></span> <span class='ocrx_word' id='word_1_551' title='bbox 996 1928 1040 1946; x_wconf 85' lang='lat' dir='ltr'>aut</span> <span class='ocrx_word' id='word_1_552' title='bbox 1054 1929 1144 1947; x_wconf 81' lang='lat' dir='ltr'>arcem</span> <span class='ocrx_word' id='word_1_553' title='bbox 1159 1929 1213 1947; x_wconf 90' lang='lat' dir='ltr'>non</span> <span class='ocrx_word' id='word_1_554' title='bbox 1231 1921 1362 1952; x_wconf 89' lang='lat' dir='ltr'>tenuerit,</span> <span class='ocrx_word' id='word_1_555' title='bbox 1383 1927 1426 1949; x_wconf 91' lang='lat' dir='ltr'>aut</span> <span class='ocrx_word' id='word_1_556' title='bbox 1439 1921 1520 1948; x_wconf 85' lang='lat' dir='ltr'>castra</span> <span class='ocrx_word' id='word_1_557' title='bbox 1533 1918 1695 1947; x_wconf 79' lang='lat' dir='ltr'>concesserit.</span> 
     </span>
    </p>

    <p class='ocr_par' dir='ltr' id='par_1_19' title="bbox 425 1957 2071 2337">
     <span class='ocr_line' id='line_1_45' title="bbox 463 1957 2068 1997; baseline -0.001 -11"><span class='ocrx_word' id='word_1_558' title='bbox 463 1964 517 1997; x_wconf 62' lang='lat' dir='ltr'>Qut</span> <span class='ocrx_word' id='word_1_559' title='bbox 530 1957 622 1996; x_wconf 63' lang='lat' dir='ltr'>injussu</span> <span class='ocrx_word' id='word_1_560' title='bbox 630 1957 748 1993; x_wconf 75' lang='lat' dir='ltr'>principis</span> <span class='ocrx_word' id='word_1_561' title='bbox 759 1958 848 1985; x_wconf 82' lang='lat' dir='ltr'>bellam</span> <span class='ocrx_word' id='word_1_562' title='bbox 856 1957 972 1996; x_wconf 58' lang='lat' dir='ltr'>gesserit,</span> <span class='ocrx_word' id='word_1_563' title='bbox 993 1957 1163 1985; x_wconf 74' lang='lat' dir='ltr'>dele6tumve</span> <span class='ocrx_word' id='word_1_564' title='bbox 1175 1957 1310 1989; x_wconf 81' lang='lat' dir='ltr'>habuerit,</span> <span class='ocrx_word' id='word_1_565' title='bbox 1330 1960 1477 1986; x_wconf 86' lang='lat' dir='ltr'>exercitum</span> <span class='ocrx_word' id='word_1_566' title='bbox 1492 1958 1685 1994; x_wconf 86' lang='lat' dir='ltr'>comparaverit</span> <span class='ocrx_word' id='word_1_567' title='bbox 1699 1978 1706 1989; x_wconf 90' lang='lat'>‚</span> <span class='ocrx_word' id='word_1_568' title='bbox 1728 1957 1808 1994; x_wconf 89' lang='lat' dir='ltr'>quive</span> <span class='ocrx_word' id='word_1_569' title='bbox 1821 1979 1829 1989; x_wconf 94' lang='lat'><em>‚</em></span> <span class='ocrx_word' id='word_1_570' title='bbox 1850 1967 1912 1986; x_wconf 89' lang='lat' dir='ltr'>cum</span> <span class='ocrx_word' id='word_1_571' title='bbox 1930 1958 1954 1986; x_wconf 90' lang='lat' dir='ltr'>ei</span> <span class='ocrx_word' id='word_1_572' title='bbox 1972 1959 2000 1987; x_wconf 83' lang='lat' dir='ltr'>in</span> <span class='ocrx_word' id='word_1_573' title='bbox 2058 1975 2068 1984; x_wconf 52' lang='lat' dir='ltr'>,i</span> 
     </span>
     <span class='ocr_line' id='line_1_46' title="bbox 425 1994 2071 2038; baseline -0.001 -13"><span class='ocrx_word' id='word_1_574' title='bbox 425 1999 592 2034; x_wconf 83' lang='lat' dir='ltr'>provinciam</span> <span class='ocrx_word' id='word_1_575' title='bbox 607 1996 750 2025; x_wconf 64' lang='lat' dir='ltr'>successum</span> <span class='ocrx_word' id='word_1_576' title='bbox 764 1996 827 2024; x_wconf 77' lang='lat' dir='ltr'>essct</span> <span class='ocrx_word' id='word_1_577' title='bbox 841 1998 987 2024; x_wconf 84' lang='lat' dir='ltr'>exercitum</span> <span class='ocrx_word' id='word_1_578' title='bbox 1002 1995 1140 2024; x_wconf 76' lang='lat' dir='ltr'>success&#39;ori</span> <span class='ocrx_word' id='word_1_579' title='bbox 1152 2005 1207 2023; x_wconf 89' lang='lat' dir='ltr'>non</span> <span class='ocrx_word' id='word_1_580' title='bbox 1221 1996 1359 2025; x_wconf 83' lang='lat' dir='ltr'>tradiderit</span> <span class='ocrx_word' id='word_1_581' title='bbox 1372 2007 1377 2024; x_wconf 88' lang='grc'>·,</span> <span class='ocrx_word' id='word_1_582' title='bbox 1398 1997 1477 2034; x_wconf 91' lang='lat' dir='ltr'>quive</span> <span class='ocrx_word' id='word_1_583' title='bbox 1491 1997 1635 2032; x_wconf 87' lang='lat' dir='ltr'>imperium</span> <span class='ocrx_word' id='word_1_584' title='bbox 1653 2017 1658 2025; x_wconf 86' lang='lat'>,</span> <span class='ocrx_word' id='word_1_585' title='bbox 1677 1994 1850 2023; x_wconf 83' lang='lat' dir='ltr'>exercitumve</span> <span class='ocrx_word' id='word_1_586' title='bbox 1856 1996 1940 2031; x_wconf 69' lang='lat' dir='ltr'>populi</span> <span class='ocrx_word' id='word_1_587' title='bbox 1953 2000 2012 2024; x_wconf 85' lang='lat' dir='ltr'>Ro-.</span> <span class='ocrx_word' id='word_1_588' title='bbox 2037 2002 2071 2038; x_wconf 52' lang='lat'>‚4&#39;‘</span> 
     </span>
     <span class='ocr_line' id='line_1_47' title="bbox 427 2033 2000 2072; baseline 0.001 -10"><span class='ocrx_word' id='word_1_589' title='bbox 427 2034 499 2062; x_wconf 81' lang='lat' dir='ltr'>mani</span> <span class='ocrx_word' id='word_1_590' title='bbox 513 2035 648 2069; x_wconf 49' lang='lat' dir='ltr'>destruent</span> <span class='ocrx_word' id='word_1_591' title='bbox 663 2054 670 2064; x_wconf 91' lang='lat'>‚</span> <span class='ocrx_word' id='word_1_592' title='bbox 689 2036 769 2071; x_wconf 84' lang='lat' dir='ltr'>quive</span> <span class='ocrx_word' id='word_1_593' title='bbox 782 2036 899 2070; x_wconf 83' lang='lat' dir='ltr'>privatus</span> <span class='ocrx_word' id='word_1_594' title='bbox 912 2043 961 2071; x_wconf 90' lang='lat' dir='ltr'>pro</span> <span class='ocrx_word' id='word_1_595' title='bbox 974 2035 1102 2070; x_wconf 87' lang='lat' dir='ltr'>potestate</span> <span class='ocrx_word' id='word_1_596' title='bbox 1115 2054 1122 2065; x_wconf 90' lang='lat'>,</span> <span class='ocrx_word' id='word_1_597' title='bbox 1145 2035 1334 2071; x_wconf 81' lang='lat' dir='ltr'>magistratuve</span> <span class='ocrx_word' id='word_1_598' title='bbox 1352 2036 1415 2071; x_wconf 87' lang='lat' dir='ltr'>quid</span> <span class='ocrx_word' id='word_1_599' title='bbox 1430 2034 1512 2062; x_wconf 84' lang='lat' dir='ltr'>sciens</span> <span class='ocrx_word' id='word_1_600' title='bbox 1530 2033 1594 2061; x_wconf 91' lang='lat' dir='ltr'>dolo</span> <span class='ocrx_word' id='word_1_601' title='bbox 1608 2033 1681 2061; x_wconf 88' lang='lat' dir='ltr'>malo</span> <span class='ocrx_word' id='word_1_602' title='bbox 1700 2033 1807 2071; x_wconf 80' lang='lat' dir='ltr'>gesserit</span> <span class='ocrx_word' id='word_1_603' title='bbox 1820 2056 1827 2065; x_wconf 88' lang='lat'>,</span> <span class='ocrx_word' id='word_1_604' title='bbox 1848 2036 1928 2071; x_wconf 88' lang='lat' dir='ltr'>quive</span> <span class='ocrx_word' id='word_1_605' title='bbox 1938 2033 2000 2072; x_wconf 89' lang='lat' dir='ltr'>quid</span> 
     </span>
     <span class='ocr_line' id='line_1_48' title="bbox 428 2072 2000 2111; baseline 0 -11"><span class='ocrx_word' id='word_1_606' title='bbox 428 2082 521 2100; x_wconf 83' lang='lat' dir='ltr'>eorum</span> <span class='ocrx_word' id='word_1_607' title='bbox 531 2093 538 2103; x_wconf 92' lang='lat'><em>‚</em></span> <span class='ocrx_word' id='word_1_608' title='bbox 558 2082 614 2109; x_wconf 82' lang='lat' dir='ltr'>quae</span> <span class='ocrx_word' id='word_1_609' title='bbox 626 2072 701 2109; x_wconf 85' lang='lat' dir='ltr'>supra</span> <span class='ocrx_word' id='word_1_610' title='bbox 714 2073 809 2108; x_wconf 72' lang='lat' dir='ltr'>scripta</span> <span class='ocrx_word' id='word_1_611' title='bbox 824 2072 882 2100; x_wconf 74' lang='lat' dir='ltr'>sunt</span> <span class='ocrx_word' id='word_1_612' title='bbox 892 2093 899 2104; x_wconf 91' lang='lat'>,</span> <span class='ocrx_word' id='word_1_613' title='bbox 922 2072 1008 2100; x_wconf 87' lang='lat' dir='ltr'>facere</span> <span class='ocrx_word' id='word_1_614' title='bbox 1026 2073 1166 2099; x_wconf 81' lang='lat' dir='ltr'>curaverit.</span> <span class='ocrx_word' id='word_1_615' title='bbox 1206 2072 1323 2108; x_wconf 86' lang='lat' dir='ltr'>Ciijusve</span> <span class='ocrx_word' id='word_1_616' title='bbox 1342 2072 1405 2100; x_wconf 87' lang='lat' dir='ltr'>dolo</span> <span class='ocrx_word' id='word_1_617' title='bbox 1420 2072 1491 2100; x_wconf 89' lang='lat' dir='ltr'>malo</span> <span class='ocrx_word' id='word_1_618' title='bbox 1503 2072 1675 2108; x_wconf 81' lang='lat' dir='ltr'>jurejurando</span> <span class='ocrx_word' id='word_1_619' title='bbox 1689 2073 1746 2109; x_wconf 86' lang='lat' dir='ltr'>quis</span> <span class='ocrx_word' id='word_1_620' title='bbox 1757 2072 1862 2100; x_wconf 59' lang='lat' dir='ltr'>adaetus</span> <span class='ocrx_word' id='word_1_621' title='bbox 1876 2074 1928 2104; x_wconf 86' lang='lat' dir='ltr'>est,</span> <span class='ocrx_word' id='word_1_622' title='bbox 1947 2081 2000 2111; x_wconf 87' lang='lat' dir='ltr'>quo</span> 
     </span>
     <span class='ocr_line' id='line_1_49' title="bbox 429 2109 2000 2147; baseline 0.003 -13"><span class='ocrx_word' id='word_1_623' title='bbox 429 2110 547 2142; x_wconf 61' lang='lat' dir='ltr'>advetfics</span> <span class='ocrx_word' id='word_1_624' title='bbox 560 2110 732 2143; x_wconf 75' lang='lat' dir='ltr'>rempublicam</span> <span class='ocrx_word' id='word_1_625' title='bbox 746 2111 823 2138; x_wconf 72' lang='lat' dir='ltr'>iaciat</span> <span class='ocrx_word' id='word_1_626' title='bbox 838 2121 841 2136; x_wconf 93' lang='lat'>:</span> <span class='ocrx_word' id='word_1_627' title='bbox 865 2109 973 2146; x_wconf 84' lang='lat' dir='ltr'>cujusve</span> <span class='ocrx_word' id='word_1_628' title='bbox 986 2109 1050 2137; x_wconf 91' lang='lat' dir='ltr'>dolo</span> <span class='ocrx_word' id='word_1_629' title='bbox 1065 2110 1137 2137; x_wconf 87' lang='lat' dir='ltr'>malo</span> <span class='ocrx_word' id='word_1_630' title='bbox 1151 2112 1281 2138; x_wconf 81' lang='lat' dir='ltr'>exercitus</span> <span class='ocrx_word' id='word_1_631' title='bbox 1291 2111 1382 2147; x_wconf 88' lang='lat' dir='ltr'>populi</span> <span class='ocrx_word' id='word_1_632' title='bbox 1397 2112 1513 2137; x_wconf 88' lang='lat' dir='ltr'>Romani</span> <span class='ocrx_word' id='word_1_633' title='bbox 1528 2112 1555 2138; x_wconf 94' lang='lat' dir='ltr'>in</span> <span class='ocrx_word' id='word_1_634' title='bbox 1571 2110 1673 2138; x_wconf 83' lang='lat' dir='ltr'>infidias</span> <span class='ocrx_word' id='word_1_635' title='bbox 1690 2110 1833 2142; x_wconf 62' lang='lat' dir='ltr'>deductus,</span> <span class='ocrx_word' id='word_1_636' title='bbox 1853 2110 2000 2138; x_wconf 83' lang='lat' dir='ltr'>hostibusve</span> 
     </span>
     <span class='ocr_line' id='line_1_50' title="bbox 428 2147 2013 2186; baseline 0.003 -14"><span class='ocrx_word' id='word_1_637' title='bbox 428 2148 550 2185; x_wconf 83' lang='lat' dir='ltr'>proditus</span> <span class='ocrx_word' id='word_1_638' title='bbox 559 2148 621 2178; x_wconf 80' lang='lat' dir='ltr'>erit,</span> <span class='ocrx_word' id='word_1_639' title='bbox 644 2147 780 2176; x_wconf 57' lang='lat' dir='ltr'>factumve</span> <span class='ocrx_word' id='word_1_640' title='bbox 793 2148 857 2175; x_wconf 91' lang='lat' dir='ltr'>dolo</span> <span class='ocrx_word' id='word_1_641' title='bbox 871 2148 943 2175; x_wconf 87' lang='lat' dir='ltr'>malo</span> <span class='ocrx_word' id='word_1_642' title='bbox 957 2148 1032 2183; x_wconf 82' lang='lat' dir='ltr'>cujus</span> <span class='ocrx_word' id='word_1_643' title='bbox 1046 2148 1149 2179; x_wconf 84' lang='lat' dir='ltr'>dicitur,</span> <span class='ocrx_word' id='word_1_644' title='bbox 1160 2157 1215 2185; x_wconf 90' lang='lat' dir='ltr'>quo</span> <span class='ocrx_word' id='word_1_645' title='bbox 1224 2150 1312 2175; x_wconf 80' lang='lat' dir='ltr'>minus</span> <span class='ocrx_word' id='word_1_646' title='bbox 1324 2148 1410 2176; x_wconf 87' lang='lat' dir='ltr'>hostes</span> <span class='ocrx_word' id='word_1_647' title='bbox 1422 2147 1449 2174; x_wconf 71' lang='lat' dir='ltr'>in</span> <span class='ocrx_word' id='word_1_648' title='bbox 1456 2147 1602 2186; x_wconf 64' lang='lat' dir='ltr'>potestatem</span> <span class='ocrx_word' id='word_1_649' title='bbox 1611 2147 1694 2182; x_wconf 78' lang='lat' dir='ltr'>populi</span> <span class='ocrx_word' id='word_1_650' title='bbox 1707 2147 1814 2175; x_wconf 75' lang='lat' dir='ltr'>Romani</span> <span class='ocrx_word' id='word_1_651' title='bbox 1829 2151 2013 2180; x_wconf 79' lang='lat' dir='ltr'>veniant,cu-.</span> 
     </span>
     <span class='ocr_line' id='line_1_51' title="bbox 427 2184 2002 2224; baseline 0.002 -12"><span class='ocrx_word' id='word_1_652' title='bbox 427 2184 503 2221; x_wconf 86' lang='lat' dir='ltr'>jusve</span> <span class='ocrx_word' id='word_1_653' title='bbox 516 2192 595 2218; x_wconf 85' lang='lat' dir='ltr'>opera</span> <span class='ocrx_word' id='word_1_654' title='bbox 609 2184 672 2211; x_wconf 87' lang='lat' dir='ltr'>dolo</span> <span class='ocrx_word' id='word_1_655' title='bbox 687 2186 757 2213; x_wconf 88' lang='lat' dir='ltr'>malo</span> <span class='ocrx_word' id='word_1_656' title='bbox 769 2186 853 2213; x_wconf 89' lang='lat' dir='ltr'>hostes</span> <span class='ocrx_word' id='word_1_657' title='bbox 867 2185 958 2222; x_wconf 81' lang='lat' dir='ltr'>populi</span> <span class='ocrx_word' id='word_1_658' title='bbox 974 2187 1092 2213; x_wconf 86' lang='lat' dir='ltr'>Romani</span> <span class='ocrx_word' id='word_1_659' title='bbox 1105 2195 1275 2218; x_wconf 83' lang='lat' dir='ltr'>commeatu,</span> <span class='ocrx_word' id='word_1_660' title='bbox 1295 2188 1390 2218; x_wconf 78' lang='lat' dir='ltr'>armis,</span> <span class='ocrx_word' id='word_1_661' title='bbox 1412 2185 1483 2217; x_wconf 84' lang='lat' dir='ltr'>telis,</span> <span class='ocrx_word' id='word_1_662' title='bbox 1503 2187 1592 2223; x_wconf 86' lang='lat' dir='ltr'>equis,</span> <span class='ocrx_word' id='word_1_663' title='bbox 1612 2187 1736 2223; x_wconf 76' lang='lat' dir='ltr'>pecunia,</span> <span class='ocrx_word' id='word_1_664' title='bbox 1756 2186 1839 2213; x_wconf 86' lang='lat' dir='ltr'>aliave</span> <span class='ocrx_word' id='word_1_665' title='bbox 1851 2196 1902 2224; x_wconf 92' lang='lat' dir='ltr'>qua</span> <span class='ocrx_word' id='word_1_666' title='bbox 1915 2197 1943 2214; x_wconf 89' lang='lat' dir='ltr'>re</span> <span class='ocrx_word' id='word_1_667' title='bbox 1957 2187 2002 2215; x_wconf 86' lang='lat' dir='ltr'>ad-</span> 
     </span>
     <span class='ocr_line' id='line_1_52' title="bbox 428 2222 2000 2261; baseline 0.003 -13"><span class='ocrx_word' id='word_1_668' title='bbox 428 2222 480 2259; x_wconf 85' lang='lat' dir='ltr'>juti</span> <span class='ocrx_word' id='word_1_669' title='bbox 491 2228 568 2248; x_wconf 88' lang='lat' dir='ltr'>erunt</span> <span class='ocrx_word' id='word_1_670' title='bbox 583 2241 591 2252; x_wconf 93' lang='lat'><em>‚</em></span> <span class='ocrx_word' id='word_1_671' title='bbox 610 2229 639 2248; x_wconf 88' lang='lat' dir='ltr'>ut</span> <span class='ocrx_word' id='word_1_672' title='bbox 653 2231 686 2248; x_wconf 90' lang='lat' dir='ltr'>ne</span> <span class='ocrx_word' id='word_1_673' title='bbox 701 2233 733 2250; x_wconf 78' lang='lat' dir='ltr'>ex</span> <span class='ocrx_word' id='word_1_674' title='bbox 747 2225 840 2251; x_wconf 82' lang='lat' dir='ltr'>amicis</span> <span class='ocrx_word' id='word_1_675' title='bbox 858 2224 944 2252; x_wconf 88' lang='lat' dir='ltr'>hostes</span> <span class='ocrx_word' id='word_1_676' title='bbox 951 2223 1035 2258; x_wconf 76' lang='lat' dir='ltr'>populi</span> <span class='ocrx_word' id='word_1_677' title='bbox 1049 2223 1156 2251; x_wconf 80' lang='lat' dir='ltr'>Romani</span> <span class='ocrx_word' id='word_1_678' title='bbox 1171 2224 1235 2252; x_wconf 78' lang='lat' dir='ltr'>fiant</span> <span class='ocrx_word' id='word_1_679' title='bbox 1246 2245 1254 2256; x_wconf 93' lang='lat'>‚</span> <span class='ocrx_word' id='word_1_680' title='bbox 1276 2223 1383 2260; x_wconf 90' lang='lat' dir='ltr'>cujusve</span> <span class='ocrx_word' id='word_1_681' title='bbox 1396 2224 1460 2252; x_wconf 91' lang='lat' dir='ltr'>dolo</span> <span class='ocrx_word' id='word_1_682' title='bbox 1475 2224 1547 2252; x_wconf 86' lang='lat' dir='ltr'>malo</span> <span class='ocrx_word' id='word_1_683' title='bbox 1561 2224 1663 2252; x_wconf 61' lang='lat' dir='ltr'>fafitum</span> <span class='ocrx_word' id='word_1_684' title='bbox 1679 2224 1745 2256; x_wconf 89' lang='lat' dir='ltr'>erit,</span> <span class='ocrx_word' id='word_1_685' title='bbox 1765 2233 1819 2261; x_wconf 90' lang='lat' dir='ltr'>quo</span> <span class='ocrx_word' id='word_1_686' title='bbox 1834 2226 1893 2252; x_wconf 87' lang='lat' dir='ltr'>Rex</span> <span class='ocrx_word' id='word_1_687' title='bbox 1907 2233 2000 2252; x_wconf 81' lang='lat' dir='ltr'>exterae</span> 
     </span>
     <span class='ocr_line' id='line_1_53' title="bbox 429 2259 2002 2300; baseline 0.002 -13"><span class='ocrx_word' id='word_1_688' title='bbox 429 2259 544 2288; x_wconf 87' lang='lat' dir='ltr'>nationis</span> <span class='ocrx_word' id='word_1_689' title='bbox 551 2259 636 2292; x_wconf 80' lang='lat' dir='ltr'>populo</span> <span class='ocrx_word' id='word_1_690' title='bbox 651 2262 760 2286; x_wconf 73' lang='lat' dir='ltr'>Romano</span> <span class='ocrx_word' id='word_1_691' title='bbox 774 2263 860 2290; x_wconf 87' lang='lat' dir='ltr'>minus</span> <span class='ocrx_word' id='word_1_692' title='bbox 875 2262 1045 2299; x_wconf 87' lang='lat' dir='ltr'>obtemperet</span> <span class='ocrx_word' id='word_1_693' title='bbox 1057 2273 1063 2290; x_wconf 77' lang='lat' dir='ltr'>z</span> <span class='ocrx_word' id='word_1_694' title='bbox 1084 2262 1192 2298; x_wconf 84' lang='lat' dir='ltr'>cujusve</span> <span class='ocrx_word' id='word_1_695' title='bbox 1207 2270 1288 2298; x_wconf 84' lang='lat' dir='ltr'>opera</span> <span class='ocrx_word' id='word_1_696' title='bbox 1303 2261 1368 2289; x_wconf 92' lang='lat' dir='ltr'>dolo</span> <span class='ocrx_word' id='word_1_697' title='bbox 1384 2263 1456 2290; x_wconf 86' lang='lat' dir='ltr'>malo</span> <span class='ocrx_word' id='word_1_698' title='bbox 1470 2262 1572 2291; x_wconf 59' lang='lat' dir='ltr'>fafitum</span> <span class='ocrx_word' id='word_1_699' title='bbox 1588 2263 1639 2290; x_wconf 89' lang='lat' dir='ltr'>erit</span> <span class='ocrx_word' id='word_1_700' title='bbox 1652 2283 1660 2294; x_wconf 93' lang='lat'>,</span> <span class='ocrx_word' id='word_1_701' title='bbox 1680 2271 1735 2300; x_wconf 91' lang='lat' dir='ltr'>quo</span> <span class='ocrx_word' id='word_1_702' title='bbox 1747 2263 1832 2299; x_wconf 86' lang='lat' dir='ltr'>magis</span> <span class='ocrx_word' id='word_1_703' title='bbox 1844 2262 1945 2290; x_wconf 86' lang='lat' dir='ltr'>obfides</span> <span class='ocrx_word' id='word_1_704' title='bbox 1955 2271 2002 2299; x_wconf 51' lang='lat' dir='ltr'>per</span> 
     </span>
     <span class='ocr_line' id='line_1_54' title="bbox 430 2297 1517 2337; baseline 0.003 -11"><span class='ocrx_word' id='word_1_705' title='bbox 430 2298 522 2327; x_wconf 90' lang='lat' dir='ltr'>cunia,</span> <span class='ocrx_word' id='word_1_706' title='bbox 541 2297 704 2332; x_wconf 79' lang='lat' dir='ltr'>juramenta,</span> <span class='ocrx_word' id='word_1_707' title='bbox 724 2298 839 2326; x_wconf 84' lang='lat' dir='ltr'>hostibus</span> <span class='ocrx_word' id='word_1_708' title='bbox 847 2300 932 2335; x_wconf 80' lang='lat' dir='ltr'>populi</span> <span class='ocrx_word' id='word_1_709' title='bbox 949 2299 1056 2327; x_wconf 81' lang='lat' dir='ltr'>Romani</span> <span class='ocrx_word' id='word_1_710' title='bbox 1068 2301 1165 2328; x_wconf 89' lang='lat' dir='ltr'>dentur</span> <span class='ocrx_word' id='word_1_711' title='bbox 1180 2299 1302 2328; x_wconf 82' lang='lat' dir='ltr'>adversus</span> <span class='ocrx_word' id='word_1_712' title='bbox 1313 2300 1517 2337; x_wconf 84' lang='lat' dir='ltr'>rempublicam.</span> 
     </span>
    </p>

    <p class='ocr_par' dir='ltr' id='par_1_20' title="bbox 431 2333 2004 2417">
     <span class='ocr_line' id='line_1_55' title="bbox 446 2333 2002 2376; baseline 0.001 -14"><span class='ocrx_word' id='word_1_713' title='bbox 446 2341 449 2345; x_wconf 90' lang='lat'>·</span> <span class='ocrx_word' id='word_1_714' title='bbox 468 2336 541 2363; x_wconf 86' lang='lat' dir='ltr'>Item</span> <span class='ocrx_word' id='word_1_715' title='bbox 553 2333 585 2360; x_wconf 85' lang='lat' dir='ltr'>de</span> <span class='ocrx_word' id='word_1_716' title='bbox 597 2343 623 2360; x_wconf 84' lang='lat' dir='ltr'>eo</span> <span class='ocrx_word' id='word_1_717' title='bbox 635 2334 751 2376; x_wconf 52' lang='grc' dir='ltr'>ᾳιςαζὶιο,</span> <span class='ocrx_word' id='word_1_718' title='bbox 770 2338 816 2372; x_wconf 86' lang='lat' dir='ltr'>qui</span> <span class='ocrx_word' id='word_1_719' title='bbox 827 2337 974 2365; x_wconf 70' lang='lat' dir='ltr'>confefl‘um</span> <span class='ocrx_word' id='word_1_720' title='bbox 988 2339 1016 2366; x_wconf 87' lang='lat' dir='ltr'>in</span> <span class='ocrx_word' id='word_1_721' title='bbox 1028 2338 1131 2374; x_wconf 84' lang='lat' dir='ltr'>judicio</span> <span class='ocrx_word' id='word_1_722' title='bbox 1143 2347 1234 2370; x_wconf 87' lang='lat' dir='ltr'>reum,</span> <span class='ocrx_word' id='word_1_723' title='bbox 1243 2340 1386 2375; x_wconf 83' lang='lat' dir='ltr'>&amp;propter</span> <span class='ocrx_word' id='word_1_724' title='bbox 1401 2338 1453 2367; x_wconf 89' lang='lat' dir='ltr'>hoc</span> <span class='ocrx_word' id='word_1_725' title='bbox 1466 2340 1493 2368; x_wconf 89' lang='lat' dir='ltr'>in</span> <span class='ocrx_word' id='word_1_726' title='bbox 1508 2338 1612 2368; x_wconf 86' lang='lat' dir='ltr'>vincula</span> <span class='ocrx_word' id='word_1_727' title='bbox 1625 2339 1778 2376; x_wconf 70' lang='lat' dir='ltr'>conjectum</span> <span class='ocrx_word' id='word_1_728' title='bbox 1789 2336 1911 2365; x_wconf 89' lang='lat' dir='ltr'>emiserit.</span> <span class='ocrx_word' id='word_1_729' title='bbox 1929 2338 2002 2368; x_wconf 82' lang='lat' dir='ltr'>Item</span> 
     </span>
     <span class='ocr_line' id='line_1_56' title="bbox 431 2371 2004 2417; baseline 0.001 -15"><span class='ocrx_word' id='word_1_730' title='bbox 431 2373 506 2410; x_wconf 85' lang='lat' dir='ltr'>cujus</span> <span class='ocrx_word' id='word_1_731' title='bbox 519 2380 587 2409; x_wconf 78' lang='lat' dir='ltr'>ope,</span> <span class='ocrx_word' id='word_1_732' title='bbox 602 2371 727 2405; x_wconf 71' lang='lat'>001111110,</span> <span class='ocrx_word' id='word_1_733' title='bbox 743 2374 805 2401; x_wconf 81' lang='lat' dir='ltr'>dolo</span> <span class='ocrx_word' id='word_1_734' title='bbox 814 2375 898 2407; x_wconf 68' lang='lat' dir='ltr'>malo,</span> <span class='ocrx_word' id='word_1_735' title='bbox 908 2377 1055 2411; x_wconf 78' lang='lat' dir='ltr'>provincia,</span> <span class='ocrx_word' id='word_1_736' title='bbox 1071 2376 1113 2406; x_wconf 89' lang='lat' dir='ltr'>vel</span> <span class='ocrx_word' id='word_1_737' title='bbox 1123 2377 1214 2406; x_wconf 82' lang='lat' dir='ltr'>civitas</span> <span class='ocrx_word' id='word_1_738' title='bbox 1226 2376 1343 2405; x_wconf 87' lang='lat' dir='ltr'>hostibus</span> <span class='ocrx_word' id='word_1_739' title='bbox 1354 2377 1461 2415; x_wconf 89' lang='lat' dir='ltr'>prodita</span> <span class='ocrx_word' id='word_1_740' title='bbox 1469 2379 1513 2407; x_wconf 89' lang='lat' dir='ltr'>est.</span> <span class='ocrx_word' id='word_1_741' title='bbox 1531 2377 1586 2417; x_wconf 77' lang='lat' dir='ltr'>Qi</span> <span class='ocrx_word' id='word_1_742' title='bbox 1592 2376 1694 2416; x_wconf 67' lang='lat' dir='ltr'>statua</span> <span class='ocrx_word' id='word_1_743' title='bbox 1706 2384 1753 2404; x_wconf 75' lang='lat' dir='ltr'>aut</span> <span class='ocrx_word' id='word_1_744' title='bbox 1765 2374 1886 2412; x_wconf 62' lang='lat' dir='ltr'>imagines</span> <span class='ocrx_word' id='word_1_745' title='bbox 1897 2378 2004 2410; x_wconf 79' lang='lat' dir='ltr'>Impera-</span> 
     </span>
    </p>
   </div>
   <div class='ocr_carea' id='block_1_18' title="bbox 1946 2414 2006 2444">
    <p class='ocr_par' dir='ltr' id='par_1_21' title="bbox 1946 2414 2006 2444">
     <span class='ocr_line' id='line_1_57' title="bbox 1946 2414 2006 2444; baseline 0 0"><span class='ocrx_word' id='word_1_746' title='bbox 1946 2414 2006 2444; x_wconf 69' lang='lat' dir='ltr'><em>toris</em></span> 
     </span>
    </p>
   </div>
   <div class='ocr_carea' id='block_1_19' title="bbox 2013 248 2075 2734">
    <p class='ocr_par' dir='ltr' id='par_1_22' title="bbox 2013 248 2075 2734">
     <span class='ocr_line' id='line_1_58' title="bbox 2013 248 2075 2734; baseline 0 0"><span class='ocrx_word' id='word_1_747' title='bbox 2013 248 2075 2734; x_wconf 95' lang='lat' dir='ltr'> </span> 
     </span>
    </p>
   </div>
  </div>
 </body>
</html>
