2075 2734
449 66 825 94 Ltnznnn

77 118 150 144 exilio
157 116 170 142 *a
176 115 282 142 tribubus
288 115 332 140 esse
339 113 464 139 multatum
473 130 479 141 ‚
486 112 553 146 quod
560 114 657 145 ptaedam
665 114 690 138 in
701 115 787 138 Antiati
795 122 850 146 agi-o

75 150 160 176 fastam
167 148 305 175 occultasset,
313 147 387 171 necin
395 145 516 178 publicum
523 146 646 170 retulisset:
654 145 744 169 fatebor
751 146 850 175 sortasse,

75 184 210 214 peculatum
216 179 282 204 fitiss'e
290 198 295 207 ,
303 187 352 211 quo
360 178 457 202 Martius
463 177 494 201 est
501 177 672 201 condemnatus
680 195 686 203 ‚
694 178 809 206 judicium
817 185 846 202 ta-

76 222 134 238 men
141 213 201 238 illud
209 220 257 236 non
265 211 354 235 vocabo
361 229 367 238 ,
374 209 413 233 sed
421 211 470 233 vim
478 208 593 241 quandam
601 210 624 232 δι
631 210 750 240 impetum
765 211 845 234 multi-

76 246 167 270 tudiuis
173 245 301 268 concitatae.
313 242 392 266 ulcisci
399 241 463 273 plebs
469 248 523 264 cum
531 241 584 263 alias
598 241 691 269 iniurias
699 240 711 263 ὲ
721 242 805 265 Martio
813 249 845 265 ac-

76 284 162 308 ceptas,
169 277 220 300 turn
229 276 293 299 illam
301 275 405 298 maxime
412 273 494 298 voluit,
503 272 568 304 quod
576 280 631 295 cum
639 272 786 296 frumentum
795 272 807 296 a
815 272 845 297 se-

76 316 132 333 natu
139 314 240 339 peteret,
257 314 316 330 unus
329 313 357 329 ex
364 303 475 328 omnibus
487 304 589 335 patriciis
602 306 712 327 acerrime
725 305 844 329 restiterat.

79 348 150 372 quare
158 341 181 363 in
189 340 232 363 illo
239 339 328 368 judicio
336 337 395 361 nihil
402 336 480 359 minus
487 351 494 361 ,
508 342 579 366 quam
587 336 713 367 quidleges
721 337 807 360 vellent
815 355 820 363 ,
834 335 846 360 a
861 365 863 371 Ι

76 372 146 403 plebe
153 372 279 403 spestatum
286 370 325 393 est.
331 369 400 398 Qiod
407 373 483 390 autem
491 367 617 398 Dionysius
625 368 649 391 ὅ(
657 369 847 395 l'lutarchusmon

76 403 194 427 absentem
203 420 208 430 ‚
226 401 264 426 sed
272 399 418 433 presentem,
436 399 517 431 Livius
527 406 603 422 autem
617 407 695 423 contra
708 401 845 424 damnatum

76 435 195 459 absentem
203 434 282 458 tradit:
300 432 370 456 Livio
377 431 451 461 tnagis
465 430 592 454 assenserim
601 449 607 458 ‚
624 431 655 455 est
661 432 726 455 enim
735 432 846 455 verilimiv

76 463 391 495 1ius‚C0tiolanum‚irritat:t
400 462 474 493 plebis
482 463 531 486 vim
540 463 665 487 timentem
672 464 760 492 judicio
767 462 789 487 se
797 471 847 487 non

76 497 218 522 commisisse
225 514 231 523 ‚
245 495 415 523 &antejudicii
423 493 487 517 diem
495 495 557 518 Urbe
563 495 651 519 exiiffe.
668 495 830 519 Acceditillud
839 513 845 522 ,

77 530 143 561 quod
152 547 158 557 ,
170 529 211 553 etsr
218 528 247 552 de
256 527 380 551 Coriolani
387 527 461 549 exilio
469 526 529 549 inter
536 528 750 550 omnesconvenit:
767 527 796 551 de
804 528 844 551 cri-

75 563 142 585 mine
149 566 285 591 tamen‚qu0
293 559 412 582 damnatus
419 557 458 585 est,
467 565 514 581 non
522 557 587 581 idem
595 566 679 582 omnes
685 559 787 582 tradunt.
795 559 846 582 Πυ-

76 594 165 616 tarchus
173 592 303 624 peculatum
311 596 434 614 memorat.
444 590 522 613 Livius
529 590 609 614 delisti
615 598 704 614 nomen
713 598 762 613 non
771 592 846 621 ponit.

75 623 203 655 Dionysius
210 624 355 647 nominatam
363 619 481 653 quidem}
494 622 582 645 Sicinio
595 622 692 645 tribuno
706 621 779 653 plebis
792 630 844 653 prx-

75 655 129 680 dam
139 657 257 679 Antiatem
266 655 290 677 in
298 654 420 677 Coriolani
429 653 570 677 accusatione
577 653 687 685 fignificat
695 671 700 680 ,
718 652 756 677 sed
764 656 788 677 u't
795 662 845 685 per-

75 687 204 711 duellionis
212 688 311 713 crimen,
320 686 385 716 quod
392 686 427 709 illi
434 685 554 712 obieelum
561 693 615 712 etat,
626 686 773 716 probaretur:
781 685 846 717 quod

73 726 125 743 eam
139 720 239 750 praedam
252 718 395 741 Coriolanus
409 717 490 740 amicis
502 719 527 741 &
537 717 663 741 clientibus
674 716 797 744 divisisset,
814 724 845 741 eo

74 751 174 775 consilio
183 767 189 778 ,
197 758 221 774 u:
229 749 303 774 socios
310 750 333 772 ἃ
342 749 447 772 satellites
455 749 481 772 ad
489 749 609 780 parandam
618 748 764 780 tyrannidem
772 756 844 780 quam

73 783 191 813 plurimos
199 782 296 805 liaberet.
313 788 382 812 quare
390 797 396 807 ,
409 780 563 807 siverumest,
581 781 645 812 quod
653 782 726 804 Graeci
734 781 844 804 homines

71 814 183 846 scriptum
191 815 222 837 rel
227 812 443 845 lquere,multatum
450 813 524 835 exilio
530 813 844 839 Coriolanum‚cumLivius‚

74 854 125 869 non
133 846 267 870 damnatum
274 845 348 868 exilio
357 860 363 870 ‚
382 843 420 866 sed
430 845 566 866 damnatum
580 844 605 866 in
618 842 714 867 Volscos
724 844 842 867 exulatum
857 856 860 874 l

74 877 153 901 abiisse
160 877 231 900 tradat
237 892 244 902 ,
257 882 283 898 ut
290 874 417 906 significate
424 874 538 904 quiddam
552 875 580 897 de
587 875 722 898 voluntario
729 876 801 898 exilio
810 876 842 899 vi-

72 908 123 932 deri
130 907 211 939 possit:
224 913 302 930 tamen
310 923 316 932 ,
331 906 366 929 vel
376 906 429 936 quia
437 906 550 932 iudicium
563 906 623 930 illud
630 914 679 930 non
687 906 731 930 suit
739 923 745 933 2
762 905 801 930 sed
808 907 843 931 fu—

71 940 143 963 rentis
151 938 224 970 plebis
232 939 333 969 impetus
341 955 347 964 ,
355 938 391 960 vel
399 938 454 970 quia
460 945 514 961 cum
523 938 627 968 peculatu
634 938 786 967 coniunc‘kum
799 946 844 962 una

71 971 117 995 fuit
124 971 293 1003 perduellionis
299 970 388 993 crimen
397 977 402 991 :
410 970 470 993 nihil
478 969 564 996 obstat,
572 970 631 1001 quin
640 971 770 1002 peculatum
778 978 806 994 ex
814 978 843 994 eo

71 1010 156 1035 genere
163 1002 292 1026 criminum
300 1000 365 1024 fuisse
371 1001 490 1024 credamus
497 1019 503 1028 ‚
522 1002 603 1032 quoin
609 1009 694 1032 genere
707 1010 757 1025 non
764 1003 845 1034 capitis

71 1042 119 1059 erat
126 1051 132 1062 ‚
148 1034 186 1058 sed
194 1034 296 1066 pecuniae
303 1032 509 1064 poenaconstituta.
527 1036 578 1056 Hoc
585 1033 613 1056 de
619 1034 719 1057 crimine
731 1034 768 1057 lex
782 1035 845 1057 nulla

71 1067 217 1091 nominatur.
231 1065 270 1089 sed
279 1067 370 1088 anteM.
383 1065 507 1088 AErmlium
514 1065 632 1095 Lepidum
640 1082 647 1093 ‚
665 1069 691 1089 C.
700 1066 843 1089 Flaminium

71 1097 136 1122 Coss.
150 1105 199 1130 quo
206 1104 267 1121 anno
273 1095 379 1127 superior
386 1096 508 1120 Africanus
517 1094 530 1119 ὲ
542 1096 634 1120 duobus
646 1097 734 1120 Periliis
745 1098 844 1121 tribunis

71 1130 147 1161 plebis
155 1129 186 1153 est
193 1128 312 1154 accusatus,
321 1127 421 1155 iudicem
428 1127 533 1151 senatum
539 1127 614 1156 fuiffe,
623 1128 843 1152 Liv.lib.xxxv111.

70 1169 121 1193 cap.
131 1169 168 1189 54.
177 1160 287 1192 significat
295 1160 330 1183 his
337 1159 421 1183 verbis.
438 1159 494 1182 Huic
500 1161 603 1190 rogan'oni
615 1161 648 1191 §.Q
656 1159 681 1183 ύ-
690 1162 717 1183 L.
725 1163 842 1183 ‘Mummii'

884 68 1249 96 chlnvs·
1599 73 1652 112 853

877 122 916 138 ret.
936 118 989 139 Hazc
1002 115 1062 148 apud
1075 117 1203 148 Ulpianum
1216 117 1272 148 Dig.
1285 122 1349 141 xnvr
1356 122 1365 139 r
1373 123 1393 140 t.
1410 123 1420 140 r
1427 114 1449 144 31
1459 124 1479 141 r.
1495 116 1576 149 scripta
1591 117 1651 143 sunt·

880 147 950 177 Qod
959 154 1035 172 autem
1042 148 1135 172 additur
1142 148 1256 177 Venuleio
1268 156 1294 172 n.
1302 153 1324 172 8.
1335 148 1415 172 eadem
1429 150 1488 180 Julia
1503 151 1554 181 lege
1566 149 1652 175 obstri-

879 178 1000 203 Rosfuiffe
1007 181 1045 211 qui
1051 189 1084 207 u,
1092 181 1114 202 itt
1121 188 1161 211 qua
1169 181 1222 203 leves
1231 181 1296 210 incuſso.
1303 186 1372 207 eram,
1382 180 1495 211 refixtsscs,
1504 191 1513 203 a
1520 184 1540 203 el
1550 184 1602 212 quid
1607 184 1652 205 im-

879 211 988 239 murxffit,
996 218 1035 234 aut
1041 213 1063 234 in
1069 211 1160 242 publicis
1167 197 1249 235 ra‘lmlis
1255 214 1530 243 deleviss’er‚1'ndux1sse1ve
1537 224 1544 236 .-
1554 214 1600 237 hac
1606 221 1652 245 ego

878 249 927 265 non
935 242 960 266 ad
969 244 1101 273 peculatum
1109 260 1116 269 ,
1127 242 1166 266 sed
1173 242 1200 266 ad
1208 243 1347 272 majestatem
1355 244 1483 267 retulerim.
1497 244 1563 276 quod
1576 245 1592 268 si
1601 254 1652 276 pre-

877 273 912 296 tio
920 274 1072 299 commissum
1081 274 1105 298 id
1112 273 1201 298 fuisset:
1212 283 1242 300 ne
1249 275 1278 298 lic
1285 275 1383 307 quidem
1392 279 1506 307 peculatus
1514 276 1574 300 mihi
1585 278 1651 300 vide-

878 311 921 332 tur,
930 305 968 330 sed
976 305 1103 330 damnandi
1110 307 1189 337 potius
1198 307 1317 335 majestatis
1324 308 1346 330 δι
1353 308 1509 339 corruptus‚&
1517 315 1648 340 corruptor.

877 337 982 367 quaedam
989 338 1054 362 enim
1063 339 1148 361 incerta
1156 339 1254 362 crimina
1267 340 1292 363 in
1304 339 1446 365 maiestatem
1458 339 1648 364 conferebantur:

877 375 954 399 neque
961 369 1023 393 aliud
1030 370 1119 393 crimen
1129 370 1213 397 patebat
1221 371 1295 394 latius.
1308 378 1375 402 atque
1387 373 1456 394 etiam
1465 389 1471 398 ,
1484 371 1550 403 quod
1559 372 1583 396 in
1594 372 1648 403 lege

875 400 934 431 julia
942 402 1059 431 peculatus
1069 402 1099 425 ait
1107 403 1219 434 Ulpianus
1231 401 1465 433 l.l.sc1ipturnsulffe
1474 420 1480 430 ‚
1487 412 1511 426 ne
1517 405 1566 433 quir
1578 412 1649 436 eat-pe-

877 434 1015 463 cumafiura,
1023 434 1163 465 religio-fitque
1169 435 1271 462 auferret,
1278 436 1410 462 interciperet
1418 444 1450 461 ,ιη
1457 436 1568 464 remsuam
1576 443 1648 458 verte-

877 469 919 489 ret,
927 472 975 487 non
985 465 1115 496 peculatum
1125 467 1287 496 magis‚quam
1294 464 1448 497 sacrilegium,
1456 466 1521 490 fuisse
1530 466 1648 490 existima-

876 495 958 519 verim.
976 498 1029 519 Haec
1037 503 1142 527 praterea
1150 496 1233 520 suntin
1241 498 1341 520 crimine
1348 498 1473 529 peculatus.-
1488 498 1564 529 siquis
1570 501 1648 529 lmpe-

877 533 938 549 lator
945 528 1065 558 pecuniam
1074 535 1101 550 ex
1109 528 1180 558 praeda
1188 534 1275 559 captam
1283 536 1353 560 penes
1364 528 1385 552 se
1394 530 1501 560 privatim
1509 530 1648 558 retinuiffet,

875 565 975 590 eamque
987 567 1029 583 nec
1036 560 1061 582 in
1068 559 1190 590 triumpho
1202 559 1300 586 tulisset,
1316 568 1357 584 nec
1371 561 1396 584 in
1408 562 1512 585 aelarium
1522 561 1643 586 retulisset.

879 592 946 613 l'oena
960 592 1075 621 peculatus
1082 591 1118 614 vel
1126 591 1256 622 pecuniaria
1263 591 1308 615 fuit
1316 609 1322 619 ‚
1340 593 1376 615 vel
1384 593 1500 623 capitalis:
1518 601 1572 616 nam
1581 610 1586 620 ,
1603 594 1647 625 qui

877 622 974 651 praedam
989 622 1015 646 ab
1028 622 1133 646 hostibus
1144 629 1233 653 capram
1246 623 1383 654 surripuerat
1391 641 1398 651 ‚
1411 626 1436 647 in
1444 624 1600 656 quadruplum
1608 626 1649 648 da-

876 653 1009 678 mnabatur:
1022 655 1107 677 caretis
1115 661 1192 678 autem
1204 662 1261 686 aqua
1273 656 1355 686 &igni
1367 655 1553 680 interdicebatur.
1570 656 1646 688 postea

875 685 974 715 irrogata
982 685 1013 710 est
1020 687 1061 709 alia
1069 687 1120 717 lege
1128 687 1267 716 deportatio?
1276 687 1380 718 abrogata
1388 688 1561 712 interdictionis
1568 696 1646 719 poena.

875 717 989 748 deportati
997 725 1061 745 vero,
1072 718 1138 748 quod
1146 719 1170 741 in
1178 718 1278 749 Ulpiano
1286 719 1395 750 legimus,
1403 718 1457 743 sicut
1464 720 1544 743 omnia
1551 720 1645 751 pristina

876 749 931 776 jura,
940 750 969 773 ita
977 751 1001 773 ἃ.
1008 749 1069 773 bona
1076 751 1187 773 amittunt
1195 751 1283 773 omnia.
1300 754 1327 774 l-„t
1335 751 1449 782 quoniam
1462 758 1487 774 ut
1494 752 1626 783 repetunda·
1636 769 1645 780 ‚

874 781 903 803 ita
911 782 1026 812 peculatus
1033 781 1154 813 publicum
1162 781 1251 805 futrum
1258 782 1314 805 fuit:
1329 790 1450 813 propterea
1458 799 1464 809 ‚
1473 790 1497 806 ut
1505 783 1530 806 in
1536 790 1646 815 repetun-

859 829 860 835 ,
874 811 919 838 diS,
930 811 960 836 fic
968 814 991 836 in
1000 814 1105 844 peculatu
1113 813 1276 837 astimariones
1283 813 1366 837 fiebant
1373 815 1453 837 litium
1461 821 1601 846 ,contraque
1609 815 1650 839 he-

874 843 948 871 redes,
955 852 980 867 ut
988 844 1073 876 scripsit
1080 845 1217 876 Papinianus
1230 845 1257 869 ad
1263 846 1340 876 legem
1347 846 1433 876 Juliarn
1441 846 1557 877 peculatus
1565 863 1571 872 ,
1584 847 1646 870 acilio

875 875 975 900 dabatur.
987 877 1119 908 peculatum
1132 883 1210 900 tamen
1218 893 1225 903 ,
1244 877 1310 907 quod
1323 883 1375 900 ante
1388 878 1580 908 quinquennium
1591 878 1648 902 esset

874 906 997 931 admissum
1007 925 1013 935 ‚
1023 907 1096 938 objici
1103 916 1152 932 non
1159 909 1266 939 oportuit
1275 925 1281 935 ‚
1294 908 1310 932 si
1317 909 1431 936 Venuleio
1437 909 1564 932 credimus.
1581 911 1646 934 Cum

873 940 978 969 peculatu
984 940 1076 964 refiduae
1082 942 1185 972 pecuniae
1192 940 1367 972 coniunguntur
1374 949 1382 967 5
1388 940 1502 964 damnum
1509 941 1575 964 enim
1582 947 1648 972 utro-

875 978 921 1002 que
929 971 1004 995 modo
1012 972 1205 996 infertutaerario.
1216 974 1302 1001 restdua
1315 979 1392 995 autent
1401 974 1494 1005 pecunia
1501 974 1569 1003 fiant,
1584 974 1647 998 utait

875 1003 956 1026 Paulus
964 1005 1017 1034 Dig.
1028 1011 1088 1027 xr,vr
1097 1012 1104 1026 r
1113 1012 1120 1026 r
1127 1022 1132 1027 .
1143 1011 1151 1027 ι
1158 1012 1167 1029 3
1174 1022 1179 1027 .
1188 1012 1209 1027 2.
1226 1012 1275 1034 quae
1281 1005 1389 1033 privatim
1397 1005 1517 1027 retinentur
1524 1021 1530 1031 ,
1543 1011 1598 1028 cum
1606 1006 1644 1029 vel

875 1034 899 1057 iu
908 1034 974 1058 usum
983 1035 1103 1065 publicum
1110 1036 1210 1066 erogari,
1217 1035 1255 1058 vel
1262 1035 1286 1058 in
1294 1036 1399 1059 aerarium
1405 1034 1486 1059 inferri
1495 1035 1647 1061 debeatne:

875 1066 955 1089 minus
963 1066 986 1090 in
996 1067 1040 1090 hoc
1052 1068 1153 1090 crimine
1161 1074 1233 1098 quam
1240 1067 1378 1098 inpecularu
1386 1084 1392 1094 ‚
1400 1067 1461 1090 actio
1469 1067 1574 1090 adversus
1580 1067 1647 1091 here-

874 1097 914 1121 des
921 1098 1022 1122 dabatur.
1038 1106 1135 1130 quxque
1142 1098 1171 1121 de
1178 1099 1295 1130 peculatu,
1311 1099 1393 1122 eadem
1400 1098 1496 1122 refiduis
1505 1098 1534 1122 de
1542 1101 1646 1130 pecuniis

874 1130 910 1153 lex
919 1129 1018 1153 cavebat.
1027 1138 1052 1153 ut
1060 1137 1109 1153 non
1117 1129 1225 1153 dubitem
1233 1147 1239 1157 ‚
1254 1131 1313 1162 quin
1319 1132 1400 1154 eadem
1408 1137 1477 1161 poena
1488 1129 1515 1153 fit
1531 1131 1646 1155 damnaris

873 1162 972 1193 irrogata
980 1163 1079 1193 amplius
1087 1161 1186 1193 quidem
1193 1162 1258 1185 tertia
1266 1168 1336 1193 parte,
1344 1170 1414 1194 quam
1423 1162 1546 1188 deberent,
1555 1161 1646 1187 solvisse

71 1192 235 1216 intercedebant.
243 1193 345 1221 senatum
352 1199 441 1222 querere
447 1193 471 1214 de
475 1192 564 1222 pecunia
571 1200 608 1214 non
616 1193 687 1214 relata
693 1191 841 1222 inpubium»,

69 1227 103 1248 ita
112 1231 207 1247 mamea
215 1225 299 1256 semper
305 1223 394 1253 salium
402 1223 458 1251 effit,
471 1232 556 1255 (quum
569 1222 686 1254 cenfibant,
698 1230 750 1247 tum
759 1226 842 1254 QTe-

70 1257 174 1280 rentium
183 1257 315 1279 Culeonetn
323 1261 447 1285 praetorem
454 1254 483 1278 de
490 1255 588 1286 pecunia
595 1271 601 1282 ,
615 1262 665 1287 quae
671 1262 733 1286 capta
742 1273 748 1283 ,
757 1255 826 1279 ablata
835 1273 841 1281 ,

70 1288 148 1311 coasta
157 1286 184 1310 ab
192 1289 257 1318 Rege
266 1285 383 1309 antiocho
391 1285 520 1313 diceretur,
537 1293 717 1318 quaererepatres
725 1285 841 1315 iusserunt.

70 1326 148 1349 eoque
156 1319 311 1349 cognoscente
319 1318 465 1349 L‚Sci·pione,
473 1317 583 1342 Asiaticus
590 1317 711 1342 damnatus
718 1318 757 1342 est.
766 1326 804 1342 me
812 1326 842 1343 ta-

71 1357 128 1373 men
136 1350 200 1373 idem
208 1351 287 1373 Livius
294 1350 320 1372 in
327 1348 501 1373 dubitationem
508 1349 610 1373 adducit.
623 1349 739 1374 senatusue
747 1367 753 1377 ,
765 1359 790 1374 an
800 1359 842 1383 po-

69 1383 138 1412 pulus
146 1388 197 1404 ante
205 1389 245 1404 eos
253 1379 365 1404 Consules
371 1388 431 1412 quos
438 1381 600 1407 nominavi,de
609 1383 712 1411 peculatu
721 1382 840 1414 quxfierit.

68 1412 149 1437 scribit
156 1414 220 1436 enirn
229 1412 319 1436 duobus
331 1412 411 1439 libris,
425 1413 628 1437 XXV11.&XX1X.
643 1416 676 1437 M.
685 1414 781 1437 Livium
788 1416 838 1439 Sali

69 1452 176 1468 natorem
185 1444 234 1476 post
240 1445 345 1475 priorem
352 1443 506 1467 Consulatum
520 1442 532 1466 Ξι
539 1445 629 1476 populo
643 1444 687 1468 esse
699 1445 817 1470 condemn
823 1456 840 1470 a·

70 1482 131 1503 tum,
139 1476 242 1505 ideoque
249 1483 314 1502 eum,
321 1483 375 1498 cum
382 1475 500 1499 censuram
510 1483 608 1506 gereret,
616 1475 688 1499 tribus
696 1484 780 1500 omnes
789 1495 794 1504 ,
802 1486 841 1502 ex-

70 1515 136 1539 cepta
144 1509 222 1532 Mmcia
228 1526 234 1536 ,
241 1507 268 1531 in
274 1508 362 1530 xrarios
369 1506 468 1530 retulisse
477 1524 484 1534 ,
491 1507 556 1538 quod
563 1509 587 1531 ὃ(
594 1508 747 1531 innocentem
756 1508 779 1532 se
785 1517 839 1533 con-

70 1539 213 1563 demnassent
220 1557 226 1567 ,
236 1540 260 1562 δι
267 1538 398 1562 Consulem
405 1538 481 1570 postea
493 1538 662 1572 censoremque
668 1539 779 1564 fecissent.
789 1549 840 1565 eam
854 1544 857 1549 ‘

69 1571 325 1603 porrodamnationem
333 1571 448 1601 peculatus
456 1572 554 1594 nomine
560 1570 638 1598 fuisse,
648 1572 716 1595 docet
724 1572 742 1595 is
750 1589 756 1599 ‚
765 1579 788 1595 ut
795 1574 841 1602 jam

71 1602 171 1626 ostendi.
185 1602 264 1631 quide
270 1602 326 1625 viris
333 1601 458 1625 illustribus
465 1601 553 1625 librum
560 1602 701 1634 conscripsit.
710 1611 789 1634 parum
798 1605 839 1635 igi«

72 1640 110 1657 tur
118 1633 165 1665 ipse
173 1632 214 1657 stbi
223 1633 325 1656 conllare
331 1633 411 1656 Livius
418 1633 508 1656 videtur
516 1650 522 1659 ‚
530 1634 572 1665 qui
580 1640 631 1657 anre
638 1634 754 1658 Consules
763 1639 797 1658 M.
805 1639 839 1659 [Ε-

70 1665 169 1688 milium
183 1666 206 1689 ἀ
219 1665 398 1688 C.Flami11ium
411 1663 501 1695 semper
513 1664 543 1687 de
551 1666 655 1695 peculatu
668 1664 772 1689 senatum
781 1674 840 1698 qux-

70 1695 129 1720 fiisse
137 1696 235 1720 affirmet
242 1713 248 1723 ,
260 1696 387 1720 cumidem
394 1703 423 1718 eo
431 1695 459 1719 de
466 1696 566 1719 crimine
580 1699 614 1720 Μ.
623 1698 729 1723 Livium,
750 1699 840 1729 populo

68 1729 329 1758 judicanre‚damnarum
338 1734 389 1751 ante
395 1728 490 1751 dixerit.
498 1726 536 1751 sed
543 1727 651 1751 videlicet
657 1728 775 1756 existimo,
783 1737 843 1761 quo-

71 1761 108 1784 vis
115 1761 143 1783 de
150 1761 259 1786 crimine,
267 1760 282 1783 fi
290 1759 395 1783 tribunus
402 1759 478 1790 plebis
485 1760 568 1791 aliquis
576 1759 630 1784 effer
638 1761 759 1787 accusator,
767 1768 840 1793 popu-

70 1792 122 1816 lum
130 1792 229 1820 iudicare
237 1790 344 1823 potuisse.
355 1791 379 1814 id
386 1791 451 1822 quod
460 1797 511 1814 ante
520 1791 610 1815 dietum
617 1792 649 1815 est
657 1809 662 1819 ‚
680 1792 842 1824 exemplisque

70 1823 260 1855 comprobatum.
268 1830 337 1854 quare
346 1839 352 1849 ‚
361 1830 389 1846 ne
396 1823 469 1853 gravis
475 1823 558 1846 author
565 1840 571 1850 ,
578 1824 694 1847 T.Livius
701 1840 707 1849 ‚
720 1824 842 1848 damnetur

71 1855 241 1882 inconstantis,
250 1856 330 1879 locum
338 1854 383 1878 hac
392 1854 470 1878 habeat
476 1856 593 1886 exceptio.
608 1855 661 1878 Post
668 1855 771 1879 Africani
785 1856 841 1883 elus-

71 1894 119 1918 que
125 1887 199 1910 fratris
207 1885 298 1910 Asiatici
310 1885 478 1910 accusationem
486 1903 491 1911 ‚
506 1893 588 1917 praetot
595 1894 648 1910 cum
657 1887 761 1915 judicum
769 1888 841 1912 consi-

70 1919 106 1942 lio
114 1918 143 1941 de
152 1919 189 1945 iis,
196 1919 238 1949 qui
246 1918 361 1948 peculatus
368 1923 516 1947 arguerentur
523 1934 529 1943 ‚
537 1917 690 1948 quaestionem
697 1920 806 1943 exercuit.
817 1920 840 1943 id

71 1950 158 1980 opinor
165 1951 217 1980 lege
224 1949 250 1972 ab
257 1950 337 1979 aliquo
344 1948 475 1978 magistratu
481 1949 523 1971 lara
531 1948 671 1973 institutum.
678 1951 766 1980 alioqui
775 1952 841 1982 quod

71 1981 160 2006 senatus
167 1981 266 2004 universi
274 1988 359 2004 munus
367 1981 451 2006 erat,ad
459 1986 728 2012 pretoremssertumque
736 1983 840 2008 iudicum

70 2020 197 2037 numerum
206 2029 212 2039 ,
219 2011 297 2035 senatu
305 2012 438 2042 negligente
446 2029 452 2039 ‚
460 2011 599 2038 transsatum,
607 2013 646 2036 vix
654 2013 762 2043 putarim.
781 2017 841 2045 Lege

70 2044 148 2077 postea
155 2045 214 2076 Julia
226 2044 326 2076 capitalis
334 2044 450 2075 peculatus
462 2043 533 2067 fastus
547 2042 591 2067 est:
604 2045 670 2075 quod
684 2044 840 2072 jurisconsulti

72 2077 195 2101 declarant.
212 2084 253 2099 nec
266 2075 361 2103 iniuria:
376 2074 648 2107 cum&repetundarum
661 2077 750 2101 crimen
760 2094 766 2104 ,
787 2077 840 2101 huic

71 2108 202 2132 admodum
211 2107 299 2134 limile,
313 2107 459 2138 capitalejam
467 2114 531 2130 antea
538 2106 621 2130 fulffizt.
633 2115 672 2131 cut
680 2110 746 2132 enim
754 2126 760 2135 ,
775 2109 842 2141 quod

71 2140 142 2165 sociis
149 2138 299 2165 tribuebatur,
307 2139 331 2162 id
338 2139 416 2165 aerarii,
424 2139 468 2162 huc
474 2138 505 2162 est
512 2139 608 2165 civium,
615 2139 677 2163 causa
683 2141 762 2164 minus
769 2141 842 2165 fieret?

71 2171 162 2196 tametsi
169 2170 242 2194 Ca:sar
250 2187 256 2197 ‚
263 2178 317 2194 cum
325 2176 372 2193 tam
379 2171 458 2194 acriter
465 2171 494 2193 de
501 2171 605 2202 peculatu
613 2172 671 2195 cavit
679 2189 686 2199 ,
693 2171 756 2197 suam
762 2174 842 2203 potius

72 2211 132 2230 rem,
141 2210 211 2234 quam
221 2202 336 2234 publicam
344 2201 458 2233 speetavit.
469 2201 510 2226 fibi
518 2203 583 2226 enim
592 2219 598 2230 ‚
606 2204 735 2234 quiomnia
743 2211 843 2233 teneret,
854 2228 855 2231 ,

73 2235 164 2259 furtum
170 2234 221 2258 fieri
228 2234 305 2257 statuit
311 2250 318 2260 ‚
327 2240 376 2257 non
383 2233 523 2264 teipublicz.
534 2236 595 2265 Lege
603 2241 679 2258 autem
686 2237 803 2267 peculatus
810 2244 843 2261 te-
854 2240 856 2257 1

73 2266 178 2292 neb-atur,
185 2266 259 2296 fiqur's
265 2265 638 2298 pecuniampublicamsurripm'ffit,
646 2268 689 2290 vel.
698 2268 843 2300 urficrripen-
854 2261 858 2295 l

74 2305 121 2325 tur,
128 2297 215 2326 tumfflt
223 2298 306 2328 :siquis
312 2300 334 2320 ιή
342 2305 430 2323 aurum,
438 2303 630 2327 argentumve,aut
638 2307 661 2320 ιι
669 2298 781 2330 publicum
789 2301 844 2331 quid

70 2330 175 2360 incidrffit
182 2331 218 2354 vel
223 2328 369 2361 immiscuiffit
376 2328 513 2362 ‚secofferque
519 2329 564 2353 dolo
573 2330 629 2355 malo
636 2347 643 2359 ‚
656 2338 697 2363 quo
704 2331 794 2364 idpejus
802 2331 844 2364 fie-

873 1201 913 1216 eos
921 1210 927 1219 ‚
935 1193 976 1225 qui
986 1193 1014 1216 de
1022 1193 1115 1217 residuis
1123 1194 1227 1224 pecuniis
1234 1193 1396 1217 damnarentur
1404 1210 1411 1221 ‚
1423 1194 1548 1217 Martianus
1554 1196 1594 1218 ait.
1609 1203 1645 1219 ca-

872 1225 927 1257 pitis
933 1232 1011 1249 autem
1019 1226 1070 1257 lege
1075 1226 1135 1257 Julia
1143 1224 1186 1249 esse
1193 1225 1323 1254 damnatos,
1330 1225 1532 1250 verisimillimum
1540 1225 1581 1250 est.

1085 1291 1109 1317 C
1137 1300 1153 1317 A
1181 1301 1195 1318 P
1221 1299 1240 1317 υ
1267 1300 1284 1317 τ
1324 1291 1434 1325 XXV,

1134 1352 1211 1387 Leges
1231 1349 1262 1375 de
1270 1348 1379 1386 ficariis.

874 1411 955 1472 Inter
963 1413 1053 1437 sicarios
1062 1421 1128 1442 :rave
1134 1414 1224 1438 crimen
1232 1413 1284 1441 suit,
1293 1415 1317 1438 ἃ
1324 1415 1351 1438 ad
1359 1415 1407 1438 vim
1415 1415 1536 1447 pertinuit,
1550 1414 1643 1447 proptia

920 1451 997 1469 tamen
1004 1447 1056 1476 lege
1063 1443 1176 1469 Cornelia
1182 1447 1326 1470 vindicatum
1333 1446 1372 1473 est,
1380 1446 1446 1470 sicuti
1453 1454 1494 1470 nec
1502 1448 1530 1470 de
1537 1447 1646 1478 perduel-

871 1477 944 1499 lionis
951 1478 1051 1500 crimine
1059 1494 1065 1502 ,
1077 1478 1143 1508 quod
1156 1477 1184 1500 ad
1191 1477 1331 1506 maiestatem
1340 1479 1452 1510 pertinuit
1460 1496 1466 1505 ,
1482 1480 1563 1502 eadem
1575 1480 1627 1510 lege
1635 1496 1642 1505 ,

872 1514 916 1530 oua
924 1508 952 1530 de
960 1509 1055 1539 reliquis
1063 1509 1183 1536 maiestatis
1190 1509 1331 1532 criminibus
1339 1527 1345 1536 ,
1353 1509 1472 1539 qualitum
1480 1510 1510 1533 est
1519 1518 1584 1533 :cum
1592 1518 1644 1541 per—

871 1529 993 1563 duellione
999 1541 1108 1571 populus,
1116 1541 1145 1563 de
1151 1540 1240 1571 reliqua
1247 1546 1302 1564 vero
1309 1540 1423 1570 majestate
1429 1549 1511 1573 pra-tor
1517 1541 1646 1573 cognosce—

872 1577 914 1594 ret.
931 1574 992 1602 Lege
1000 1572 1028 1594 de
1036 1571 1118 1595 sicariis
1127 1573 1240 1596 Cornelia
1248 1590 1254 1599 ‚
1268 1580 1339 1603 quam
1347 1573 1515 1603 Distatorsylla
1525 1575 1594 1600 tulit,
1611 1580 1645 1597 te-

872 1602 968 1625 nebatur
981 1604 1023 1634 qui
1037 1604 1162 1627 hominem
1176 1604 1295 1628 occidisset
1304 1621 1309 1628 .
1332 1611 1368 1627 aur
1375 1605 1500 1628 occidendi
1513 1605 1574 1628 causa
1587 1611 1643 1629 curu

870 1635 919 1657 telo
926 1634 1067 1661 ambulasset,
1077 1636 1114 1658 vel
1122 1642 1238 1658 venenum
1247 1634 1348 1666 parasset,
1356 1635 1480 1662 habuisset,
1489 1635 1642 1660 vendidisset:

870 1664 915 1688 five
922 1667 975 1696 quis
982 1665 1253 1696 privarustessimoninm
1267 1667 1325 1689 dolo
1338 1668 1401 1690 malo
1414 1667 1514 1694 dixisset,
1545 1675 1576 1691 uo
1588 1668 1644 1698 quis

870 1696 957 1725 judicio
966 1697 1061 1728 publico
1068 1697 1276 1721 condemnaretur:
1290 1705 1327 1720 aut
1340 1698 1505 1728 fimagistratus
1518 1707 1532 1722 o
1556 1700 1641 1730 capita-

870 1730 917 1752 lem
925 1727 1013 1752 causarn
1020 1729 1144 1759 pecuniam
1151 1736 1202 1752 acce
1220 1729 1278 1756 isset,
1287 1737 1400 1753 eorumve
1407 1730 1465 1761 quid
1473 1729 1567 1757 fecisset,
1575 1731 1643 1762 quod

870 1760 960 1790 legibus
968 1760 1104 1791 permissum
1111 1768 1160 1784 non
1167 1737 1232 1785 ess‘gt.
1241 1761 1356 1789 adjeaum
1363 1761 1394 1784 est
1402 1769 1429 1785 ex
1436 1765 1457 1786 S.
1465 1764 1495 1785 C.
1502 1761 1583 1785 eadem
1590 1763 1644 1794 lege

870 1793 942 1816 teneti
950 1799 991 1815 eos
998 1792 1038 1822 qui
1047 1792 1158 1816 homines
1165 1792 1280 1820 libidinis,
1288 1793 1337 1820 vel,
1345 1800 1369 1816 ut
1377 1792 1644 1826 iurisconsultiloquun-

871 1831 914 1850 tut,
923 1824 1047 1854 promercii
1055 1823 1117 1847 causa
1125 1823 1274 1848 castravissenr
1283 1842 1287 1847 .
1296 1825 1416 1852 autfilios,
1429 1826 1531 1856 exceptis
1541 1826 1641 1857 Judaeis,

870 1854 1080 1883 circumcidimur,
1089 1855 1223 1880 sacrificiave
1231 1857 1289 1879 mala
1296 1855 1399 1880 fecissent
1407 1874 1413 1883 ‚
1431 1857 1563 1881 habuissent.
1579 1859 1643 1882 exci-

871 1888 966 1918 piuntur
973 1894 1051 1912 tamen
1059 1887 1166 1918 haclege,
1175 1889 1216 1919 qui
1224 1887 1360 1911 occidissent
1368 1888 1496 1919 perfugam,
1504 1890 1540 1913 vel
1548 1890 1596 1913 vim
1604 1890 1642 1914 in-

868 1919 981 1942 fetentem
990 1935 996 1945 ‚
1015 1919 1051 1941 vel
1066 1919 1203 1950 pudicitiam
1217 1920 1332 1943 violenter
1344 1927 1502 1944 attentantem.
1524 1929 1643 1953 exceperat

869 1951 940 1973 etiam
948 1957 988 1972 eos
998 1950 1064 1979 sylla,
1074 1951 1115 1982 qui
1123 1950 1155 1973 ob
1162 1951 1230 1973 relata
1237 1950 1421 1983 proscriptorum
1428 1953 1516 1976 civium
1524 1955 1595 1984 capita
1603 1961 1643 1984 pe—

869 1982 962 2005 cuniam
975 1988 1003 2003 ex
1011 1982 1090 2004 :erario
1098 1980 1246 2012 accepissent:
1260 1990 1321 2013 quos
1334 1990 1413 2006 tamen
1426 1984 1502 2014 postea
1515 1985 1640 2014 C.Caesar,

869 2021 924 2036 curn
932 2013 960 2036 de
967 2012 1048 2036 sicariis
1055 2020 1174 2043 quaetetet,
1181 2014 1206 2037 in
1213 2013 1345 2038 sicariorum
1353 2022 1453 2038 numero
1462 2015 1548 2040 habuit.
1561 2017 1602 2040 hac
1610 2018 1642 2041 le-

870 2052 899 2076 ge
906 2043 1043 2068 tenebantur
1050 2045 1119 2068 etiam
1129 2046 1145 2068 ii
1154 2062 1160 2071 ,
1169 2052 1272 2076 quorum
1279 2045 1359 2069 fraude
1367 2063 1374 2073 ,
1387 2053 1425 2070 aut
1431 2047 1530 2071 consilio
1537 2048 1642 2080 naufragi

871 2085 910 2109 per
918 2077 967 2100 vim
974 2074 1083 2107 suppressi
1090 2075 1196 2104 fuissent,
1211 2077 1282 2107 quive
1295 2077 1419 2110 dataopera
1433 2079 1457 2101 in
1470 2087 1568 2107 eozum,
1581 2088 1643 2113 quos

871 2107 973 2132 odissent
981 2125 986 2134 ,
1003 2115 1038 2131 res
1046 2114 1114 2139 arque
1123 2111 1184 2132 bona
1192 2109 1492 2135 inccndiumimmifiss‘enr.
1515 2112 1571 2139 Hic,
1589 2120 1641 2143 qua:

869 2148 939 2172 poena
946 2139 1058 2171 essetlege
1065 2141 1212 2164 Corneliaiis
1220 2157 1226 2167 ‚
1243 2141 1416 2172 quihominem
1428 2142 1565 2166 occidissent
1573 2161 1579 2171 ‚
1593 2144 1643 2168 for-

870 2171 922 2196 tasse
929 2178 1050 2204 quaeretur.
1062 2179 1127 2196 mors
1134 2179 1159 2196 ur
1167 2172 1210 2200 iam
1218 2171 1405 2203 fignificavimus‚
1413 2181 1462 2197 non
1468 2173 1520 2198 fuit.
1532 2174 1570 2199 sed
1577 2183 1641 2208 aqua:

871 2205 895 2227 δι
904 2203 1119 2234 ignisintexdlffio.
1129 2211 1183 2228 nam
1192 2206 1251 2227 Cato
1258 2204 1376 2229 censorius
1383 2222 1389 2233 ‚
1402 2205 1464 2229 cives
1472 2209 1593 2230 Romanos
1601 2214 1641 2230 ne-

869 2237 923 2262 cati,
934 2242 970 2259 aut
977 2234 1097 2263 verberari,
1105 2235 1263 2267 perduellibus
1269 2238 1378 2269 exceptis,
1386 2238 1437 2270 lege
1443 2238 1485 2261 lata
1491 2238 1641 2269 vetuitquod

872 2268 888 2291 si
896 2268 949 2299 quis
956 2265 1162 2295 obiiciat,aNafica
1169 2268 1217 2291 Tit.
1224 2269 1355 2293 Gracchum
1364 2286 1369 2296 ,
1380 2268 1406 2292 ab
1416 2270 1516 2301 Opimio
1523 2270 1616 2298 Caium,
1627 2267 1641 2292 Ξι

873 2300 950 2323 Mario
957 2299 1106 2323 Saturninum
1115 2316 1122 2327 ‚
1135 2300 1159 2323 δι
1168 2299 1288 2324 Glauciam
1295 2317 1302 2328 ,
1319 2299 1454 2325 {Cicerone
1462 2300 1512 2332 ipso
1518 2301 1579 2324 cives
1591 2303 1643 2324 Ro-

873 2338 957 2358 manos
969 2331 1014 2357 vit-a
1020 2331 1123 2365 privatos
1131 2348 1138 2360 ‚
1141 2338 1228 2389 ct>1eque
1243 2338 1323 2358 tamen
1335 2340 1480 2366 quemquam
1493 2339 1578 2389 conani>
1588 2332 1641 2368 lege

1171 2370 1186 2387 0
1193 2370 1208 2388 0
1216 2370 1231 2388 0
1239 2370 1255 2388 0
1580 2369 1642 2388 0Κοὶὲ
