<?xml version="1.0" encoding="UTF-8"?>
<!DOCTYPE html PUBLIC "-//W3C//DTD XHTML 1.0 Transitional//EN"
    "http://www.w3.org/TR/xhtml1/DTD/xhtml1-transitional.dtd">
<html xmlns="http://www.w3.org/1999/xhtml" xml:lang="en" lang="en">
 <head>
  <title>
</title>
<meta http-equiv="Content-Type" content="text/html;charset=utf-8" />
  <meta name='ocr-system' content='tesseract 3.04.00' />
  <meta name='ocr-capabilities' content='ocr_page ocr_carea ocr_par ocr_line ocrx_word'/>
</head>
<body>
  <div class='ocr_page' id='page_1' title='image "./johannisrosinian00rosi/johannisrosinian00rosi_0233.png"; bbox 0 0 2075 2734; ppageno 0'>
   <div class='ocr_carea' id='block_1_1' title="bbox 10 7 19 1210">
    <p class='ocr_par' dir='ltr' id='par_1_1' title="bbox 10 7 19 1210">
     <span class='ocr_line' id='line_1_1' title="bbox 10 7 19 1210; baseline 0 0"><span class='ocrx_word' id='word_1_1' title='bbox 10 7 19 1210; x_wconf 95' lang='lat' dir='ltr'> </span> 
     </span>
    </p>
   </div>
   <div class='ocr_carea' id='block_1_2' title="bbox 57 93 1643 184">
    <p class='ocr_par' dir='ltr' id='par_1_2' title="bbox 57 93 1643 184">
     <span class='ocr_line' id='line_1_2' title="bbox 436 93 1643 139; baseline -0.005 -13"><span class='ocrx_word' id='word_1_2' title='bbox 436 93 1268 126; x_wconf 31' lang='lat' dir='ltr'>DrTaisuuoCth-tnuu.(3m.12.</span> <span class='ocrx_word' id='word_1_3' title='bbox 1589 108 1643 139; x_wconf 86' lang='lat'>²07</span> 
     </span>
     <span class='ocr_line' id='line_1_3' title="bbox 57 142 1642 184; baseline -0.004 -4"><span class='ocrx_word' id='word_1_4' title='bbox 57 151 151 182; x_wconf 84' lang='lat' dir='ltr'>dibus,</span> <span class='ocrx_word' id='word_1_5' title='bbox 171 147 213 176; x_wconf 90' lang='lat' dir='ltr'>vel</span> <span class='ocrx_word' id='word_1_6' title='bbox 235 146 347 184; x_wconf 83' lang='lat' dir='ltr'>caligine</span> <span class='ocrx_word' id='word_1_7' title='bbox 361 167 367 179; x_wconf 90' lang='lat'>,</span> <span class='ocrx_word' id='word_1_8' title='bbox 389 144 503 174; x_wconf 82' lang='lat' dir='ltr'>fumisve</span> <span class='ocrx_word' id='word_1_9' title='bbox 516 165 524 176; x_wconf 88' lang='lat'>‚</span> <span class='ocrx_word' id='word_1_10' title='bbox 543 144 650 181; x_wconf 87' lang='lat' dir='ltr'>fineque</span> <span class='ocrx_word' id='word_1_11' title='bbox 674 142 781 179; x_wconf 79' lang='lat' dir='ltr'>strepitu</span> <span class='ocrx_word' id='word_1_12' title='bbox 794 161 802 172; x_wconf 91' lang='lat'>‚</span> <span class='ocrx_word' id='word_1_13' title='bbox 827 143 854 169; x_wconf 85' lang='lat'>&amp;</span> <span class='ocrx_word' id='word_1_14' title='bbox 874 142 928 170; x_wconf 88' lang='lat' dir='ltr'>fine</span> <span class='ocrx_word' id='word_1_15' title='bbox 951 143 1098 179; x_wconf 84' lang='lat' dir='ltr'>egestione,</span> <span class='ocrx_word' id='word_1_16' title='bbox 1118 150 1198 182; x_wconf 88' lang='lat' dir='ltr'>atque</span> <span class='ocrx_word' id='word_1_17' title='bbox 1216 142 1392 181; x_wconf 85' lang='lat' dir='ltr'>ejaculatione</span> <span class='ocrx_word' id='word_1_18' title='bbox 1413 143 1565 174; x_wconf 86' lang='lat' dir='ltr'>favillarum</span> <span class='ocrx_word' id='word_1_19' title='bbox 1585 155 1642 176; x_wconf 75' lang='lat' dir='ltr'>tur-</span> 
     </span>
    </p>
   </div>
   <div class='ocr_carea' id='block_1_3' title="bbox 11 180 1640 261">
    <p class='ocr_par' dir='ltr' id='par_1_3' title="bbox 11 180 1640 261">
     <span class='ocr_line' id='line_1_4' title="bbox 11 180 1639 222; baseline -0.003 -4"><span class='ocrx_word' id='word_1_20' title='bbox 11 181 13 210; x_wconf 54' lang='lat' dir='ltr'>i</span> <span class='ocrx_word' id='word_1_21' title='bbox 57 189 163 218; x_wconf 86' lang='lat' dir='ltr'>bulenta</span> <span class='ocrx_word' id='word_1_22' title='bbox 178 208 185 219; x_wconf 91' lang='lat'>‚</span> <span class='ocrx_word' id='word_1_23' title='bbox 210 188 236 215; x_wconf 79' lang='lat'>&amp;</span> <span class='ocrx_word' id='word_1_24' title='bbox 250 187 397 222; x_wconf 81' lang='lat' dir='ltr'>crepitante</span> <span class='ocrx_word' id='word_1_25' title='bbox 409 206 417 217; x_wconf 91' lang='lat'>‚</span> <span class='ocrx_word' id='word_1_26' title='bbox 445 184 520 211; x_wconf 64' lang='lat' dir='ltr'>recto</span> <span class='ocrx_word' id='word_1_27' title='bbox 534 183 615 210; x_wconf 63' lang='lat' dir='ltr'>duetu</span> <span class='ocrx_word' id='word_1_28' title='bbox 629 180 768 210; x_wconf 80' lang='lat' dir='ltr'>turbinatae</span> <span class='ocrx_word' id='word_1_29' title='bbox 781 181 929 216; x_wconf 59' lang='lat' dir='ltr'>pyramidis</span> <span class='ocrx_word' id='word_1_30' title='bbox 939 181 1021 221; x_wconf 60' lang='lat' dir='ltr'>⁴instar</span> <span class='ocrx_word' id='word_1_31' title='bbox 1035 181 1202 210; x_wconf 83' lang='lat' dir='ltr'>attolleretur</span> <span class='ocrx_word' id='word_1_32' title='bbox 1216 203 1225 215; x_wconf 90' lang='lat'>,</span> <span class='ocrx_word' id='word_1_33' title='bbox 1253 185 1279 211; x_wconf 64' lang='grc' dir='ltr'>δε</span> <span class='ocrx_word' id='word_1_34' title='bbox 1295 182 1442 220; x_wconf 79' lang='lat' dir='ltr'>insurgeret</span> <span class='ocrx_word' id='word_1_35' title='bbox 1455 195 1460 211; x_wconf 87' lang='lat'><strong>:</strong></span> <span class='ocrx_word' id='word_1_36' title='bbox 1490 184 1570 221; x_wconf 87' lang='lat' dir='ltr'>Sique</span> <span class='ocrx_word' id='word_1_37' title='bbox 1583 194 1639 213; x_wconf 88' lang='lat' dir='ltr'>non</span> 
     </span>
     <span class='ocr_line' id='line_1_5' title="bbox 11 218 1640 261; baseline -0.002 -7"><span class='ocrx_word' id='word_1_38' title='bbox 11 233 13 246; x_wconf 51' lang='lat' dir='ltr'>l</span> <span class='ocrx_word' id='word_1_39' title='bbox 29 260 32 261; x_wconf 21' lang='lat'><em>⁷</em></span> <span class='ocrx_word' id='word_1_40' title='bbox 53 227 102 257; x_wconf 78' lang='lat' dir='ltr'>nifi</span> <span class='ocrx_word' id='word_1_41' title='bbox 121 235 178 255; x_wconf 84' lang='lat' dir='ltr'>tota</span> <span class='ocrx_word' id='word_1_42' title='bbox 197 223 307 253; x_wconf 70' lang='lat' dir='ltr'>viCti1na</span> <span class='ocrx_word' id='word_1_43' title='bbox 326 224 428 260; x_wconf 86' lang='lat' dir='ltr'>depasta</span> <span class='ocrx_word' id='word_1_44' title='bbox 441 242 449 253; x_wconf 87' lang='lat'>‚</span> <span class='ocrx_word' id='word_1_45' title='bbox 478 229 557 258; x_wconf 84' lang='lat' dir='ltr'>atque</span> <span class='ocrx_word' id='word_1_46' title='bbox 576 219 663 248; x_wconf 80' lang='lat' dir='ltr'>exusta</span> <span class='ocrx_word' id='word_1_47' title='bbox 684 226 855 246; x_wconf 86' lang='lat' dir='ltr'>moreretur:</span> <span class='ocrx_word' id='word_1_48' title='bbox 877 218 974 253; x_wconf 65' lang='lat' dir='ltr'>plaude</span> <span class='ocrx_word' id='word_1_49' title='bbox 993 229 1095 248; x_wconf 89' lang='lat' dir='ltr'>numen</span> <span class='ocrx_word' id='word_1_50' title='bbox 1114 220 1228 248; x_wconf 87' lang='lat' dir='ltr'>hostiam</span> <span class='ocrx_word' id='word_1_51' title='bbox 1249 229 1386 257; x_wconf 81' lang='lat' dir='ltr'>acceptare</span> <span class='ocrx_word' id='word_1_52' title='bbox 1399 242 1407 253; x_wconf 93' lang='lat'>,</span> <span class='ocrx_word' id='word_1_53' title='bbox 1428 231 1458 249; x_wconf 88' lang='lat' dir='ltr'>ac</span> <span class='ocrx_word' id='word_1_54' title='bbox 1477 223 1640 259; x_wconf 62' lang='lat' dir='ltr'>complesti,</span> 
     </span>
    </p>
   </div>
   <div class='ocr_carea' id='block_1_4' title="bbox 54 256 1643 1064">
    <p class='ocr_par' dir='ltr' id='par_1_4' title="bbox 54 256 1643 606">
     <span class='ocr_line' id='line_1_6' title="bbox 55 256 1640 301; baseline -0.014 -8"><span class='ocrx_word' id='word_1_55' title='bbox 55 273 223 301; x_wconf 85' lang='lat' dir='ltr'>annuereque</span> <span class='ocrx_word' id='word_1_56' title='bbox 243 272 301 300; x_wconf 86' lang='lat' dir='ltr'>quae</span> <span class='ocrx_word' id='word_1_57' title='bbox 320 260 534 299; x_wconf 80' lang='lat' dir='ltr'>requirebantur,</span> <span class='ocrx_word' id='word_1_58' title='bbox 555 257 748 294; x_wconf 87' lang='lat' dir='ltr'>conjiciebant:</span> <span class='ocrx_word' id='word_1_59' title='bbox 771 257 796 284; x_wconf 88' lang='lat' dir='ltr'>Si</span> <span class='ocrx_word' id='word_1_60' title='bbox 818 264 912 284; x_wconf 80' lang='lat' dir='ltr'>contra</span> <span class='ocrx_word' id='word_1_61' title='bbox 932 256 1019 285; x_wconf 84' lang='lat' dir='ltr'>multo</span> <span class='ocrx_word' id='word_1_62' title='bbox 1034 259 1078 286; x_wconf 75' lang='lat' dir='ltr'>vix</span> <span class='ocrx_word' id='word_1_63' title='bbox 1093 260 1202 287; x_wconf 65' lang='lat' dir='ltr'>excitari</span> <span class='ocrx_word' id='word_1_64' title='bbox 1215 259 1280 287; x_wconf 66' lang='lat' dir='ltr'>flatu</span> <span class='ocrx_word' id='word_1_65' title='bbox 1294 259 1394 296; x_wconf 62' lang='lat' dir='ltr'>post-et,</span> <span class='ocrx_word' id='word_1_66' title='bbox 1416 262 1442 289; x_wconf 69' lang='lat'>8&lt;</span> <span class='ocrx_word' id='word_1_67' title='bbox 1458 270 1521 288; x_wconf 69' lang='lat' dir='ltr'>cum</span> <span class='ocrx_word' id='word_1_68' title='bbox 1536 261 1640 288; x_wconf 47' lang='lat' dir='ltr'>exaffis—</span> 
     </span>
     <span class='ocr_line' id='line_1_7' title="bbox 54 294 1641 335; baseline -0.004 -3"><span class='ocrx_word' id='word_1_69' title='bbox 54 303 108 335; x_wconf 74' lang='lat' dir='ltr'>set,</span> <span class='ocrx_word' id='word_1_70' title='bbox 129 313 185 331; x_wconf 90' lang='lat' dir='ltr'>non</span> <span class='ocrx_word' id='word_1_71' title='bbox 201 302 302 333; x_wconf 87' lang='lat' dir='ltr'>coiret,</span> <span class='ocrx_word' id='word_1_72' title='bbox 320 300 365 328; x_wconf 88' lang='lat' dir='ltr'>sed</span> <span class='ocrx_word' id='word_1_73' title='bbox 385 299 530 327; x_wconf 79' lang='lat' dir='ltr'>finderetur</span> <span class='ocrx_word' id='word_1_74' title='bbox 548 303 628 333; x_wconf 86' lang='lat' dir='ltr'>atquc</span> <span class='ocrx_word' id='word_1_75' title='bbox 649 296 677 324; x_wconf 89' lang='lat' dir='ltr'>in</span> <span class='ocrx_word' id='word_1_76' title='bbox 696 295 800 323; x_wconf 87' lang='lat' dir='ltr'>hiatum</span> <span class='ocrx_word' id='word_1_77' title='bbox 816 294 962 323; x_wconf 81' lang='lat' dir='ltr'><strong>dehisceret</strong></span> <span class='ocrx_word' id='word_1_78' title='bbox 975 315 984 327; x_wconf 94' lang='lat'>,</span> <span class='ocrx_word' id='word_1_79' title='bbox 1004 305 1053 323; x_wconf 86' lang='lat' dir='ltr'>nec</span> <span class='ocrx_word' id='word_1_80' title='bbox 1067 296 1094 324; x_wconf 90' lang='lat' dir='ltr'>in</span> <span class='ocrx_word' id='word_1_81' title='bbox 1109 303 1195 324; x_wconf 86' lang='lat' dir='ltr'>totam</span> <span class='ocrx_word' id='word_1_82' title='bbox 1211 297 1298 325; x_wconf 88' lang='lat' dir='ltr'>subito</span> <span class='ocrx_word' id='word_1_83' title='bbox 1312 298 1493 335; x_wconf 70' lang='lat' dir='ltr'>spargeretur,</span> <span class='ocrx_word' id='word_1_84' title='bbox 1515 308 1544 326; x_wconf 88' lang='lat' dir='ltr'>ac</span> <span class='ocrx_word' id='word_1_85' title='bbox 1559 308 1641 334; x_wconf 86' lang='lat' dir='ltr'>pene-</span> 
     </span>
     <span class='ocr_line' id='line_1_8' title="bbox 55 332 1638 371; baseline -0.003 -2"><span class='ocrx_word' id='word_1_86' title='bbox 55 350 138 370; x_wconf 85' lang='lat' dir='ltr'>traret</span> <span class='ocrx_word' id='word_1_87' title='bbox 157 340 311 370; x_wconf 69' lang='lat' dir='ltr'>vicstimam,</span> <span class='ocrx_word' id='word_1_88' title='bbox 331 338 376 366; x_wconf 89' lang='lat' dir='ltr'>sed</span> <span class='ocrx_word' id='word_1_89' title='bbox 396 336 524 364; x_wconf 84' lang='lat' dir='ltr'>viciniora</span> <span class='ocrx_word' id='word_1_90' title='bbox 543 333 637 362; x_wconf 68' lang='lat' dir='ltr'>sentim</span> <span class='ocrx_word' id='word_1_91' title='bbox 660 333 734 362; x_wconf 77' lang='lat' dir='ltr'>velut</span> <span class='ocrx_word' id='word_1_92' title='bbox 751 332 871 370; x_wconf 79' lang='lat' dir='ltr'>serpens,</span> <span class='ocrx_word' id='word_1_93' title='bbox 891 333 1042 364; x_wconf 81' lang='lat' dir='ltr'>lamberet,</span> <span class='ocrx_word' id='word_1_94' title='bbox 1062 342 1141 371; x_wconf 86' lang='lat' dir='ltr'>atque</span> <span class='ocrx_word' id='word_1_95' title='bbox 1155 335 1294 368; x_wconf 56' lang='lat' dir='ltr'>ustulata,</span> <span class='ocrx_word' id='word_1_96' title='bbox 1315 345 1364 364; x_wconf 87' lang='lat' dir='ltr'>nec</span> <span class='ocrx_word' id='word_1_97' title='bbox 1378 336 1453 364; x_wconf 51' lang='lat' dir='ltr'>resto</span> <span class='ocrx_word' id='word_1_98' title='bbox 1469 337 1552 364; x_wconf 66' lang='lat' dir='ltr'>dustu</span> <span class='ocrx_word' id='word_1_99' title='bbox 1569 338 1638 364; x_wconf 82' lang='lat' dir='ltr'>nite—</span> 
     </span>
     <span class='ocr_line' id='line_1_9' title="bbox 55 370 1639 411; baseline -0.002 -5"><span class='ocrx_word' id='word_1_100' title='bbox 55 388 129 408; x_wconf 80' lang='lat' dir='ltr'>retur</span> <span class='ocrx_word' id='word_1_101' title='bbox 148 378 263 408; x_wconf 73' lang='lat' dir='ltr'>suri&#39;um,</span> <span class='ocrx_word' id='word_1_102' title='bbox 282 377 325 405; x_wconf 85' lang='lat' dir='ltr'>sed</span> <span class='ocrx_word' id='word_1_103' title='bbox 346 377 374 403; x_wconf 87' lang='lat' dir='ltr'>in</span> <span class='ocrx_word' id='word_1_104' title='bbox 389 374 547 410; x_wconf 76' lang='lat' dir='ltr'><strong>vertigines,</strong></span> <span class='ocrx_word' id='word_1_105' title='bbox 568 372 702 410; x_wconf 82' lang='lat' dir='ltr'><strong>gyrosque</strong></span> <span class='ocrx_word' id='word_1_106' title='bbox 716 371 890 404; x_wconf 84' lang='lat' dir='ltr'>convolutus,</span> <span class='ocrx_word' id='word_1_107' title='bbox 911 380 996 399; x_wconf 74' lang='lat' dir='ltr'>atram</span> <span class='ocrx_word' id='word_1_108' title='bbox 1007 370 1098 399; x_wconf 85' lang='lat' dir='ltr'>secum</span> <span class='ocrx_word' id='word_1_109' title='bbox 1113 374 1138 399; x_wconf 58' lang='grc' dir='ltr'>ἃ</span> <span class='ocrx_word' id='word_1_110' title='bbox 1151 372 1260 401; x_wconf 81' lang='lat' dir='ltr'>densam</span> <span class='ocrx_word' id='word_1_111' title='bbox 1274 374 1399 402; x_wconf 83' lang='lat' dir='ltr'>eveheret</span> <span class='ocrx_word' id='word_1_112' title='bbox 1414 374 1554 411; x_wconf 82' lang='lat' dir='ltr'>caliginem</span> <span class='ocrx_word' id='word_1_113' title='bbox 1564 396 1572 407; x_wconf 89' lang='lat'>,</span> <span class='ocrx_word' id='word_1_114' title='bbox 1593 383 1639 403; x_wconf 84' lang='lat' dir='ltr'>aut</span> 
     </span>
     <span class='ocr_line' id='line_1_10' title="bbox 55 409 1639 453; baseline -0.002 -9"><span class='ocrx_word' id='word_1_115' title='bbox 55 426 160 453; x_wconf 81' lang='lat' dir='ltr'>reperet</span> <span class='ocrx_word' id='word_1_116' title='bbox 177 415 300 444; x_wconf 88' lang='lat' dir='ltr'>deorsum</span> <span class='ocrx_word' id='word_1_117' title='bbox 315 435 322 446; x_wconf 94' lang='lat'><em>‚</em></span> <span class='ocrx_word' id='word_1_118' title='bbox 347 419 394 441; x_wconf 86' lang='lat' dir='ltr'>aut</span> <span class='ocrx_word' id='word_1_119' title='bbox 407 413 566 440; x_wconf 78' lang='lat' dir='ltr'>dilaberetur</span> <span class='ocrx_word' id='word_1_120' title='bbox 579 412 610 439; x_wconf 80' lang='lat' dir='ltr'>ad</span> <span class='ocrx_word' id='word_1_121' title='bbox 627 412 708 439; x_wconf 77' lang='lat' dir='ltr'>latera</span> <span class='ocrx_word' id='word_1_122' title='bbox 722 417 767 438; x_wconf 87' lang='lat' dir='ltr'>aut</span> <span class='ocrx_word' id='word_1_123' title='bbox 781 409 864 438; x_wconf 82' lang='lat' dir='ltr'>aliena</span> <span class='ocrx_word' id='word_1_124' title='bbox 876 409 1027 438; x_wconf 85' lang='lat' dir='ltr'>nasceretur</span> <span class='ocrx_word' id='word_1_125' title='bbox 1039 409 1126 447; x_wconf 89' lang='lat' dir='ltr'>specie</span> <span class='ocrx_word' id='word_1_126' title='bbox 1145 421 1157 438; x_wconf 70' lang='grc' dir='ltr'>ι</span> <span class='ocrx_word' id='word_1_127' title='bbox 1175 412 1254 447; x_wconf 86' lang='lat' dir='ltr'>Sique</span> <span class='ocrx_word' id='word_1_128' title='bbox 1267 420 1313 439; x_wconf 85' lang='lat' dir='ltr'>aut</span> <span class='ocrx_word' id='word_1_129' title='bbox 1326 413 1412 440; x_wconf 82' lang='lat' dir='ltr'>ventis</span> <span class='ocrx_word' id='word_1_130' title='bbox 1428 412 1639 449; x_wconf 84' lang='lat' dir='ltr'>disploderetur,</span> 
     </span>
     <span class='ocr_line' id='line_1_11' title="bbox 55 448 1638 491; baseline -0.004 -7"><span class='ocrx_word' id='word_1_131' title='bbox 55 463 99 484; x_wconf 85' lang='lat' dir='ltr'>aut</span> <span class='ocrx_word' id='word_1_132' title='bbox 114 456 318 491; x_wconf 84' lang='lat' dir='ltr'>restingueretur</span> <span class='ocrx_word' id='word_1_133' title='bbox 334 451 430 488; x_wconf 88' lang='lat' dir='ltr'>pluviis</span> <span class='ocrx_word' id='word_1_134' title='bbox 443 472 451 482; x_wconf 93' lang='lat'>,</span> <span class='ocrx_word' id='word_1_135' title='bbox 476 458 520 478; x_wconf 88' lang='lat' dir='ltr'>aut</span> <span class='ocrx_word' id='word_1_136' title='bbox 539 449 675 479; x_wconf 86' lang='lat' dir='ltr'>insolitum</span> <span class='ocrx_word' id='word_1_137' title='bbox 696 449 838 485; x_wconf 85' lang='lat' dir='ltr'>crepitaret</span> <span class='ocrx_word' id='word_1_138' title='bbox 851 469 859 481; x_wconf 91' lang='lat'>,</span> <span class='ocrx_word' id='word_1_139' title='bbox 888 451 914 478; x_wconf 74' lang='grc' dir='ltr'>δε</span> <span class='ocrx_word' id='word_1_140' title='bbox 935 450 1144 486; x_wconf 79' lang='lat' dir='ltr'>circumquaque</span> <span class='ocrx_word' id='word_1_141' title='bbox 1156 448 1273 477; x_wconf 89' lang='lat' dir='ltr'>multum</span> <span class='ocrx_word' id='word_1_142' title='bbox 1289 451 1419 479; x_wconf 50' lang='lat' dir='ltr'>&amp;uetaret</span> <span class='ocrx_word' id='word_1_143' title='bbox 1434 452 1585 479; x_wconf 72' lang='lat' dir='ltr'>ardentium</span> <span class='ocrx_word' id='word_1_144' title='bbox 1601 451 1638 478; x_wconf 83' lang='lat' dir='ltr'>fa-</span> 
     </span>
     <span class='ocr_line' id='line_1_12' title="bbox 56 485 1643 527; baseline -0.003 -6"><span class='ocrx_word' id='word_1_145' title='bbox 56 492 177 522; x_wconf 84' lang='lat' dir='ltr'>villarum</span> <span class='ocrx_word' id='word_1_146' title='bbox 191 503 196 519; x_wconf 81' lang='lat' dir='ltr'>z</span> <span class='ocrx_word' id='word_1_147' title='bbox 217 498 262 519; x_wconf 86' lang='lat' dir='ltr'>aut</span> <span class='ocrx_word' id='word_1_148' title='bbox 280 490 299 517; x_wconf 80' lang='lat' dir='ltr'>si</span> <span class='ocrx_word' id='word_1_149' title='bbox 311 489 420 527; x_wconf 81' lang='lat' dir='ltr'>palleret</span> <span class='ocrx_word' id='word_1_150' title='bbox 433 489 491 526; x_wconf 86' lang='lat' dir='ltr'>plus</span> <span class='ocrx_word' id='word_1_151' title='bbox 506 489 593 516; x_wconf 87' lang='lat' dir='ltr'>nimio</span> <span class='ocrx_word' id='word_1_152' title='bbox 604 510 611 521; x_wconf 93' lang='lat'>‚</span> <span class='ocrx_word' id='word_1_153' title='bbox 632 488 674 516; x_wconf 81' lang='lat' dir='ltr'>vel</span> <span class='ocrx_word' id='word_1_154' title='bbox 688 487 847 524; x_wconf 84' lang='lat' dir='ltr'>nigricaret,</span> <span class='ocrx_word' id='word_1_155' title='bbox 866 495 911 515; x_wconf 89' lang='lat' dir='ltr'>aut</span> <span class='ocrx_word' id='word_1_156' title='bbox 926 485 1093 515; x_wconf 86' lang='lat' dir='ltr'>evanesceret</span> <span class='ocrx_word' id='word_1_157' title='bbox 1107 485 1201 523; x_wconf 83' lang='lat' dir='ltr'>sponte</span> <span class='ocrx_word' id='word_1_158' title='bbox 1215 507 1222 518; x_wconf 94' lang='lat'><strong>‚</strong></span> <span class='ocrx_word' id='word_1_159' title='bbox 1235 487 1394 526; x_wconf 56' lang='lat' dir='ltr'>⁴priusquam</span> <span class='ocrx_word' id='word_1_160' title='bbox 1410 497 1466 516; x_wconf 82' lang='lat' dir='ltr'>tota</span> <span class='ocrx_word' id='word_1_161' title='bbox 1481 488 1643 527; x_wconf 81' lang='lat' dir='ltr'>conflagras-</span> 
     </span>
     <span class='ocr_line' id='line_1_13' title="bbox 55 523 1638 565; baseline -0.001 -7"><span class='ocrx_word' id='word_1_162' title='bbox 55 531 93 559; x_wconf 90' lang='lat' dir='ltr'>set</span> <span class='ocrx_word' id='word_1_163' title='bbox 112 530 234 558; x_wconf 59' lang='lat' dir='ltr'>vifitima:</span> <span class='ocrx_word' id='word_1_164' title='bbox 255 536 299 556; x_wconf 89' lang='lat' dir='ltr'>aut</span> <span class='ocrx_word' id='word_1_165' title='bbox 319 528 337 556; x_wconf 85' lang='lat' dir='ltr'>fi</span> <span class='ocrx_word' id='word_1_166' title='bbox 357 528 461 555; x_wconf 61' lang='lat' dir='ltr'>intactae</span> <span class='ocrx_word' id='word_1_167' title='bbox 480 528 572 564; x_wconf 62' lang='lat' dir='ltr'>aliqua:</span> <span class='ocrx_word' id='word_1_168' title='bbox 590 536 678 565; x_wconf 85' lang='lat' dir='ltr'>partes</span> <span class='ocrx_word' id='word_1_169' title='bbox 697 532 882 558; x_wconf 85' lang='lat' dir='ltr'>remanerent,</span> <span class='ocrx_word' id='word_1_170' title='bbox 903 528 930 555; x_wconf 85' lang='lat'>&amp;</span> <span class='ocrx_word' id='word_1_171' title='bbox 951 526 1074 563; x_wconf 74' lang='lat' dir='ltr'>integrae:</span> <span class='ocrx_word' id='word_1_172' title='bbox 1092 523 1142 564; x_wconf 63' lang='lat' dir='ltr'>lesi</span> <span class='ocrx_word' id='word_1_173' title='bbox 1156 523 1286 563; x_wconf 77' lang='lat' dir='ltr'>infesttque</span> <span class='ocrx_word' id='word_1_174' title='bbox 1305 526 1416 553; x_wconf 64' lang='lat' dir='ltr'>nummis</span> <span class='ocrx_word' id='word_1_175' title='bbox 1437 530 1464 556; x_wconf 68' lang='lat' dir='ltr'>S&lt;</span> <span class='ocrx_word' id='word_1_176' title='bbox 1478 527 1638 556; x_wconf 74' lang='lat' dir='ltr'>sacrificium</span> 
     </span>
     <span class='ocr_line' id='line_1_14' title="bbox 57 565 850 606; baseline -0.01 -9"><span class='ocrx_word' id='word_1_177' title='bbox 57 568 198 606; x_wconf 83' lang='lat' dir='ltr'>respuentis</span> <span class='ocrx_word' id='word_1_178' title='bbox 212 577 294 594; x_wconf 89' lang='lat' dir='ltr'>omen</span> <span class='ocrx_word' id='word_1_179' title='bbox 309 566 360 593; x_wconf 78' lang='lat' dir='ltr'>eise</span> <span class='ocrx_word' id='word_1_180' title='bbox 374 565 576 602; x_wconf 75' lang='lat' dir='ltr'>suspicabantur.</span> <span class='ocrx_word' id='word_1_181' title='bbox 848 587 850 589; x_wconf 74' lang='grc'><strong>,</strong></span> 
     </span>
    </p>

    <p class='ocr_par' dir='ltr' id='par_1_5' title="bbox 57 601 1638 717">
     <span class='ocr_line' id='line_1_15' title="bbox 95 601 1635 642; baseline -0.003 -7"><span class='ocrx_word' id='word_1_182' title='bbox 95 606 281 635; x_wconf 83' lang='lat' dir='ltr'>Scrutabantur</span> <span class='ocrx_word' id='word_1_183' title='bbox 301 606 327 632; x_wconf 84' lang='lat'>&amp;</span> <span class='ocrx_word' id='word_1_184' title='bbox 340 604 440 642; x_wconf 53' lang='lat' dir='ltr'>fumos,</span> <span class='ocrx_word' id='word_1_185' title='bbox 461 614 528 642; x_wconf 89' lang='lat' dir='ltr'>quos</span> <span class='ocrx_word' id='word_1_186' title='bbox 548 602 685 641; x_wconf 75' lang='lat' dir='ltr'>vertigines</span> <span class='ocrx_word' id='word_1_187' title='bbox 704 603 838 636; x_wconf 86' lang='lat' dir='ltr'>facerent,</span> <span class='ocrx_word' id='word_1_188' title='bbox 856 610 1041 640; x_wconf 82' lang='lat' dir='ltr'>quantumque</span> <span class='ocrx_word' id='word_1_189' title='bbox 1056 602 1082 631; x_wconf 85' lang='lat' dir='ltr'>se</span> <span class='ocrx_word' id='word_1_190' title='bbox 1095 601 1263 633; x_wconf 76' lang='lat' dir='ltr'>attollerent,</span> <span class='ocrx_word' id='word_1_191' title='bbox 1286 604 1313 630; x_wconf 63' lang='grc' dir='ltr'>ὃς</span> <span class='ocrx_word' id='word_1_192' title='bbox 1327 611 1381 639; x_wconf 87' lang='lat' dir='ltr'>quo</span> <span class='ocrx_word' id='word_1_193' title='bbox 1395 613 1487 636; x_wconf 83' lang='lat' dir='ltr'>motu,</span> <span class='ocrx_word' id='word_1_194' title='bbox 1508 605 1635 637; x_wconf 56' lang='lat' dir='ltr'>restove,</span> 
     </span>
     <span class='ocr_line' id='line_1_16' title="bbox 57 640 1638 682; baseline -0.004 -8"><span class='ocrx_word' id='word_1_195' title='bbox 57 655 89 674; x_wconf 83' lang='lat' dir='ltr'>an</span> <span class='ocrx_word' id='word_1_196' title='bbox 102 645 226 682; x_wconf 86' lang='lat' dir='ltr'>obliquo,</span> <span class='ocrx_word' id='word_1_197' title='bbox 247 643 288 671; x_wconf 86' lang='lat' dir='ltr'>vel</span> <span class='ocrx_word' id='word_1_198' title='bbox 302 644 330 670; x_wconf 87' lang='lat' dir='ltr'>in</span> <span class='ocrx_word' id='word_1_199' title='bbox 343 642 420 670; x_wconf 83' lang='lat' dir='ltr'>orbes</span> <span class='ocrx_word' id='word_1_200' title='bbox 434 651 574 674; x_wconf 85' lang='lat' dir='ltr'>contorto,</span> <span class='ocrx_word' id='word_1_201' title='bbox 594 651 639 671; x_wconf 85' lang='lat' dir='ltr'>aut</span> <span class='ocrx_word' id='word_1_202' title='bbox 650 641 828 678; x_wconf 78' lang='lat' dir='ltr'>complicam,</span> <span class='ocrx_word' id='word_1_203' title='bbox 850 641 1081 679; x_wconf 82' lang='lat' dir='ltr'>agglomeratione</span> <span class='ocrx_word' id='word_1_204' title='bbox 1095 641 1210 680; x_wconf 83' lang='lat' dir='ltr'>quadam</span> <span class='ocrx_word' id='word_1_205' title='bbox 1226 640 1253 668; x_wconf 91' lang='lat' dir='ltr'>in</span> <span class='ocrx_word' id='word_1_206' title='bbox 1266 640 1370 669; x_wconf 70' lang='lat' dir='ltr'>tortiles</span> <span class='ocrx_word' id='word_1_207' title='bbox 1383 641 1474 677; x_wconf 80' lang='lat' dir='ltr'>spiras:</span> <span class='ocrx_word' id='word_1_208' title='bbox 1496 646 1522 672; x_wconf 60' lang='grc' dir='ltr'>ὅ(</span> <span class='ocrx_word' id='word_1_209' title='bbox 1535 653 1590 681; x_wconf 81' lang='lat' dir='ltr'>quo</span> <span class='ocrx_word' id='word_1_210' title='bbox 1596 652 1638 673; x_wconf 65' lang='lat' dir='ltr'>re..</span> 
     </span>
     <span class='ocr_line' id='line_1_17' title="bbox 58 679 1047 717; baseline -0.005 -5"><span class='ocrx_word' id='word_1_211' title='bbox 58 683 177 712; x_wconf 84' lang='lat' dir='ltr'>dolerent</span> <span class='ocrx_word' id='word_1_212' title='bbox 190 683 295 714; x_wconf 87' lang='lat' dir='ltr'>nitore,</span> <span class='ocrx_word' id='word_1_213' title='bbox 313 682 448 714; x_wconf 70' lang='lat' dir='ltr'>alienove,</span> <span class='ocrx_word' id='word_1_214' title='bbox 469 691 501 709; x_wconf 82' lang='lat' dir='ltr'>an</span> <span class='ocrx_word' id='word_1_215' title='bbox 515 691 562 712; x_wconf 89' lang='lat' dir='ltr'>eo,</span> <span class='ocrx_word' id='word_1_216' title='bbox 584 682 629 717; x_wconf 88' lang='lat' dir='ltr'>qui</span> <span class='ocrx_word' id='word_1_217' title='bbox 642 690 675 708; x_wconf 86' lang='lat' dir='ltr'>ex</span> <span class='ocrx_word' id='word_1_218' title='bbox 690 680 809 710; x_wconf 84' lang='lat' dir='ltr'>carnibus</span> <span class='ocrx_word' id='word_1_219' title='bbox 823 681 884 708; x_wconf 83' lang='lat' dir='ltr'>ustis</span> <span class='ocrx_word' id='word_1_220' title='bbox 897 679 1047 708; x_wconf 74' lang='lat' dir='ltr'>esti-imaret.</span> 
     </span>
    </p>

    <p class='ocr_par' dir='ltr' id='par_1_6' title="bbox 55 717 1639 872">
     <span class='ocr_line' id='line_1_18' title="bbox 96 717 1638 760; baseline -0.002 -11"><span class='ocrx_word' id='word_1_221' title='bbox 96 722 169 760; x_wconf 87' lang='lat' dir='ltr'>Qin</span> <span class='ocrx_word' id='word_1_222' title='bbox 185 722 211 749; x_wconf 68' lang='grc' dir='ltr'>δε</span> <span class='ocrx_word' id='word_1_223' title='bbox 226 721 284 756; x_wconf 84' lang='lat' dir='ltr'>pice</span> <span class='ocrx_word' id='word_1_224' title='bbox 295 739 303 749; x_wconf 86' lang='lat'><em>‚</em></span> <span class='ocrx_word' id='word_1_225' title='bbox 333 729 390 757; x_wconf 91' lang='lat' dir='ltr'>quae</span> <span class='ocrx_word' id='word_1_226' title='bbox 405 728 436 749; x_wconf 85' lang='lat' dir='ltr'>cx</span> <span class='ocrx_word' id='word_1_227' title='bbox 450 720 518 747; x_wconf 45' lang='lat' dir='ltr'>radic</span> <span class='ocrx_word' id='word_1_228' title='bbox 532 718 666 755; x_wconf 73' lang='lat' dir='ltr'>colligitur</span> <span class='ocrx_word' id='word_1_229' title='bbox 679 741 686 751; x_wconf 88' lang='lat'>‚</span> <span class='ocrx_word' id='word_1_230' title='bbox 713 719 885 747; x_wconf 84' lang='lat' dir='ltr'>comminuta</span> <span class='ocrx_word' id='word_1_231' title='bbox 898 719 926 746; x_wconf 91' lang='lat' dir='ltr'>in</span> <span class='ocrx_word' id='word_1_232' title='bbox 939 718 1080 754; x_wconf 90' lang='lat' dir='ltr'>pulverem</span> <span class='ocrx_word' id='word_1_233' title='bbox 1095 739 1102 750; x_wconf 93' lang='lat'>‚</span> <span class='ocrx_word' id='word_1_234' title='bbox 1123 720 1149 747; x_wconf 69' lang='grc' dir='ltr'>δε</span> <span class='ocrx_word' id='word_1_235' title='bbox 1164 717 1217 745; x_wconf 91' lang='lat' dir='ltr'>hoc</span> <span class='ocrx_word' id='word_1_236' title='bbox 1231 718 1258 745; x_wconf 89' lang='lat' dir='ltr'>in</span> <span class='ocrx_word' id='word_1_237' title='bbox 1272 717 1366 754; x_wconf 87' lang='lat' dir='ltr'>ignem</span> <span class='ocrx_word' id='word_1_238' title='bbox 1380 718 1506 754; x_wconf 68' lang='lat' dir='ltr'>conje&amp;o</span> <span class='ocrx_word' id='word_1_239' title='bbox 1521 739 1528 750; x_wconf 91' lang='lat'>‚</span> <span class='ocrx_word' id='word_1_240' title='bbox 1549 719 1638 747; x_wconf 83' lang='lat' dir='ltr'>futura</span> 
     </span>
     <span class='ocr_line' id='line_1_19' title="bbox 56 753 1639 793; baseline -0.003 -4"><span class='ocrx_word' id='word_1_241' title='bbox 56 759 221 791; x_wconf 81' lang='lat' dir='ltr'>divinabant,</span> <span class='ocrx_word' id='word_1_242' title='bbox 242 758 295 786; x_wconf 88' lang='lat' dir='ltr'>hoc</span> <span class='ocrx_word' id='word_1_243' title='bbox 316 758 414 786; x_wconf 85' lang='lat' dir='ltr'>modo:</span> <span class='ocrx_word' id='word_1_244' title='bbox 436 759 464 786; x_wconf 90' lang='lat' dir='ltr'>Si</span> <span class='ocrx_word' id='word_1_245' title='bbox 483 756 652 786; x_wconf 81' lang='lat' dir='ltr'>exardescens</span> <span class='ocrx_word' id='word_1_246' title='bbox 674 758 735 785; x_wconf 87' lang='lat' dir='ltr'>inde</span> <span class='ocrx_word' id='word_1_247' title='bbox 756 757 869 784; x_wconf 79' lang='lat' dir='ltr'>flamma</span> <span class='ocrx_word' id='word_1_248' title='bbox 888 757 988 790; x_wconf 86' lang='lat' dir='ltr'>coiret,</span> <span class='ocrx_word' id='word_1_249' title='bbox 1008 767 1060 784; x_wconf 85' lang='lat' dir='ltr'>nec</span> <span class='ocrx_word' id='word_1_250' title='bbox 1080 756 1289 793; x_wconf 83' lang='lat' dir='ltr'>dispergeretur,</span> <span class='ocrx_word' id='word_1_251' title='bbox 1305 753 1407 793; x_wconf 72' lang='lat' dir='ltr'>fimsta:</span> <span class='ocrx_word' id='word_1_252' title='bbox 1429 757 1446 783; x_wconf 81' lang='lat' dir='ltr'>li</span> <span class='ocrx_word' id='word_1_253' title='bbox 1460 756 1639 788; x_wconf 83' lang='lat' dir='ltr'>divideretur,</span> 
     </span>
     <span class='ocr_line' id='line_1_20' title="bbox 56 792 1638 834; baseline -0.003 -7"><span class='ocrx_word' id='word_1_254' title='bbox 56 792 101 827; x_wconf 78' lang='lat' dir='ltr'>aut</span> <span class='ocrx_word' id='word_1_255' title='bbox 119 797 238 826; x_wconf 82' lang='lat' dir='ltr'>diffiliret</span> <span class='ocrx_word' id='word_1_256' title='bbox 251 818 258 829; x_wconf 93' lang='lat'>‚</span> <span class='ocrx_word' id='word_1_257' title='bbox 277 795 384 834; x_wconf 75' lang='lat' dir='ltr'>infiiusta</span> <span class='ocrx_word' id='word_1_258' title='bbox 403 796 538 833; x_wconf 79' lang='lat' dir='ltr'>designare</span> <span class='ocrx_word' id='word_1_259' title='bbox 557 795 722 829; x_wconf 80' lang='lat' dir='ltr'>credebatur.</span> <span class='ocrx_word' id='word_1_260' title='bbox 761 796 787 822; x_wconf 89' lang='lat' dir='ltr'>Si</span> <span class='ocrx_word' id='word_1_261' title='bbox 808 803 974 832; x_wconf 85' lang='lat' dir='ltr'>pugnantem</span> <span class='ocrx_word' id='word_1_262' title='bbox 986 817 995 828; x_wconf 95' lang='lat'>‚</span> <span class='ocrx_word' id='word_1_263' title='bbox 1016 795 1158 823; x_wconf 68' lang='lat' dir='ltr'>didue&#39;tum</span> <span class='ocrx_word' id='word_1_264' title='bbox 1179 795 1206 822; x_wconf 92' lang='lat' dir='ltr'>in</span> <span class='ocrx_word' id='word_1_265' title='bbox 1228 793 1344 825; x_wconf 76' lang='lat' dir='ltr'>divesia,</span> <span class='ocrx_word' id='word_1_266' title='bbox 1363 794 1589 831; x_wconf 85' lang='lat' dir='ltr'>procumbentem</span> <span class='ocrx_word' id='word_1_267' title='bbox 1611 797 1638 823; x_wconf 84' lang='lat' dir='ltr'>in</span> 
     </span>
     <span class='ocr_line' id='line_1_21' title="bbox 55 832 1335 872; baseline -0.005 -7"><span class='ocrx_word' id='word_1_268' title='bbox 55 834 165 867; x_wconf 83' lang='lat' dir='ltr'>foc&#39;um,</span> <span class='ocrx_word' id='word_1_269' title='bbox 186 835 377 872; x_wconf 82' lang='lat' dir='ltr'>crepitantem,</span> <span class='ocrx_word' id='word_1_270' title='bbox 397 835 463 872; x_wconf 64' lang='lat' dir='ltr'>agrio-</span> <span class='ocrx_word' id='word_1_271' title='bbox 476 835 578 862; x_wconf 87' lang='lat' dir='ltr'>malum</span> <span class='ocrx_word' id='word_1_272' title='bbox 588 855 595 866; x_wconf 90' lang='lat'>‚</span> <span class='ocrx_word' id='word_1_273' title='bbox 616 834 817 862; x_wconf 84' lang='lat' dir='ltr'>evanescentem</span> <span class='ocrx_word' id='word_1_274' title='bbox 830 832 917 868; x_wconf 67' lang='lat' dir='ltr'>iisdem</span> <span class='ocrx_word' id='word_1_275' title='bbox 931 842 1036 861; x_wconf 79' lang='lat' dir='ltr'>mortem</span> <span class='ocrx_word' id='word_1_276' title='bbox 1051 834 1171 862; x_wconf 75' lang='lat' dir='ltr'>minitari</span> <span class='ocrx_word' id='word_1_277' title='bbox 1186 832 1335 869; x_wconf 85' lang='lat' dir='ltr'>putabatur.</span> 
     </span>
    </p>

    <p class='ocr_par' dir='ltr' id='par_1_7' title="bbox 55 869 1643 1064">
     <span class='ocr_line' id='line_1_22' title="bbox 98 869 1640 909; baseline -0.003 -8"><span class='ocrx_word' id='word_1_278' title='bbox 98 876 138 903; x_wconf 82' lang='lat' dir='ltr'>Ex</span> <span class='ocrx_word' id='word_1_279' title='bbox 151 873 258 901; x_wconf 84' lang='lat' dir='ltr'>incenso</span> <span class='ocrx_word' id='word_1_280' title='bbox 270 873 342 900; x_wconf 80' lang='lat' dir='ltr'>thure</span> <span class='ocrx_word' id='word_1_281' title='bbox 355 872 508 902; x_wconf 83' lang='lat' dir='ltr'>divinabant</span> <span class='ocrx_word' id='word_1_282' title='bbox 523 884 528 900; x_wconf 93' lang='lat'>:</span> <span class='ocrx_word' id='word_1_283' title='bbox 550 873 576 900; x_wconf 81' lang='lat' dir='ltr'>Si</span> <span class='ocrx_word' id='word_1_284' title='bbox 590 872 658 909; x_wconf 87' lang='lat' dir='ltr'>ignis</span> <span class='ocrx_word' id='word_1_285' title='bbox 673 883 738 900; x_wconf 80' lang='lat' dir='ltr'>mox</span> <span class='ocrx_word' id='word_1_286' title='bbox 750 871 815 899; x_wconf 83' lang='lat' dir='ltr'>illud</span> <span class='ocrx_word' id='word_1_287' title='bbox 828 880 964 907; x_wconf 85' lang='lat' dir='ltr'>arreptum</span> <span class='ocrx_word' id='word_1_288' title='bbox 980 892 987 903; x_wconf 92' lang='lat'><em>‚</em></span> <span class='ocrx_word' id='word_1_289' title='bbox 1007 872 1216 909; x_wconf 77' lang='lat' dir='ltr'>dissolutumque</span> <span class='ocrx_word' id='word_1_290' title='bbox 1230 877 1346 898; x_wconf 83' lang='lat' dir='ltr'>verteret</span> <span class='ocrx_word' id='word_1_291' title='bbox 1359 871 1388 898; x_wconf 88' lang='lat' dir='ltr'>in</span> <span class='ocrx_word' id='word_1_292' title='bbox 1402 869 1510 897; x_wconf 81' lang='lat' dir='ltr'>fumum</span> <span class='ocrx_word' id='word_1_293' title='bbox 1520 891 1526 901; x_wconf 90' lang='lat'><strong>‚</strong></span> <span class='ocrx_word' id='word_1_294' title='bbox 1549 873 1575 899; x_wconf 65' lang='lat' dir='ltr'>tc</span> <span class='ocrx_word' id='word_1_295' title='bbox 1589 870 1640 898; x_wconf 86' lang='lat' dir='ltr'>suf-</span> 
     </span>
     <span class='ocr_line' id='line_1_23' title="bbox 56 907 1639 949; baseline -0.003 -8"><span class='ocrx_word' id='word_1_296' title='bbox 56 913 134 941; x_wconf 86' lang='lat' dir='ltr'>fitum</span> <span class='ocrx_word' id='word_1_297' title='bbox 150 913 232 940; x_wconf 87' lang='lat' dir='ltr'>cieret</span> <span class='ocrx_word' id='word_1_298' title='bbox 244 919 350 949; x_wconf 82' lang='lat' dir='ltr'>gratum</span> <span class='ocrx_word' id='word_1_299' title='bbox 359 933 366 944; x_wconf 89' lang='lat'>,</span> <span class='ocrx_word' id='word_1_300' title='bbox 386 911 456 938; x_wconf 73' lang='lat' dir='ltr'>laetaz</span> <span class='ocrx_word' id='word_1_301' title='bbox 477 912 496 938; x_wconf 84' lang='lat' dir='ltr'>si</span> <span class='ocrx_word' id='word_1_302' title='bbox 510 911 626 948; x_wconf 84' lang='lat' dir='ltr'>fugeret.</span> <span class='ocrx_word' id='word_1_303' title='bbox 649 918 695 938; x_wconf 84' lang='lat' dir='ltr'>aut</span> <span class='ocrx_word' id='word_1_304' title='bbox 705 911 820 938; x_wconf 88' lang='lat' dir='ltr'>odorem</span> <span class='ocrx_word' id='word_1_305' title='bbox 835 910 999 946; x_wconf 84' lang='lat' dir='ltr'>exprimeret</span> <span class='ocrx_word' id='word_1_306' title='bbox 1013 910 1076 938; x_wconf 87' lang='lat' dir='ltr'>inde</span> <span class='ocrx_word' id='word_1_307' title='bbox 1090 910 1235 945; x_wconf 60' lang='lat' dir='ltr'>foedum&amp;</span> <span class='ocrx_word' id='word_1_308' title='bbox 1249 909 1263 936; x_wconf 79' lang='grc' dir='ltr'>ὲ</span> <span class='ocrx_word' id='word_1_309' title='bbox 1278 917 1372 937; x_wconf 88' lang='lat' dir='ltr'>natura</span> <span class='ocrx_word' id='word_1_310' title='bbox 1385 908 1469 936; x_wconf 79' lang='lat' dir='ltr'>thuris</span> <span class='ocrx_word' id='word_1_311' title='bbox 1484 907 1619 936; x_wconf 88' lang='lat' dir='ltr'>diversum</span> <span class='ocrx_word' id='word_1_312' title='bbox 1631 930 1639 941; x_wconf 93' lang='lat'>,</span> 
     </span>
     <span class='ocr_line' id='line_1_24' title="bbox 55 947 1639 986; baseline -0.003 -8"><span class='ocrx_word' id='word_1_313' title='bbox 55 949 222 979; x_wconf 70' lang='lat' dir='ltr'>abominanda</span> <span class='ocrx_word' id='word_1_314' title='bbox 241 949 342 977; x_wconf 87' lang='lat' dir='ltr'>ostendi</span> <span class='ocrx_word' id='word_1_315' title='bbox 362 949 530 986; x_wconf 84' lang='lat' dir='ltr'>putabantur.</span> <span class='ocrx_word' id='word_1_316' title='bbox 571 949 700 977; x_wconf 86' lang='lat' dir='ltr'>Meminit</span> <span class='ocrx_word' id='word_1_317' title='bbox 719 948 770 976; x_wconf 91' lang='lat' dir='ltr'>loci</span> <span class='ocrx_word' id='word_1_318' title='bbox 792 948 929 983; x_wconf 83' lang='lat' dir='ltr'>cujusdam</span> <span class='ocrx_word' id='word_1_319' title='bbox 950 947 1026 976; x_wconf 78' lang='lat' dir='ltr'>Dion.</span> <span class='ocrx_word' id='word_1_320' title='bbox 1043 949 1071 976; x_wconf 82' lang='lat' dir='ltr'>in</span> <span class='ocrx_word' id='word_1_321' title='bbox 1085 948 1191 976; x_wconf 77' lang='lat' dir='ltr'>historia</span> <span class='ocrx_word' id='word_1_322' title='bbox 1206 949 1331 975; x_wconf 84' lang='lat' dir='ltr'>Romana</span> <span class='ocrx_word' id='word_1_323' title='bbox 1345 968 1352 979; x_wconf 88' lang='lat'><em>‚</em></span> <span class='ocrx_word' id='word_1_324' title='bbox 1379 956 1459 984; x_wconf 85' lang='lat' dir='ltr'>quem</span> <span class='ocrx_word' id='word_1_325' title='bbox 1477 947 1639 984; x_wconf 71' lang='lat' dir='ltr'>Nymphaeum</span> 
     </span>
     <span class='ocr_line' id='line_1_25' title="bbox 56 986 1641 1026; baseline -0.003 -9"><span class='ocrx_word' id='word_1_326' title='bbox 56 989 182 1026; x_wconf 86' lang='lat' dir='ltr'>appellat,</span> <span class='ocrx_word' id='word_1_327' title='bbox 204 989 232 1016; x_wconf 88' lang='lat' dir='ltr'>in</span> <span class='ocrx_word' id='word_1_328' title='bbox 249 997 306 1025; x_wconf 85' lang='lat' dir='ltr'>quo</span> <span class='ocrx_word' id='word_1_329' title='bbox 324 987 376 1016; x_wconf 89' lang='lat' dir='ltr'>hoc</span> <span class='ocrx_word' id='word_1_330' title='bbox 396 988 482 1016; x_wconf 86' lang='lat' dir='ltr'>modo</span> <span class='ocrx_word' id='word_1_331' title='bbox 501 998 533 1016; x_wconf 82' lang='lat' dir='ltr'>ex</span> <span class='ocrx_word' id='word_1_332' title='bbox 553 986 642 1015; x_wconf 84' lang='lat' dir='ltr'>suffito</span> <span class='ocrx_word' id='word_1_333' title='bbox 660 987 739 1016; x_wconf 87' lang='lat' dir='ltr'>thure</span> <span class='ocrx_word' id='word_1_334' title='bbox 758 986 875 1023; x_wconf 75' lang='lat' dir='ltr'>praescita</span> <span class='ocrx_word' id='word_1_335' title='bbox 893 986 928 1014; x_wconf 89' lang='lat' dir='ltr'>de</span> <span class='ocrx_word' id='word_1_336' title='bbox 946 987 1073 1015; x_wconf 84' lang='lat' dir='ltr'>omnibus</span> <span class='ocrx_word' id='word_1_337' title='bbox 1092 986 1171 1015; x_wconf 88' lang='lat' dir='ltr'>rebus</span> <span class='ocrx_word' id='word_1_338' title='bbox 1183 987 1265 1023; x_wconf 85' lang='lat' dir='ltr'>petita</span> <span class='ocrx_word' id='word_1_339' title='bbox 1279 986 1393 1017; x_wconf 85' lang='lat' dir='ltr'>fuerint,</span> <span class='ocrx_word' id='word_1_340' title='bbox 1413 993 1592 1022; x_wconf 77' lang='lat' dir='ltr'>praeterquam</span> <span class='ocrx_word' id='word_1_341' title='bbox 1606 986 1641 1013; x_wconf 87' lang='lat' dir='ltr'>de</span> 
     </span>
     <span class='ocr_line' id='line_1_26' title="bbox 56 1022 1643 1064; baseline -0.003 -10"><span class='ocrx_word' id='word_1_342' title='bbox 56 1036 134 1056; x_wconf 79' lang='lat' dir='ltr'>morte</span> <span class='ocrx_word' id='word_1_343' title='bbox 155 1029 182 1055; x_wconf 73' lang='grc' dir='ltr'>ὃ(</span> <span class='ocrx_word' id='word_1_344' title='bbox 200 1024 316 1064; x_wconf 68' lang='lat' dir='ltr'>conjugio.</span> <span class='ocrx_word' id='word_1_345' title='bbox 356 1026 480 1054; x_wconf 87' lang='lat' dir='ltr'>Tandem</span> <span class='ocrx_word' id='word_1_346' title='bbox 501 1028 584 1055; x_wconf 59' lang='lat' dir='ltr'>etiam</span> <span class='ocrx_word' id='word_1_347' title='bbox 598 1035 630 1053; x_wconf 90' lang='lat' dir='ltr'>ex</span> <span class='ocrx_word' id='word_1_348' title='bbox 645 1026 701 1054; x_wconf 88' lang='lat' dir='ltr'>vini</span> <span class='ocrx_word' id='word_1_349' title='bbox 715 1024 859 1054; x_wconf 83' lang='lat' dir='ltr'>consecrati</span> <span class='ocrx_word' id='word_1_350' title='bbox 876 1025 908 1053; x_wconf 91' lang='lat' dir='ltr'>ad</span> <span class='ocrx_word' id='word_1_351' title='bbox 922 1024 1076 1055; x_wconf 79' lang='lat' dir='ltr'>libationes,</span> <span class='ocrx_word' id='word_1_352' title='bbox 1097 1027 1123 1054; x_wconf 75' lang='grc' dir='ltr'>δ(</span> <span class='ocrx_word' id='word_1_353' title='bbox 1140 1034 1173 1053; x_wconf 90' lang='lat' dir='ltr'>ex</span> <span class='ocrx_word' id='word_1_354' title='bbox 1188 1024 1264 1052; x_wconf 77' lang='lat' dir='ltr'>sacrae</span> <span class='ocrx_word' id='word_1_355' title='bbox 1280 1034 1366 1062; x_wconf 86' lang='lat' dir='ltr'>aquae,</span> <span class='ocrx_word' id='word_1_356' title='bbox 1387 1033 1438 1061; x_wconf 79' lang='lat' dir='ltr'>qua</span> <span class='ocrx_word' id='word_1_357' title='bbox 1452 1022 1643 1053; x_wconf 85' lang='lat' dir='ltr'>abluebantur.</span> 
     </span>
    </p>
   </div>
   <div class='ocr_carea' id='block_1_5' title="bbox 15 1062 1644 1102">
    <p class='ocr_par' dir='ltr' id='par_1_8' title="bbox 15 1062 1644 1102">
     <span class='ocr_line' id='line_1_27' title="bbox 15 1062 1644 1102; baseline -0.004 -7"><span class='ocrx_word' id='word_1_358' title='bbox 15 1064 17 1080; x_wconf 61' lang='lat'><em>⁴</em></span> <span class='ocrx_word' id='word_1_359' title='bbox 57 1068 84 1095; x_wconf 88' lang='lat'>&amp;</span> <span class='ocrx_word' id='word_1_360' title='bbox 103 1064 321 1102; x_wconf 82' lang='lat' dir='ltr'>decoquebantur</span> <span class='ocrx_word' id='word_1_361' title='bbox 339 1064 457 1093; x_wconf 64' lang='lat' dir='ltr'>vistimae</span> <span class='ocrx_word' id='word_1_362' title='bbox 470 1085 477 1096; x_wconf 93' lang='lat'>,</span> <span class='ocrx_word' id='word_1_363' title='bbox 496 1063 612 1092; x_wconf 85' lang='lat' dir='ltr'>coloribus</span> <span class='ocrx_word' id='word_1_364' title='bbox 626 1085 633 1097; x_wconf 90' lang='lat'>‚</span> <span class='ocrx_word' id='word_1_365' title='bbox 652 1065 739 1100; x_wconf 71' lang='lat' dir='ltr'>Jivpore</span> <span class='ocrx_word' id='word_1_366' title='bbox 753 1083 760 1093; x_wconf 85' lang='lat'><em>‚</em></span> <span class='ocrx_word' id='word_1_367' title='bbox 782 1071 852 1091; x_wconf 85' lang='lat' dir='ltr'>motu</span> <span class='ocrx_word' id='word_1_368' title='bbox 864 1082 871 1092; x_wconf 83' lang='lat'>.</span> <span class='ocrx_word' id='word_1_369' title='bbox 886 1062 996 1099; x_wconf 67' lang='lat' dir='ltr'>strepitu</span> <span class='ocrx_word' id='word_1_370' title='bbox 1010 1085 1018 1096; x_wconf 91' lang='lat'>‚</span> <span class='ocrx_word' id='word_1_371' title='bbox 1039 1063 1129 1091; x_wconf 87' lang='lat' dir='ltr'>subitis</span> <span class='ocrx_word' id='word_1_372' title='bbox 1147 1062 1342 1091; x_wconf 73' lang='lat' dir='ltr'>mutationibus</span> <span class='ocrx_word' id='word_1_373' title='bbox 1356 1083 1364 1095; x_wconf 92' lang='lat'>,</span> <span class='ocrx_word' id='word_1_374' title='bbox 1384 1068 1542 1099; x_wconf 83' lang='lat' dir='ltr'>argumenta</span> <span class='ocrx_word' id='word_1_375' title='bbox 1563 1071 1644 1089; x_wconf 87' lang='lat' dir='ltr'>even-</span> 
     </span>
    </p>
   </div>
   <div class='ocr_carea' id='block_1_6' title="bbox 56 1100 1646 1671">
    <p class='ocr_par' dir='ltr' id='par_1_9' title="bbox 57 1100 1643 1329">
     <span class='ocr_line' id='line_1_28' title="bbox 57 1100 1642 1140; baseline -0.003 -8"><span class='ocrx_word' id='word_1_376' title='bbox 57 1110 135 1132; x_wconf 87' lang='lat' dir='ltr'>tuum</span> <span class='ocrx_word' id='word_1_377' title='bbox 155 1101 331 1140; x_wconf 83' lang='lat' dir='ltr'>colligebant,</span> <span class='ocrx_word' id='word_1_378' title='bbox 351 1110 412 1130; x_wconf 86' lang='lat' dir='ltr'>tum</span> <span class='ocrx_word' id='word_1_379' title='bbox 431 1103 524 1133; x_wconf 59' lang='lat' dir='ltr'>molas,</span> <span class='ocrx_word' id='word_1_380' title='bbox 544 1104 571 1131; x_wconf 62' lang='grc' dir='ltr'>ἃ</span> <span class='ocrx_word' id='word_1_381' title='bbox 589 1101 739 1134; x_wconf 68' lang='lat' dir='ltr'>libamenta,</span> <span class='ocrx_word' id='word_1_382' title='bbox 762 1103 788 1130; x_wconf 70' lang='grc' dir='ltr'>δε</span> <span class='ocrx_word' id='word_1_383' title='bbox 807 1111 939 1138; x_wconf 75' lang='lat' dir='ltr'>praecipue</span> <span class='ocrx_word' id='word_1_384' title='bbox 957 1103 1101 1130; x_wconf 87' lang='lat' dir='ltr'>materiam</span> <span class='ocrx_word' id='word_1_385' title='bbox 1120 1111 1232 1133; x_wconf 86' lang='lat' dir='ltr'>eorum,</span> <span class='ocrx_word' id='word_1_386' title='bbox 1252 1108 1282 1129; x_wconf 91' lang='lat' dir='ltr'>ut</span> <span class='ocrx_word' id='word_1_387' title='bbox 1300 1100 1439 1131; x_wconf 84' lang='lat' dir='ltr'>hordeum,</span> <span class='ocrx_word' id='word_1_388' title='bbox 1452 1100 1514 1136; x_wconf 81' lang='lat' dir='ltr'>sar,</span> <span class='ocrx_word' id='word_1_389' title='bbox 1537 1102 1564 1128; x_wconf 68' lang='grc' dir='ltr'>ὃς</span> <span class='ocrx_word' id='word_1_390' title='bbox 1579 1100 1642 1128; x_wconf 89' lang='lat' dir='ltr'>inde</span> 
     </span>
     <span class='ocr_line' id='line_1_29' title="bbox 59 1138 1643 1177; baseline -0.003 -7"><span class='ocrx_word' id='word_1_391' title='bbox 59 1142 194 1171; x_wconf 69' lang='lat' dir='ltr'>confectas</span> <span class='ocrx_word' id='word_1_392' title='bbox 212 1141 308 1168; x_wconf 80' lang='lat' dir='ltr'>farinas</span> <span class='ocrx_word' id='word_1_393' title='bbox 321 1162 328 1173; x_wconf 90' lang='lat'>‚</span> <span class='ocrx_word' id='word_1_394' title='bbox 354 1140 449 1177; x_wconf 85' lang='lat' dir='ltr'>quibus</span> <span class='ocrx_word' id='word_1_395' title='bbox 468 1141 585 1168; x_wconf 67' lang='lat' dir='ltr'>victimae</span> <span class='ocrx_word' id='word_1_396' title='bbox 604 1139 846 1177; x_wconf 88' lang='lat' dir='ltr'>conspergebantur</span> <span class='ocrx_word' id='word_1_397' title='bbox 859 1160 867 1171; x_wconf 93' lang='lat'>,</span> <span class='ocrx_word' id='word_1_398' title='bbox 894 1139 1075 1168; x_wconf 88' lang='lat' dir='ltr'>scrutabantur</span> <span class='ocrx_word' id='word_1_399' title='bbox 1089 1161 1096 1172; x_wconf 90' lang='lat'>‚</span> <span class='ocrx_word' id='word_1_400' title='bbox 1116 1142 1144 1168; x_wconf 74' lang='grc' dir='ltr'>ἃ,</span> <span class='ocrx_word' id='word_1_401' title='bbox 1163 1138 1359 1176; x_wconf 82' lang='lat' dir='ltr'>expendebant.</span> <span class='ocrx_word' id='word_1_402' title='bbox 1397 1138 1448 1165; x_wconf 89' lang='lat' dir='ltr'>Sed</span> <span class='ocrx_word' id='word_1_403' title='bbox 1470 1138 1527 1174; x_wconf 89' lang='lat' dir='ltr'>quis</span> <span class='ocrx_word' id='word_1_404' title='bbox 1548 1139 1643 1166; x_wconf 83' lang='lat' dir='ltr'>omnia</span> 
     </span>
     <span class='ocr_line' id='line_1_30' title="bbox 58 1177 1641 1217; baseline -0.003 -9"><span class='ocrx_word' id='word_1_405' title='bbox 58 1181 139 1217; x_wconf 83' lang='lat' dir='ltr'>poffit</span> <span class='ocrx_word' id='word_1_406' title='bbox 152 1182 324 1207; x_wconf 85' lang='lat' dir='ltr'>enumerare?</span> <span class='ocrx_word' id='word_1_407' title='bbox 344 1179 462 1214; x_wconf 83' lang='lat' dir='ltr'>Collegit</span> <span class='ocrx_word' id='word_1_408' title='bbox 477 1178 532 1205; x_wconf 80' lang='lat' dir='ltr'>haec</span> <span class='ocrx_word' id='word_1_409' title='bbox 544 1178 683 1213; x_wconf 85' lang='lat' dir='ltr'>diligenter</span> <span class='ocrx_word' id='word_1_410' title='bbox 698 1179 725 1204; x_wconf 61' lang='grc' dir='ltr'>ὃς</span> <span class='ocrx_word' id='word_1_411' title='bbox 739 1177 843 1205; x_wconf 82' lang='lat' dir='ltr'>erudite</span> <span class='ocrx_word' id='word_1_412' title='bbox 856 1178 979 1204; x_wconf 65' lang='lat' dir='ltr'>traEtavit</span> <span class='ocrx_word' id='word_1_413' title='bbox 993 1177 1147 1204; x_wconf 78' lang='lat' dir='ltr'>clarissimus</span> <span class='ocrx_word' id='word_1_414' title='bbox 1163 1178 1204 1205; x_wconf 90' lang='lat' dir='ltr'>vir</span> <span class='ocrx_word' id='word_1_415' title='bbox 1219 1179 1255 1205; x_wconf 89' lang='lat' dir='ltr'>D.</span> <span class='ocrx_word' id='word_1_416' title='bbox 1269 1178 1305 1204; x_wconf 92' lang='lat' dir='ltr'>D.</span> <span class='ocrx_word' id='word_1_417' title='bbox 1318 1177 1444 1211; x_wconf 76' lang='lat' dir='ltr'>Gasparus</span> <span class='ocrx_word' id='word_1_418' title='bbox 1458 1179 1598 1207; x_wconf 73' lang='lat' dir='ltr'>Peucerus,</span> <span class='ocrx_word' id='word_1_419' title='bbox 1611 1177 1641 1205; x_wconf 85' lang='lat' dir='ltr'>in</span> 
     </span>
     <span class='ocr_line' id='line_1_31' title="bbox 58 1213 1643 1253; baseline -0.003 -8"><span class='ocrx_word' id='word_1_420' title='bbox 58 1218 110 1246; x_wconf 86' lang='lat' dir='ltr'>suis</span> <span class='ocrx_word' id='word_1_421' title='bbox 124 1218 158 1244; x_wconf 91' lang='lat' dir='ltr'>de</span> <span class='ocrx_word' id='word_1_422' title='bbox 171 1217 310 1253; x_wconf 87' lang='lat' dir='ltr'>generibus</span> <span class='ocrx_word' id='word_1_423' title='bbox 321 1215 529 1242; x_wconf 86' lang='lat' dir='ltr'>Divinationum</span> <span class='ocrx_word' id='word_1_424' title='bbox 544 1215 769 1243; x_wconf 84' lang='lat' dir='ltr'>Commentariis,</span> <span class='ocrx_word' id='word_1_425' title='bbox 790 1223 823 1241; x_wconf 90' lang='lat' dir='ltr'>ex</span> <span class='ocrx_word' id='word_1_426' title='bbox 837 1214 931 1250; x_wconf 86' lang='lat' dir='ltr'>quibus</span> <span class='ocrx_word' id='word_1_427' title='bbox 946 1222 975 1240; x_wconf 89' lang='lat' dir='ltr'>ea</span> <span class='ocrx_word' id='word_1_428' title='bbox 989 1213 1189 1251; x_wconf 83' lang='lat' dir='ltr'>desumplimus.</span> <span class='ocrx_word' id='word_1_429' title='bbox 1209 1215 1288 1242; x_wconf 83' lang='lat' dir='ltr'>Extat</span> <span class='ocrx_word' id='word_1_430' title='bbox 1301 1214 1369 1250; x_wconf 87' lang='lat' dir='ltr'>apud</span> <span class='ocrx_word' id='word_1_431' title='bbox 1386 1213 1471 1250; x_wconf 81' lang='lat' dir='ltr'>Agell.</span> <span class='ocrx_word' id='word_1_432' title='bbox 1485 1213 1643 1250; x_wconf 84' lang='lat' dir='ltr'>exemplum</span> 
     </span>
     <span class='ocr_line' id='line_1_32' title="bbox 58 1250 1643 1292; baseline -0.002 -9"><span class='ocrx_word' id='word_1_433' title='bbox 58 1255 175 1292; x_wconf 82' lang='lat' dir='ltr'>pertidiae</span> <span class='ocrx_word' id='word_1_434' title='bbox 195 1251 347 1286; x_wconf 50' lang='lat' dir='ltr'>hartwicum</span> <span class='ocrx_word' id='word_1_435' title='bbox 367 1253 543 1287; x_wconf 69' lang='lat' dir='ltr'>Hetrustorum</span> <span class='ocrx_word' id='word_1_436' title='bbox 556 1273 565 1284; x_wconf 95' lang='lat'>,</span> <span class='ocrx_word' id='word_1_437' title='bbox 593 1253 620 1279; x_wconf 60' lang='grc' dir='ltr'>ἐς</span> <span class='ocrx_word' id='word_1_438' title='bbox 643 1252 792 1280; x_wconf 85' lang='lat' dir='ltr'>eorundem</span> <span class='ocrx_word' id='word_1_439' title='bbox 806 1260 886 1288; x_wconf 87' lang='lat' dir='ltr'>poena</span> <span class='ocrx_word' id='word_1_440' title='bbox 899 1272 907 1284; x_wconf 90' lang='lat'>‚</span> <span class='ocrx_word' id='word_1_441' title='bbox 927 1252 998 1280; x_wconf 88' lang='lat' dir='ltr'>unde</span> <span class='ocrx_word' id='word_1_442' title='bbox 1011 1251 1098 1280; x_wconf 89' lang='lat' dir='ltr'>versus</span> <span class='ocrx_word' id='word_1_443' title='bbox 1111 1251 1154 1279; x_wconf 87' lang='lat' dir='ltr'>ille</span> <span class='ocrx_word' id='word_1_444' title='bbox 1168 1251 1231 1280; x_wconf 87' lang='lat' dir='ltr'>scite</span> <span class='ocrx_word' id='word_1_445' title='bbox 1248 1251 1332 1280; x_wconf 68' lang='lat' dir='ltr'>faetus</span> <span class='ocrx_word' id='word_1_446' title='bbox 1348 1253 1376 1280; x_wconf 68' lang='grc' dir='ltr'>δε</span> <span class='ocrx_word' id='word_1_447' title='bbox 1386 1251 1477 1287; x_wconf 86' lang='lat' dir='ltr'>pueris</span> <span class='ocrx_word' id='word_1_448' title='bbox 1489 1250 1643 1280; x_wconf 84' lang='lat' dir='ltr'>decantatus</span> 
     </span>
     <span class='ocr_line' id='line_1_33' title="bbox 61 1287 737 1329; baseline -0.006 -8"><span class='ocrx_word' id='word_1_449' title='bbox 61 1293 106 1322; x_wconf 84' lang='lat' dir='ltr'>fit:</span> <span class='ocrx_word' id='word_1_450' title='bbox 124 1291 226 1319; x_wconf 78' lang='lat' dir='ltr'>Malum</span> <span class='ocrx_word' id='word_1_451' title='bbox 239 1288 365 1329; x_wconf 69' lang='lat' dir='ltr'>confilium</span> <span class='ocrx_word' id='word_1_452' title='bbox 377 1289 506 1324; x_wconf 71' lang='lat' dir='ltr'>conficltori</span> <span class='ocrx_word' id='word_1_453' title='bbox 513 1288 644 1326; x_wconf 82' lang='lat' dir='ltr'>peffimum</span> <span class='ocrx_word' id='word_1_454' title='bbox 657 1288 699 1324; x_wconf 77' lang='lat' dir='ltr'>est.</span> <span class='ocrx_word' id='word_1_455' title='bbox 733 1287 737 1291; x_wconf 51' lang='lat'><strong>⁹</strong></span> 
     </span>
    </p>

    <p class='ocr_par' dir='ltr' id='par_1_10' title="bbox 56 1327 1646 1671">
     <span class='ocr_line' id='line_1_34' title="bbox 101 1327 1642 1363; baseline -0.001 -5"><span class='ocrx_word' id='word_1_456' title='bbox 101 1332 195 1358; x_wconf 89' lang='lat' dir='ltr'>Unum</span> <span class='ocrx_word' id='word_1_457' title='bbox 214 1329 299 1356; x_wconf 89' lang='lat' dir='ltr'>adhuc</span> <span class='ocrx_word' id='word_1_458' title='bbox 311 1349 319 1360; x_wconf 84' lang='lat'>,</span> <span class='ocrx_word' id='word_1_459' title='bbox 345 1335 485 1363; x_wconf 80' lang='lat' dir='ltr'>antequam</span> <span class='ocrx_word' id='word_1_460' title='bbox 507 1328 540 1355; x_wconf 87' lang='lat' dir='ltr'>ad</span> <span class='ocrx_word' id='word_1_461' title='bbox 560 1327 674 1354; x_wconf 87' lang='lat' dir='ltr'>aliorum</span> <span class='ocrx_word' id='word_1_462' title='bbox 686 1327 846 1361; x_wconf 73' lang='lat' dir='ltr'>fizcerdotum</span> <span class='ocrx_word' id='word_1_463' title='bbox 867 1327 1105 1355; x_wconf 73' lang='lat' dir='ltr'>considerationem</span> <span class='ocrx_word' id='word_1_464' title='bbox 1125 1328 1282 1355; x_wconf 85' lang='lat' dir='ltr'>accedamus</span> <span class='ocrx_word' id='word_1_465' title='bbox 1294 1347 1301 1357; x_wconf 89' lang='grc'><em>,</em></span> <span class='ocrx_word' id='word_1_466' title='bbox 1336 1328 1506 1356; x_wconf 88' lang='lat' dir='ltr'>monendum</span> <span class='ocrx_word' id='word_1_467' title='bbox 1520 1327 1642 1360; x_wconf 80' lang='lat' dir='ltr'>videtur,</span> 
     </span>
     <span class='ocr_line' id='line_1_35' title="bbox 60 1364 1644 1407; baseline -0.001 -11"><span class='ocrx_word' id='word_1_468' title='bbox 60 1369 119 1407; x_wconf 86' lang='lat' dir='ltr'>quis</span> <span class='ocrx_word' id='word_1_469' title='bbox 132 1367 226 1395; x_wconf 88' lang='lat' dir='ltr'>author</span> <span class='ocrx_word' id='word_1_470' title='bbox 236 1366 314 1402; x_wconf 86' lang='lat' dir='ltr'>hujus</span> <span class='ocrx_word' id='word_1_471' title='bbox 325 1365 467 1401; x_wconf 70' lang='lat' dir='ltr'>disciplinae</span> <span class='ocrx_word' id='word_1_472' title='bbox 478 1364 566 1393; x_wconf 85' lang='lat' dir='ltr'>fuerit.</span> <span class='ocrx_word' id='word_1_473' title='bbox 596 1364 771 1392; x_wconf 86' lang='lat' dir='ltr'>Celebrarunt</span> <span class='ocrx_word' id='word_1_474' title='bbox 784 1372 875 1394; x_wconf 80' lang='lat' dir='ltr'>autem</span> <span class='ocrx_word' id='word_1_475' title='bbox 890 1365 1005 1399; x_wconf 74' lang='lat' dir='ltr'>Hetrufii</span> <span class='ocrx_word' id='word_1_476' title='bbox 1018 1365 1144 1393; x_wconf 85' lang='lat' dir='ltr'>universae</span> <span class='ocrx_word' id='word_1_477' title='bbox 1159 1365 1235 1402; x_wconf 85' lang='lat' dir='ltr'>hujus</span> <span class='ocrx_word' id='word_1_478' title='bbox 1248 1365 1391 1402; x_wconf 77' lang='lat' dir='ltr'>disciplinae</span> <span class='ocrx_word' id='word_1_479' title='bbox 1404 1366 1560 1398; x_wconf 77' lang='lat' dir='ltr'>authorem,</span> <span class='ocrx_word' id='word_1_480' title='bbox 1580 1375 1644 1402; x_wconf 85' lang='lat' dir='ltr'>pue-</span> 
     </span>
     <span class='ocr_line' id='line_1_36' title="bbox 56 1403 1644 1442; baseline -0.001 -8"><span class='ocrx_word' id='word_1_481' title='bbox 56 1416 135 1439; x_wconf 88' lang='lat' dir='ltr'>rum,</span> <span class='ocrx_word' id='word_1_482' title='bbox 156 1405 325 1442; x_wconf 82' lang='lat' dir='ltr'>prosciffione</span> <span class='ocrx_word' id='word_1_483' title='bbox 338 1409 414 1431; x_wconf 74' lang='lat' dir='ltr'>terrae</span> <span class='ocrx_word' id='word_1_484' title='bbox 426 1411 580 1434; x_wconf 81' lang='lat' dir='ltr'>exaratum,</span> <span class='ocrx_word' id='word_1_485' title='bbox 601 1403 712 1430; x_wconf 85' lang='lat' dir='ltr'>nomine</span> <span class='ocrx_word' id='word_1_486' title='bbox 726 1407 836 1440; x_wconf 79' lang='lat' dir='ltr'>Tagem‚</span> <span class='ocrx_word' id='word_1_487' title='bbox 858 1404 903 1440; x_wconf 89' lang='lat' dir='ltr'>qui</span> <span class='ocrx_word' id='word_1_488' title='bbox 918 1410 947 1430; x_wconf 90' lang='lat' dir='ltr'>ut</span> <span class='ocrx_word' id='word_1_489' title='bbox 961 1413 994 1431; x_wconf 86' lang='lat' dir='ltr'>ex</span> <span class='ocrx_word' id='word_1_490' title='bbox 1008 1403 1201 1432; x_wconf 86' lang='lat' dir='ltr'>Hetruscorum</span> <span class='ocrx_word' id='word_1_491' title='bbox 1216 1403 1261 1431; x_wconf 93' lang='lat' dir='ltr'>lib.</span> <span class='ocrx_word' id='word_1_492' title='bbox 1277 1414 1302 1432; x_wconf 92' lang='lat'>2.</span> <span class='ocrx_word' id='word_1_493' title='bbox 1315 1405 1349 1432; x_wconf 90' lang='lat' dir='ltr'>de</span> <span class='ocrx_word' id='word_1_494' title='bbox 1362 1405 1482 1432; x_wconf 84' lang='lat' dir='ltr'>Divinat.</span> <span class='ocrx_word' id='word_1_495' title='bbox 1500 1403 1553 1431; x_wconf 87' lang='lat' dir='ltr'>Cic.</span> <span class='ocrx_word' id='word_1_496' title='bbox 1567 1414 1644 1432; x_wconf 91' lang='lat' dir='ltr'>com-</span> 
     </span>
     <span class='ocr_line' id='line_1_37' title="bbox 58 1440 1646 1479; baseline -0.002 -7"><span class='ocrx_word' id='word_1_497' title='bbox 58 1450 212 1475; x_wconf 85' lang='lat' dir='ltr'>memorat,</span> <span class='ocrx_word' id='word_1_498' title='bbox 232 1451 295 1471; x_wconf 91' lang='lat' dir='ltr'>cum</span> <span class='ocrx_word' id='word_1_499' title='bbox 315 1448 385 1469; x_wconf 87' lang='lat' dir='ltr'>terra</span> <span class='ocrx_word' id='word_1_500' title='bbox 403 1450 520 1470; x_wconf 86' lang='lat' dir='ltr'>araretur</span> <span class='ocrx_word' id='word_1_501' title='bbox 533 1461 539 1473; x_wconf 85' lang='lat'><em>.</em></span> <span class='ocrx_word' id='word_1_502' title='bbox 563 1442 590 1469; x_wconf 70' lang='grc' dir='ltr'>δε</span> <span class='ocrx_word' id='word_1_503' title='bbox 603 1440 688 1468; x_wconf 82' lang='lat' dir='ltr'>sulcus</span> <span class='ocrx_word' id='word_1_504' title='bbox 706 1441 783 1469; x_wconf 84' lang='lat' dir='ltr'>altius</span> <span class='ocrx_word' id='word_1_505' title='bbox 798 1441 938 1478; x_wconf 84' lang='lat' dir='ltr'>impreffus</span> <span class='ocrx_word' id='word_1_506' title='bbox 952 1441 1015 1468; x_wconf 69' lang='lat' dir='ltr'>ess‘et</span> <span class='ocrx_word' id='word_1_507' title='bbox 1028 1462 1036 1473; x_wconf 91' lang='lat'><em>‚</em></span> <span class='ocrx_word' id='word_1_508' title='bbox 1056 1449 1168 1478; x_wconf 75' lang='lat' dir='ltr'>repente</span> <span class='ocrx_word' id='word_1_509' title='bbox 1179 1443 1268 1471; x_wconf 86' lang='lat' dir='ltr'>extitit</span> <span class='ocrx_word' id='word_1_510' title='bbox 1282 1442 1377 1479; x_wconf 88' lang='lat' dir='ltr'>puerili</span> <span class='ocrx_word' id='word_1_511' title='bbox 1389 1442 1491 1479; x_wconf 86' lang='lat' dir='ltr'>specie,</span> <span class='ocrx_word' id='word_1_512' title='bbox 1512 1442 1556 1469; x_wconf 90' lang='lat' dir='ltr'>sed</span> <span class='ocrx_word' id='word_1_513' title='bbox 1572 1442 1646 1470; x_wconf 78' lang='lat' dir='ltr'>stnili</span> 
     </span>
     <span class='ocr_line' id='line_1_38' title="bbox 58 1478 1643 1519; baseline -0.002 -9"><span class='ocrx_word' id='word_1_514' title='bbox 58 1481 213 1519; x_wconf 81' lang='lat' dir='ltr'>prudentia,</span> <span class='ocrx_word' id='word_1_515' title='bbox 234 1482 260 1508; x_wconf 64' lang='grc' dir='ltr'>δ’.</span> <span class='ocrx_word' id='word_1_516' title='bbox 274 1488 337 1507; x_wconf 89' lang='lat' dir='ltr'>eum</span> <span class='ocrx_word' id='word_1_517' title='bbox 351 1479 444 1507; x_wconf 80' lang='lat' dir='ltr'>affatus</span> <span class='ocrx_word' id='word_1_518' title='bbox 458 1481 508 1511; x_wconf 88' lang='lat' dir='ltr'>est,</span> <span class='ocrx_word' id='word_1_519' title='bbox 529 1479 575 1516; x_wconf 89' lang='lat' dir='ltr'>qui</span> <span class='ocrx_word' id='word_1_520' title='bbox 588 1479 685 1507; x_wconf 89' lang='lat' dir='ltr'>arabat.</span> <span class='ocrx_word' id='word_1_521' title='bbox 724 1479 766 1507; x_wconf 88' lang='lat' dir='ltr'>Ad</span> <span class='ocrx_word' id='word_1_522' title='bbox 781 1479 860 1516; x_wconf 72' lang='lat' dir='ltr'>hujus</span> <span class='ocrx_word' id='word_1_523' title='bbox 873 1478 1046 1516; x_wconf 68' lang='lat' dir='ltr'>conspectiim</span> <span class='ocrx_word' id='word_1_524' title='bbox 1060 1490 1123 1508; x_wconf 88' lang='lat' dir='ltr'>cum</span> <span class='ocrx_word' id='word_1_525' title='bbox 1137 1480 1307 1517; x_wconf 78' lang='lat' dir='ltr'>obstupuisset</span> <span class='ocrx_word' id='word_1_526' title='bbox 1320 1480 1436 1508; x_wconf 81' lang='lat' dir='ltr'>bubulcus</span> <span class='ocrx_word' id='word_1_527' title='bbox 1449 1501 1456 1513; x_wconf 90' lang='lat'>‚</span> <span class='ocrx_word' id='word_1_528' title='bbox 1478 1480 1643 1508; x_wconf 86' lang='lat' dir='ltr'>clamorem-</span> 
     </span>
     <span class='ocr_line' id='line_1_39' title="bbox 58 1517 1644 1558; baseline -0.001 -12"><span class='ocrx_word' id='word_1_529' title='bbox 58 1529 110 1558; x_wconf 88' lang='lat' dir='ltr'>que</span> <span class='ocrx_word' id='word_1_530' title='bbox 127 1519 262 1554; x_wconf 88' lang='lat' dir='ltr'>majorem</span> <span class='ocrx_word' id='word_1_531' title='bbox 281 1525 345 1544; x_wconf 90' lang='lat' dir='ltr'>cum</span> <span class='ocrx_word' id='word_1_532' title='bbox 364 1517 540 1546; x_wconf 88' lang='lat' dir='ltr'>admiratione</span> <span class='ocrx_word' id='word_1_533' title='bbox 560 1517 678 1545; x_wconf 74' lang='lat' dir='ltr'>edidiss&#39;et</span> <span class='ocrx_word' id='word_1_534' title='bbox 695 1537 703 1549; x_wconf 93' lang='lat'>,</span> <span class='ocrx_word' id='word_1_535' title='bbox 731 1519 872 1546; x_wconf 85' lang='lat' dir='ltr'>concursus</span> <span class='ocrx_word' id='word_1_536' title='bbox 893 1518 929 1544; x_wconf 87' lang='lat' dir='ltr'>cst</span> <span class='ocrx_word' id='word_1_537' title='bbox 949 1517 1047 1550; x_wconf 66' lang='lat' dir='ltr'>faetus,</span> <span class='ocrx_word' id='word_1_538' title='bbox 1067 1524 1177 1555; x_wconf 83' lang='lat' dir='ltr'>totaque</span> <span class='ocrx_word' id='word_1_539' title='bbox 1194 1519 1270 1546; x_wconf 85' lang='lat' dir='ltr'>brevi</span> <span class='ocrx_word' id='word_1_540' title='bbox 1289 1526 1414 1556; x_wconf 87' lang='lat' dir='ltr'>tempore</span> <span class='ocrx_word' id='word_1_541' title='bbox 1433 1519 1460 1546; x_wconf 86' lang='lat' dir='ltr'>&#39;m</span> <span class='ocrx_word' id='word_1_542' title='bbox 1473 1525 1538 1546; x_wconf 87' lang='lat' dir='ltr'>eum</span> <span class='ocrx_word' id='word_1_543' title='bbox 1550 1517 1644 1549; x_wconf 88' lang='lat' dir='ltr'>locum</span> 
     </span>
     <span class='ocr_line' id='line_1_40' title="bbox 59 1555 1639 1594; baseline -0.002 -9"><span class='ocrx_word' id='word_1_544' title='bbox 59 1556 186 1585; x_wconf 66' lang='lat' dir='ltr'>Hem-uria</span> <span class='ocrx_word' id='word_1_545' title='bbox 198 1555 333 1584; x_wconf 87' lang='lat' dir='ltr'>convenit.</span> <span class='ocrx_word' id='word_1_546' title='bbox 367 1557 446 1584; x_wconf 73' lang='lat' dir='ltr'>Tum⁴</span> <span class='ocrx_word' id='word_1_547' title='bbox 455 1556 530 1594; x_wconf 87' lang='lat' dir='ltr'>plura</span> <span class='ocrx_word' id='word_1_548' title='bbox 544 1555 587 1583; x_wconf 91' lang='lat' dir='ltr'>ille</span> <span class='ocrx_word' id='word_1_549' title='bbox 600 1555 703 1583; x_wconf 82' lang='lat' dir='ltr'>locutus</span> <span class='ocrx_word' id='word_1_550' title='bbox 718 1555 810 1584; x_wconf 90' lang='lat' dir='ltr'>multis</span> <span class='ocrx_word' id='word_1_551' title='bbox 823 1555 990 1584; x_wconf 87' lang='lat' dir='ltr'>audientibus</span> <span class='ocrx_word' id='word_1_552' title='bbox 999 1557 1045 1594; x_wconf 92' lang='lat' dir='ltr'>qui</span> <span class='ocrx_word' id='word_1_553' title='bbox 1058 1558 1152 1584; x_wconf 83' lang='lat' dir='ltr'>omnia</span> <span class='ocrx_word' id='word_1_554' title='bbox 1164 1556 1221 1592; x_wconf 85' lang='lat' dir='ltr'>ejus</span> <span class='ocrx_word' id='word_1_555' title='bbox 1235 1557 1316 1586; x_wconf 86' lang='lat' dir='ltr'>verba</span> <span class='ocrx_word' id='word_1_556' title='bbox 1330 1563 1493 1593; x_wconf 82' lang='lat' dir='ltr'>exceperunt</span> <span class='ocrx_word' id='word_1_557' title='bbox 1506 1555 1639 1593; x_wconf 80' lang='lat' dir='ltr'>literisque</span> 
     </span>
     <span class='ocr_line' id='line_1_41' title="bbox 60 1593 1638 1634; baseline -0.003 -10"><span class='ocrx_word' id='word_1_558' title='bbox 60 1596 233 1624; x_wconf 86' lang='lat' dir='ltr'>mandarunt:</span> <span class='ocrx_word' id='word_1_559' title='bbox 254 1594 344 1621; x_wconf 86' lang='lat' dir='ltr'>omnis</span> <span class='ocrx_word' id='word_1_560' title='bbox 360 1602 451 1622; x_wconf 87' lang='lat' dir='ltr'>autem</span> <span class='ocrx_word' id='word_1_561' title='bbox 472 1594 559 1622; x_wconf 87' lang='lat' dir='ltr'>oratio</span> <span class='ocrx_word' id='word_1_562' title='bbox 580 1593 631 1621; x_wconf 85' lang='lat' dir='ltr'>fuit</span> <span class='ocrx_word' id='word_1_563' title='bbox 651 1603 696 1626; x_wconf 83' lang='lat' dir='ltr'>ea,</span> <span class='ocrx_word' id='word_1_564' title='bbox 717 1603 769 1631; x_wconf 81' lang='lat' dir='ltr'>qua</span> <span class='ocrx_word' id='word_1_565' title='bbox 784 1593 938 1630; x_wconf 67' lang='lat' dir='ltr'>haruspicina</span> <span class='ocrx_word' id='word_1_566' title='bbox 952 1594 1075 1622; x_wconf 63' lang='lat' dir='ltr'>doetrina</span> <span class='ocrx_word' id='word_1_567' title='bbox 1089 1594 1285 1624; x_wconf 82' lang='lat' dir='ltr'>continebatur.</span> <span class='ocrx_word' id='word_1_568' title='bbox 1325 1598 1415 1634; x_wconf 87' lang='lat' dir='ltr'>Atque</span> <span class='ocrx_word' id='word_1_569' title='bbox 1428 1594 1482 1623; x_wconf 79' lang='lat' dir='ltr'>haec</span> <span class='ocrx_word' id='word_1_570' title='bbox 1504 1594 1538 1622; x_wconf 90' lang='lat' dir='ltr'>de</span> <span class='ocrx_word' id='word_1_571' title='bbox 1558 1604 1638 1632; x_wconf 65' lang='lat' dir='ltr'>augu-²</span> 
     </span>
     <span class='ocr_line' id='line_1_42' title="bbox 59 1629 1264 1671; baseline 0 -9"><span class='ocrx_word' id='word_1_572' title='bbox 59 1632 128 1662; x_wconf 81' lang='lat' dir='ltr'>ribus</span> <span class='ocrx_word' id='word_1_573' title='bbox 140 1636 167 1664; x_wconf 69' lang='grc' dir='ltr'>δε</span> <span class='ocrx_word' id='word_1_574' title='bbox 179 1629 340 1667; x_wconf 73' lang='lat' dir='ltr'>haruspicibus</span> <span class='ocrx_word' id='word_1_575' title='bbox 352 1631 486 1661; x_wconf 68' lang='lat' dir='ltr'>ha&amp;enus.</span> <span class='ocrx_word' id='word_1_576' title='bbox 518 1631 724 1669; x_wconf 87' lang='lat' dir='ltr'>Progrediemur</span> <span class='ocrx_word' id='word_1_577' title='bbox 737 1633 766 1661; x_wconf 89' lang='lat' dir='ltr'>in</span> <span class='ocrx_word' id='word_1_578' title='bbox 779 1632 897 1661; x_wconf 85' lang='lat' dir='ltr'>instituta</span> <span class='ocrx_word' id='word_1_579' title='bbox 902 1632 1063 1667; x_wconf 53' lang='lat' dir='ltr'>sacerdotum</span> <span class='ocrx_word' id='word_1_580' title='bbox 1077 1632 1264 1671; x_wconf 85' lang='lat' dir='ltr'>descriptione.</span> 
     </span>
    </p>
   </div>
   <div class='ocr_carea' id='block_1_7' title="bbox 668 1709 1037 1794">
    <p class='ocr_par' dir='ltr' id='par_1_11' title="bbox 668 1709 1037 1794">
     <span class='ocr_line' id='line_1_43' title="bbox 744 1709 954 1738; baseline 0.005 -2"><span class='ocrx_word' id='word_1_581' title='bbox 744 1710 768 1736; x_wconf 92' lang='lat' dir='ltr'>C</span> <span class='ocrx_word' id='word_1_582' title='bbox 789 1718 804 1736; x_wconf 87' lang='lat' dir='ltr'>A</span> <span class='ocrx_word' id='word_1_583' title='bbox 827 1718 850 1738; x_wconf 83' lang='lat' dir='ltr'>P.</span> <span class='ocrx_word' id='word_1_584' title='bbox 889 1709 954 1737; x_wconf 82' lang='lat' dir='ltr'><strong>XII.</strong></span> 
     </span>
     <span class='ocr_line' id='line_1_44' title="bbox 668 1757 1037 1794; baseline 0.003 -1"><span class='ocrx_word' id='word_1_585' title='bbox 668 1760 720 1793; x_wconf 87' lang='lat' dir='ltr'>De</span> <span class='ocrx_word' id='word_1_586' title='bbox 735 1757 869 1793; x_wconf 81' lang='lat' dir='ltr'>&#39;Tribuno</span> <span class='ocrx_word' id='word_1_587' title='bbox 887 1759 1037 1794; x_wconf 77' lang='lat' dir='ltr'>Celerum.</span> 
     </span>
    </p>
   </div>
   <div class='ocr_carea' id='block_1_8' title="bbox 59 1835 1644 2029">
    <p class='ocr_par' dir='ltr' id='par_1_12' title="bbox 59 1835 1644 2029">
     <span class='ocr_line' id='line_1_45' title="bbox 60 1835 1642 1899; baseline 0 -34"><span class='ocrx_word' id='word_1_588' title='bbox 60 1837 146 1899; x_wconf 82' lang='lat' dir='ltr'>De</span> <span class='ocrx_word' id='word_1_589' title='bbox 165 1836 275 1866; x_wconf 78' lang='lat' dir='ltr'>Tribuno</span> <span class='ocrx_word' id='word_1_590' title='bbox 293 1835 409 1864; x_wconf 80' lang='lat' dir='ltr'>Celerum</span> <span class='ocrx_word' id='word_1_591' title='bbox 428 1835 493 1864; x_wconf 89' lang='lat' dir='ltr'>nihil</span> <span class='ocrx_word' id='word_1_592' title='bbox 514 1836 566 1864; x_wconf 91' lang='lat' dir='ltr'>hoc</span> <span class='ocrx_word' id='word_1_593' title='bbox 581 1835 643 1864; x_wconf 90' lang='lat' dir='ltr'>loco</span> <span class='ocrx_word' id='word_1_594' title='bbox 657 1838 775 1866; x_wconf 59' lang='lat' dir='ltr'>dicturus</span> <span class='ocrx_word' id='word_1_595' title='bbox 789 1848 864 1866; x_wconf 88' lang='lat' dir='ltr'>eram</span> <span class='ocrx_word' id='word_1_596' title='bbox 877 1858 885 1870; x_wconf 95' lang='lat'>,</span> <span class='ocrx_word' id='word_1_597' title='bbox 913 1838 960 1867; x_wconf 85' lang='lat' dir='ltr'>nifi</span> <span class='ocrx_word' id='word_1_598' title='bbox 974 1838 1051 1867; x_wconf 83' lang='lat' dir='ltr'>Dion.</span> <span class='ocrx_word' id='word_1_599' title='bbox 1065 1837 1150 1866; x_wconf 76' lang='lat' dir='ltr'>Halic.</span> <span class='ocrx_word' id='word_1_600' title='bbox 1165 1837 1208 1866; x_wconf 92' lang='lat' dir='ltr'>lib.</span> <span class='ocrx_word' id='word_1_601' title='bbox 1227 1847 1252 1866; x_wconf 88' lang='lat'>2.</span> <span class='ocrx_word' id='word_1_602' title='bbox 1267 1837 1412 1866; x_wconf 79' lang='lat' dir='ltr'>monuisset</span> <span class='ocrx_word' id='word_1_603' title='bbox 1427 1857 1434 1868; x_wconf 93' lang='lat'>‚</span> <span class='ocrx_word' id='word_1_604' title='bbox 1460 1835 1547 1873; x_wconf 89' lang='lat' dir='ltr'>ipsum</span> <span class='ocrx_word' id='word_1_605' title='bbox 1561 1836 1642 1865; x_wconf 83' lang='lat' dir='ltr'>etiam</span> 
     </span>
     <span class='ocr_line' id='line_1_46' title="bbox 149 1875 1643 1914; baseline -0.001 -11"><span class='ocrx_word' id='word_1_606' title='bbox 149 1877 268 1913; x_wconf 73' lang='lat' dir='ltr'>quaedam</span> <span class='ocrx_word' id='word_1_607' title='bbox 283 1875 352 1903; x_wconf 74' lang='lat' dir='ltr'>sacra</span> <span class='ocrx_word' id='word_1_608' title='bbox 363 1875 499 1912; x_wconf 73' lang='lat' dir='ltr'>peregisse.</span> <span class='ocrx_word' id='word_1_609' title='bbox 533 1878 597 1903; x_wconf 74' lang='lat' dir='ltr'>Haec</span> <span class='ocrx_word' id='word_1_610' title='bbox 612 1878 686 1903; x_wconf 78' lang='lat' dir='ltr'>enim</span> <span class='ocrx_word' id='word_1_611' title='bbox 701 1876 760 1905; x_wconf 88' lang='lat' dir='ltr'>sunt</span> <span class='ocrx_word' id='word_1_612' title='bbox 775 1886 831 1914; x_wconf 64' lang='lat' dir='ltr'>ejus</span> <span class='ocrx_word' id='word_1_613' title='bbox 847 1876 940 1904; x_wconf 87' lang='lat' dir='ltr'>verba:</span> <span class='ocrx_word' id='word_1_614' title='bbox 960 1878 1083 1905; x_wconf 85' lang='lat' dir='ltr'>Tertiam</span> <span class='ocrx_word' id='word_1_615' title='bbox 1098 1876 1233 1904; x_wconf 81' lang='lat' dir='ltr'>sacrorum</span> <span class='ocrx_word' id='word_1_616' title='bbox 1247 1875 1519 1904; x_wconf 83' lang='lat' dir='ltr'>administrandorum</span> <span class='ocrx_word' id='word_1_617' title='bbox 1537 1882 1643 1912; x_wconf 86' lang='lat' dir='ltr'>partem</span> 
     </span>
     <span class='ocr_line' id='line_1_47' title="bbox 62 1913 1642 1952; baseline 0.001 -12"><span class='ocrx_word' id='word_1_618' title='bbox 62 1914 159 1941; x_wconf 69' lang='lat' dir='ltr'>Numa</span> <span class='ocrx_word' id='word_1_619' title='bbox 174 1913 282 1941; x_wconf 70' lang='lat' dir='ltr'>Tribuno</span> <span class='ocrx_word' id='word_1_620' title='bbox 301 1913 418 1941; x_wconf 79' lang='lat' dir='ltr'>Celerum</span> <span class='ocrx_word' id='word_1_621' title='bbox 437 1913 530 1941; x_wconf 87' lang='lat' dir='ltr'>tribuit</span> <span class='ocrx_word' id='word_1_622' title='bbox 543 1934 550 1944; x_wconf 93' lang='lat'>,</span> <span class='ocrx_word' id='word_1_623' title='bbox 578 1922 659 1950; x_wconf 89' lang='lat' dir='ltr'>quem</span> <span class='ocrx_word' id='word_1_624' title='bbox 682 1915 817 1943; x_wconf 86' lang='lat' dir='ltr'>Romulus</span> <span class='ocrx_word' id='word_1_625' title='bbox 837 1916 975 1952; x_wconf 76' lang='lat' dir='ltr'>equitum,</span> <span class='ocrx_word' id='word_1_626' title='bbox 995 1925 1061 1952; x_wconf 88' lang='lat' dir='ltr'>quos</span> <span class='ocrx_word' id='word_1_627' title='bbox 1081 1915 1179 1942; x_wconf 74' lang='lat' dir='ltr'>Celeres</span> <span class='ocrx_word' id='word_1_628' title='bbox 1199 1913 1347 1946; x_wconf 87' lang='lat' dir='ltr'>vocabant,</span> <span class='ocrx_word' id='word_1_629' title='bbox 1369 1913 1528 1941; x_wconf 55' lang='lat' dir='ltr'>Pimfectum</span> <span class='ocrx_word' id='word_1_630' title='bbox 1548 1913 1642 1941; x_wconf 84' lang='lat' dir='ltr'>consti-</span> 
     </span>
     <span class='ocr_line' id='line_1_48' title="bbox 59 1950 1644 1990; baseline 0.001 -11"><span class='ocrx_word' id='word_1_631' title='bbox 59 1952 127 1983; x_wconf 79' lang='lat' dir='ltr'>tuit,</span> <span class='ocrx_word' id='word_1_632' title='bbox 147 1961 212 1988; x_wconf 85' lang='lat' dir='ltr'>quos</span> <span class='ocrx_word' id='word_1_633' title='bbox 227 1953 327 1989; x_wconf 86' lang='lat' dir='ltr'>equites</span> <span class='ocrx_word' id='word_1_634' title='bbox 340 1961 370 1979; x_wconf 89' lang='lat' dir='ltr'>ac</span> <span class='ocrx_word' id='word_1_635' title='bbox 383 1951 485 1987; x_wconf 85' lang='lat' dir='ltr'>pedites</span> <span class='ocrx_word' id='word_1_636' title='bbox 498 1952 605 1988; x_wconf 76' lang='lat' dir='ltr'>Regum</span> <span class='ocrx_word' id='word_1_637' title='bbox 620 1952 757 1988; x_wconf 85' lang='lat' dir='ltr'>stipatores</span> <span class='ocrx_word' id='word_1_638' title='bbox 770 1952 845 1980; x_wconf 72' lang='lat' dir='ltr'>fuisse</span> <span class='ocrx_word' id='word_1_639' title='bbox 858 1953 982 1981; x_wconf 75' lang='lat' dir='ltr'>diximus,</span> <span class='ocrx_word' id='word_1_640' title='bbox 1023 1955 1097 1980; x_wconf 82' lang='lat' dir='ltr'>Nam</span> <span class='ocrx_word' id='word_1_641' title='bbox 1113 1956 1138 1981; x_wconf 58' lang='grc' dir='ltr'>ὃς</span> <span class='ocrx_word' id='word_1_642' title='bbox 1154 1953 1182 1980; x_wconf 86' lang='lat' dir='ltr'>hi</span> <span class='ocrx_word' id='word_1_643' title='bbox 1195 1952 1314 1980; x_wconf 84' lang='lat' dir='ltr'>solennia</span> <span class='ocrx_word' id='word_1_644' title='bbox 1325 1952 1446 1990; x_wconf 59' lang='lat' dir='ltr'>qua-dam</span> <span class='ocrx_word' id='word_1_645' title='bbox 1459 1951 1590 1980; x_wconf 83' lang='lat' dir='ltr'>habebant</span> <span class='ocrx_word' id='word_1_646' title='bbox 1605 1950 1644 1980; x_wconf 81' lang='lat' dir='ltr'>sa-</span> 
     </span>
     <span class='ocr_line' id='line_1_49' title="bbox 61 1988 1254 2029; baseline 0.002 -12"><span class='ocrx_word' id='word_1_647' title='bbox 61 1989 166 2018; x_wconf 84' lang='lat' dir='ltr'>crificia.</span> <span class='ocrx_word' id='word_1_648' title='bbox 186 1990 318 2019; x_wconf 68' lang='lat' dir='ltr'>HaCtenus</span> <span class='ocrx_word' id='word_1_649' title='bbox 329 1988 472 2029; x_wconf 64' lang='lat' dir='ltr'>Diorysius:</span> <span class='ocrx_word' id='word_1_650' title='bbox 491 1998 585 2026; x_wconf 85' lang='lat' dir='ltr'>praeter</span> <span class='ocrx_word' id='word_1_651' title='bbox 599 1999 657 2027; x_wconf 81' lang='lat' dir='ltr'>quae</span> <span class='ocrx_word' id='word_1_652' title='bbox 670 1991 703 2018; x_wconf 90' lang='lat' dir='ltr'>de</span> <span class='ocrx_word' id='word_1_653' title='bbox 717 1990 795 2018; x_wconf 84' lang='lat' dir='ltr'>sacris</span> <span class='ocrx_word' id='word_1_654' title='bbox 810 1990 915 2019; x_wconf 79' lang='lat' dir='ltr'>Tribuni</span> <span class='ocrx_word' id='word_1_655' title='bbox 928 1990 1044 2019; x_wconf 76' lang='lat' dir='ltr'>Celerum</span> <span class='ocrx_word' id='word_1_656' title='bbox 1058 1991 1123 2019; x_wconf 87' lang='lat' dir='ltr'>nihil</span> <span class='ocrx_word' id='word_1_657' title='bbox 1136 1992 1254 2019; x_wconf 72' lang='lat' dir='ltr'>invenio.</span> 
     </span>
    </p>
   </div>
   <div class='ocr_carea' id='block_1_9' title="bbox 454 2066 1236 2157">
    <p class='ocr_par' dir='ltr' id='par_1_13' title="bbox 454 2066 1236 2157">
     <span class='ocr_line' id='line_1_50' title="bbox 733 2066 961 2094; baseline -0.004 0"><span class='ocrx_word' id='word_1_658' title='bbox 733 2066 760 2094; x_wconf 92' lang='lat' dir='ltr'>C</span> <span class='ocrx_word' id='word_1_659' title='bbox 784 2077 800 2094; x_wconf 79' lang='lat' dir='ltr'>A</span> <span class='ocrx_word' id='word_1_660' title='bbox 819 2077 843 2094; x_wconf 76' lang='grc' dir='ltr'>Ρ.</span> <span class='ocrx_word' id='word_1_661' title='bbox 883 2067 961 2094; x_wconf 89' lang='lat' dir='ltr'>XIII.</span> 
     </span>
     <span class='ocr_line' id='line_1_51' title="bbox 454 2120 1236 2157; baseline 0 -1"><span class='ocrx_word' id='word_1_662' title='bbox 454 2123 507 2156; x_wconf 87' lang='lat' dir='ltr'>De</span> <span class='ocrx_word' id='word_1_663' title='bbox 525 2120 704 2155; x_wconf 73' lang='lat' dir='ltr'>Curionibus</span> <span class='ocrx_word' id='word_1_664' title='bbox 725 2122 759 2154; x_wconf 92' lang='lat' dir='ltr'><em>X</em></span> <span class='ocrx_word' id='word_1_665' title='bbox 764 2122 799 2154; x_wconf 80' lang='lat' dir='ltr'><em>X</em></span> <span class='ocrx_word' id='word_1_666' title='bbox 803 2121 839 2154; x_wconf 89' lang='lat' dir='ltr'><em>X</em></span> <span class='ocrx_word' id='word_1_667' title='bbox 838 2146 845 2156; x_wconf 76' lang='grc'>,</span> <span class='ocrx_word' id='word_1_668' title='bbox 863 2128 910 2157; x_wconf 56' lang='grc' dir='ltr'>(γ’</span> <span class='ocrx_word' id='word_1_669' title='bbox 929 2124 1059 2157; x_wconf 83' lang='lat' dir='ltr'>Curione</span> <span class='ocrx_word' id='word_1_670' title='bbox 1073 2124 1236 2157; x_wconf 70' lang='lat' dir='ltr'>Maximo.</span> 
     </span>
    </p>
   </div>
   <div class='ocr_carea' id='block_1_10' title="bbox 37 2197 1642 2279">
    <p class='ocr_par' dir='ltr' id='par_1_14' title="bbox 37 2197 1642 2279">
     <span class='ocr_line' id='line_1_52' title="bbox 37 2197 1642 2262; baseline 0.001 -35"><span class='ocrx_word' id='word_1_671' title='bbox 37 2234 38 2237; x_wconf 13' lang='grc' dir='ltr'><strong>Ἴ</strong></span> <span class='ocrx_word' id='word_1_672' title='bbox 62 2197 228 2262; x_wconf 80' lang='lat' dir='ltr'>Curiones</span> <span class='ocrx_word' id='word_1_673' title='bbox 242 2198 257 2226; x_wconf 76' lang='lat' dir='ltr'>a</span> <span class='ocrx_word' id='word_1_674' title='bbox 270 2197 343 2226; x_wconf 69' lang='lat' dir='ltr'>curiis</span> <span class='ocrx_word' id='word_1_675' title='bbox 357 2200 421 2228; x_wconf 66' lang='lat' dir='ltr'>dieti</span> <span class='ocrx_word' id='word_1_676' title='bbox 434 2200 492 2229; x_wconf 89' lang='lat' dir='ltr'>sunt</span> <span class='ocrx_word' id='word_1_677' title='bbox 505 2212 511 2228; x_wconf 66' lang='grc' dir='ltr'>ι</span> <span class='ocrx_word' id='word_1_678' title='bbox 532 2211 596 2229; x_wconf 83' lang='lat' dir='ltr'>cum</span> <span class='ocrx_word' id='word_1_679' title='bbox 612 2201 685 2229; x_wconf 85' lang='lat' dir='ltr'>enim</span> <span class='ocrx_word' id='word_1_680' title='bbox 702 2201 835 2228; x_wconf 86' lang='lat' dir='ltr'>Romulus</span> <span class='ocrx_word' id='word_1_681' title='bbox 850 2202 980 2238; x_wconf 89' lang='lat' dir='ltr'>populum</span> <span class='ocrx_word' id='word_1_682' title='bbox 996 2204 1155 2230; x_wconf 88' lang='lat' dir='ltr'>Romanum</span> <span class='ocrx_word' id='word_1_683' title='bbox 1174 2203 1202 2230; x_wconf 88' lang='lat' dir='ltr'>in</span> <span class='ocrx_word' id='word_1_684' title='bbox 1224 2207 1276 2229; x_wconf 87' lang='lat' dir='ltr'>tres</span> <span class='ocrx_word' id='word_1_685' title='bbox 1288 2200 1367 2228; x_wconf 78' lang='lat' dir='ltr'>tribus</span> <span class='ocrx_word' id='word_1_686' title='bbox 1391 2205 1417 2231; x_wconf 67' lang='grc' dir='ltr'>ὃς</span> <span class='ocrx_word' id='word_1_687' title='bbox 1432 2203 1542 2241; x_wconf 73' lang='lat' dir='ltr'>triginta</span> <span class='ocrx_word' id='word_1_688' title='bbox 1561 2203 1642 2232; x_wconf 59' lang='lat' dir='ltr'>cariffi</span> 
     </span>
     <span class='ocr_line' id='line_1_53' title="bbox 68 2237 1642 2279; baseline 0.003 -13"><span class='ocrx_word' id='word_1_689' title='bbox 68 2265 72 2269; x_wconf 85' lang='grc'><strong>,</strong></span> <span class='ocrx_word' id='word_1_690' title='bbox 141 2237 328 2269; x_wconf 69' lang='lat' dir='ltr'>distribuisset,</span> <span class='ocrx_word' id='word_1_691' title='bbox 348 2237 452 2274; x_wconf 74' lang='lat' dir='ltr'>singulis</span> <span class='ocrx_word' id='word_1_692' title='bbox 472 2237 544 2266; x_wconf 78' lang='lat' dir='ltr'>curiis</span> <span class='ocrx_word' id='word_1_693' title='bbox 563 2239 704 2276; x_wconf 72' lang='lat' dir='ltr'>praeposuit</span> <span class='ocrx_word' id='word_1_694' title='bbox 724 2249 810 2268; x_wconf 91' lang='lat' dir='ltr'>unum</span> <span class='ocrx_word' id='word_1_695' title='bbox 832 2241 949 2277; x_wconf 83' lang='lat' dir='ltr'>aliquem</span> <span class='ocrx_word' id='word_1_696' title='bbox 965 2245 1071 2273; x_wconf 89' lang='lat' dir='ltr'>virum,</span> <span class='ocrx_word' id='word_1_697' title='bbox 1092 2250 1177 2278; x_wconf 88' lang='lat' dir='ltr'>quem</span> <span class='ocrx_word' id='word_1_698' title='bbox 1193 2238 1327 2268; x_wconf 79' lang='lat' dir='ltr'>Curionem</span> <span class='ocrx_word' id='word_1_699' title='bbox 1342 2241 1424 2273; x_wconf 72' lang='lat' dir='ltr'>dixit,</span> <span class='ocrx_word' id='word_1_700' title='bbox 1447 2243 1492 2278; x_wconf 82' lang='lat' dir='ltr'>qui</span> <span class='ocrx_word' id='word_1_701' title='bbox 1507 2242 1576 2270; x_wconf 86' lang='lat' dir='ltr'>sacra</span> <span class='ocrx_word' id='word_1_702' title='bbox 1592 2252 1642 2279; x_wconf 88' lang='lat' dir='ltr'>pro</span> 
     </span>
    </p>
   </div>
   <div class='ocr_carea' id='block_1_11' title="bbox 24 2275 1644 2393">
    <p class='ocr_par' dir='ltr' id='par_1_15' title="bbox 24 2275 1644 2393">
     <span class='ocr_line' id='line_1_54' title="bbox 24 2275 1643 2317; baseline 0.004 -15"><span class='ocrx_word' id='word_1_703' title='bbox 24 2298 25 2303; x_wconf 72' lang='grc'>,</span> <span class='ocrx_word' id='word_1_704' title='bbox 57 2275 129 2317; x_wconf 52' lang='lat' dir='ltr'>ceria</span> <span class='ocrx_word' id='word_1_705' title='bbox 148 2276 192 2304; x_wconf 88' lang='lat' dir='ltr'>sua</span> <span class='ocrx_word' id='word_1_706' title='bbox 213 2283 327 2304; x_wconf 84' lang='lat' dir='ltr'>curaret.</span> <span class='ocrx_word' id='word_1_707' title='bbox 366 2278 428 2304; x_wconf 86' lang='lat' dir='ltr'>Hoc</span> <span class='ocrx_word' id='word_1_708' title='bbox 449 2276 625 2305; x_wconf 83' lang='lat' dir='ltr'>sacerdotium</span> <span class='ocrx_word' id='word_1_709' title='bbox 645 2280 732 2305; x_wconf 78' lang='lat' dir='ltr'>Numa</span> <span class='ocrx_word' id='word_1_710' title='bbox 752 2277 890 2312; x_wconf 63' lang='lat' dir='ltr'>Pompam</span> <span class='ocrx_word' id='word_1_711' title='bbox 913 2281 972 2308; x_wconf 81' lang='lat' dir='ltr'>Rex</span> <span class='ocrx_word' id='word_1_712' title='bbox 991 2290 1032 2308; x_wconf 87' lang='lat'>11.</span> <span class='ocrx_word' id='word_1_713' title='bbox 1053 2279 1244 2307; x_wconf 77' lang='lat' dir='ltr'>confirmavit:</span> <span class='ocrx_word' id='word_1_714' title='bbox 1270 2279 1305 2306; x_wconf 82' lang='lat' dir='ltr'>sic</span> <span class='ocrx_word' id='word_1_715' title='bbox 1326 2280 1400 2306; x_wconf 87' lang='lat' dir='ltr'>enim</span> <span class='ocrx_word' id='word_1_716' title='bbox 1416 2280 1449 2307; x_wconf 85' lang='lat' dir='ltr'>de</span> <span class='ocrx_word' id='word_1_717' title='bbox 1463 2290 1497 2308; x_wconf 87' lang='lat' dir='ltr'>eo</span> <span class='ocrx_word' id='word_1_718' title='bbox 1511 2279 1643 2317; x_wconf 65' lang='lat' dir='ltr'>Dionrfius</span> 
     </span>
     <span class='ocr_line' id='line_1_55' title="bbox 24 2313 1642 2354; baseline 0.003 -13"><span class='ocrx_word' id='word_1_719' title='bbox 24 2321 26 2346; x_wconf 62' lang='grc' dir='ltr'>ζ</span> <span class='ocrx_word' id='word_1_720' title='bbox 58 2313 100 2342; x_wconf 77' lang='lat' dir='ltr'>l1b.</span> <span class='ocrx_word' id='word_1_721' title='bbox 114 2325 138 2344; x_wconf 85' lang='lat'>2.</span> <span class='ocrx_word' id='word_1_722' title='bbox 180 2317 287 2345; x_wconf 83' lang='lat' dir='ltr'>Numa,</span> <span class='ocrx_word' id='word_1_723' title='bbox 308 2314 406 2350; x_wconf 86' lang='lat' dir='ltr'>inquit,</span> <span class='ocrx_word' id='word_1_724' title='bbox 427 2315 519 2341; x_wconf 88' lang='lat' dir='ltr'>omnia</span> <span class='ocrx_word' id='word_1_725' title='bbox 539 2324 595 2352; x_wconf 79' lang='lat' dir='ltr'>quae</span> <span class='ocrx_word' id='word_1_726' title='bbox 614 2316 646 2343; x_wconf 86' lang='lat' dir='ltr'>ad</span> <span class='ocrx_word' id='word_1_727' title='bbox 666 2315 827 2352; x_wconf 83' lang='lat' dir='ltr'>religionem</span> <span class='ocrx_word' id='word_1_728' title='bbox 847 2325 877 2342; x_wconf 70' lang='lat' dir='ltr'>ac</span> <span class='ocrx_word' id='word_1_729' title='bbox 897 2319 1062 2345; x_wconf 81' lang='lat' dir='ltr'>ceremonias</span> <span class='ocrx_word' id='word_1_730' title='bbox 1082 2318 1233 2354; x_wconf 88' lang='lat' dir='ltr'>pertinent,</span> <span class='ocrx_word' id='word_1_731' title='bbox 1253 2317 1318 2344; x_wconf 70' lang='grc' dir='ltr'>οᾶο</span> <span class='ocrx_word' id='word_1_732' title='bbox 1338 2317 1412 2345; x_wconf 88' lang='lat' dir='ltr'>libris</span> <span class='ocrx_word' id='word_1_733' title='bbox 1432 2319 1506 2354; x_wconf 76' lang='lat' dir='ltr'>juxta</span> <span class='ocrx_word' id='word_1_734' title='bbox 1526 2321 1642 2346; x_wconf 72' lang='lat' dir='ltr'>totidem</span> 
     </span>
     <span class='ocr_line' id='line_1_56' title="bbox 24 2352 1644 2393; baseline 0.002 -13"><span class='ocrx_word' id='word_1_735' title='bbox 24 2365 25 2371; x_wconf 53' lang='lat'>¹</span> <span class='ocrx_word' id='word_1_736' title='bbox 54 2354 209 2389; x_wconf 71' lang='lat' dir='ltr'>fficerdotum</span> <span class='ocrx_word' id='word_1_737' title='bbox 234 2361 331 2390; x_wconf 84' lang='lat' dir='ltr'>genera</span> <span class='ocrx_word' id='word_1_738' title='bbox 351 2352 505 2388; x_wconf 75' lang='lat' dir='ltr'>complexus</span> <span class='ocrx_word' id='word_1_739' title='bbox 532 2353 576 2380; x_wconf 84' lang='lat' dir='ltr'>est.</span> <span class='ocrx_word' id='word_1_740' title='bbox 616 2354 720 2381; x_wconf 81' lang='lat' dir='ltr'>Primus</span> <span class='ocrx_word' id='word_1_741' title='bbox 739 2353 810 2381; x_wconf 75' lang='lat' dir='ltr'>sacra</span> <span class='ocrx_word' id='word_1_742' title='bbox 832 2355 940 2391; x_wconf 66' lang='lat' dir='ltr'>triginta</span> <span class='ocrx_word' id='word_1_743' title='bbox 962 2356 1100 2383; x_wconf 75' lang='lat' dir='ltr'>Curionum</span> <span class='ocrx_word' id='word_1_744' title='bbox 1121 2355 1273 2384; x_wconf 80' lang='lat' dir='ltr'>continebat</span> <span class='ocrx_word' id='word_1_745' title='bbox 1288 2376 1295 2387; x_wconf 82' lang='grc'>,</span> <span class='ocrx_word' id='word_1_746' title='bbox 1322 2364 1439 2392; x_wconf 83' lang='lat' dir='ltr'>quorum</span> <span class='ocrx_word' id='word_1_747' title='bbox 1462 2364 1516 2384; x_wconf 76' lang='lat' dir='ltr'>erat</span> <span class='ocrx_word' id='word_1_748' title='bbox 1540 2356 1644 2393; x_wconf 84' lang='lat' dir='ltr'>publice</span> 
     </span>
    </p>
   </div>
   <div class='ocr_carea' id='block_1_12' title="bbox 1590 2405 1639 2432">
    <p class='ocr_par' dir='ltr' id='par_1_16' title="bbox 1590 2405 1639 2432">
     <span class='ocr_line' id='line_1_57' title="bbox 1590 2405 1639 2432; baseline 0.02 -10"><span class='ocrx_word' id='word_1_749' title='bbox 1590 2405 1639 2432; x_wconf 62' lang='grc' dir='ltr'>ΓῘὉ</span> 
     </span>
    </p>
   </div>
  </div>
 </body>
</html>
