2075 2734
369 115 1365 154 DeAcvroN1nus,&cICAi=.‘r1.
1605 124 1660 162 669

111 174 213 211 Qatta
225 169 325 199 divifio.
366 166 492 197 artiones
505 165 559 195 ulia
569 164 723 205 inftmplum
737 172 874 202 conceptae
886 165 944 195 sunt
955 187 964 198 ,
982 168 1037 196 alia
1049 168 1077 196 in
1093 170 1200 205 duplum
1210 192 1216 203 ,
1239 171 1294 200 aliae
1306 170 1334 199 in
1345 168 1465 207 triplum;
1485 171 1540 202 213ae
1551 174 1579 202 37,
1591 185 1626 214 qu
1627 186 1656 204 1,,

72 213 123 242 drn
138 212 200 239 lum,

111 222 140 276 ιζ,
150 247 270 283 fimplum
282 257 313 276 ex
327 245 465 283 stipulatu,
486 250 598 275 mutuo,
619 242 852 284 emptorlocato,
873 243 998 275 vendito,
1020 246 1171 278 contiuuo,
1192 248 1320 275 mandato
1334 250 1360 276 ὃ(
1375 247 1442 275 aliis.

109 290 139 315 In
150 287 254 321 duplum
264 307 271 318 ‚
292 286 355 313 furti
368 294 418 312 nec
432 281 578 314 manifesti,
598 281 690 309 damni
703 281 798 317 injuria
810 280 877 312 dati,
898 281 1009 318 depositi
1024 293 1056 312 ex
1071 284 1227 321 quibusdam
1245 286 1339 318 caufis,
1360 285 1428 314 servi
1442 290 1571 326 corrupti.

107 328 138 352 In
145 325 247 359 triplum
258 325 362 360 rapinae.

110 367 141 390 In
155 363 338 402 qundrqplum,
360 359 423 387 furti
439 357 584 389 manifesti,
604 358 638 385 de
652 367 684 385 eo
697 359 770 396 quod
786 364 874 386 metus
887 358 975 389 causa,
996 360 1030 387 de
1042 360 1152 395 pecunia
1162 361 1221 389 data
1236 363 1267 389 ad
1282 362 1508 392 calumniandum.
1526 364 1598 393 Actio
1605 371 1650 395 νας

71 412 104 430 ro
116 402 205 429 damm'
215 399 325 435 injuria,
343 399 371 425 in
385 396 550 424 inficiantem
564 396 674 424 dabatur
687 397 714 424 in
727 396 851 433 duplum,
873 397 900 423 in
914 397 1089 425 confitentem
1102 399 1129 425 in
1144 399 1280 435 fimplum.

142 442 213 467 uinta
223 438 322 466 divisio.
342 434 482 474 actionum
495 434 554 461 aliis
562 433 688 469 filiclam,
709 436 735 463 id
751 435 800 466 cst,
822 441 911 462 totum
928 436 969 466 id,
990 437 1061 472 quod
1078 436 1236 468 debebatur,
1256 439 1425 476 exigebatur,
1444 438 1501 468 aliis
1508 449 1569 476 part
1582 441 1644 472 sola.

71 478 213 514 Ejuunodi
226 477 276 504 fuit
287 475 351 501 actio
363 473 395 500 de
400 472 493 507 peculio
507 472 565 504 filii,
586 473 621 500 de
631 473 708 503 dote,
728 482 785 510 quae
797 472 902 499 mulieri
914 474 1033 500 divortio
1046 473 1117 501 fafio
1132 475 1164 502 ad
1177 476 1271 504 dotem
1286 479 1445 515 exigendam
1461 479 1582 507 adversus
1591 489 1655 508 rna-1

72 517 155 545 ritum
178 514 286 542 dabatur
318 512 385 539 item
403 511 533 542 aetioncs,
555 520 612 548 quae
630 511 751 539 adversus
764 518 918 547 parentem,
939 519 1098 547 patronum,
1119 511 1220 539 socium
1232 534 1239 545 ,
1262 517 1288 542 ὃς
1305 525 1380 547 eum,
1402 517 1447 556 qui
1463 518 1524 553 quid
1538 519 1648 546 donavit

72 552 293 581 concedebantur.
333 551 407 576 Nam
427 558 540 580 omnes,
563 550 706 577 intantum
720 550 792 586 quod
808 548 893 576 facere
905 549 1024 585 possent,
1044 550 1250 578 damnabantur.
1284 553 1353 580 Item
1369 562 1432 581 actio
1448 555 1475 581 in
1490 554 1626 583 debitorem
1637 576 1645 588 ‚

73 593 119 628 qui
134 591 209 619 bonis
218 588 341 619 ceffiffet,
364 590 390 616 St
405 587 492 623 postea
502 588 651 614 mediocres
665 588 783 615 tortunas
796 587 904 622 adeptus
918 588 989 614 esset.

111 631 187 656 Sexta
200 626 302 654 divisio.
331 624 445 652 Actiones
456 625 571 663 quadam
580 626 708 659 nata-lunt
726 635 758 651 ex
774 623 956 656 contractibus,
977 628 1003 653 δε
1016 625 1153 653 maleficiis
1169 627 1344 655 dominorum
1362 631 1387 657 ὅτ.
1408 631 1643 665 patrumfamilias,

69 667 191 704 quaedam
208 675 240 693 ex
255 664 434 692 contractibus
449 666 473 691 &
490 663 627 691 maleficiis
642 662 795 694 servorum,
815 664 841 690 &
854 663 1094 691 filiorum'ramilias.
1127 665 1169 691 De
1181 665 1276 699 primis
1289 666 1392 694 dictum
1410 668 1453 695 est.
1482 670 1523 696 De
1537 669 1644 706 reliquis

70 714 140 733 nunc
159 703 313 732 dicendum.
331 705 372 728 Ex
386 700 548 728 contractibus
552 701 683 735 ftrvorum
696 701 748 728 hoc
761 701 862 727 modo:
882 702 955 728 Servi
971 709 1015 728 aut
1029 701 1083 729 fine
1097 704 1223 729 contentu
1235 703 1411 733 dominorum
1430 708 1558 743 negotiati
1572 707 1644 739 sunt,

67 751 113 771 aut
133 751 196 770 cum
216 738 341 768 consensu
360 749 464 767 eorum.
501 738 531 766 si
548 740 666 774 constefic,
689 747 803 776 quatuor
819 738 935 767 actiones
953 748 1124 769 emanarunt,
1144 741 1305 778 Qodjuffie,
1326 742 1487 777 exercitorm,
1506 744 1646 781 mstitoria,

67 780 213 808 tributaria.
233 778 310 816 Quod
321 777 406 814 jussu,
427 778 487 805 data
507 778 542 805 est
562 777 590 804 in
604 786 681 808 eum,
703 778 777 813 cujus
799 775 887 803 servus
901 787 962 805 cum
978 778 1066 814 aliquo
1079 777 1148 812 jussu
1160 778 1237 814 ipfius
1251 782 1392 808 contraxit.
1433 782 1506 808 Nam
1521 784 1642 819 quicum

68 818 146 847 servo
160 818 227 855 juslia
244 816 348 845 domini
362 815 546 844 contrahebat,
567 824 621 842 non
634 814 716 845 servi,
737 814 781 842 fitd
795 813 871 850 ipsius
883 815 990 842 domini
1001 815 1078 852 sequi
1087 816 1168 844 fidem
1183 816 1328 844 videbatur.
1365 818 1519 846 exercitam
1533 821 1643 849 dabatur

67 858 97 884 in
117 857 308 886 exercitorem,
329 855 374 889 qui
394 853 499 881 servum
514 853 575 880 navi
588 852 776 889 praeposuisset,
796 852 829 879 de
843 861 889 884 eo,
911 854 982 890 quod
997 863 1059 881 cum
1073 863 1106 881 eo
1123 853 1199 882 servo
1213 854 1280 882 illius
1292 857 1330 882 rei
1341 856 1416 883 causa
1429 858 1531 893 gestum
1545 858 1640 887 fuisset.

68 894 199 922 Exercitor
218 901 308 921 autem
319 898 388 921 erat,
408 891 440 918 ad
453 900 535 927 quem
549 891 718 927 quotidianus
732 891 805 918 navis
819 891 928 927 quaestus
942 891 1050 919 redibat.
1069 896 1162 919 Servus
1175 900 1282 924 autem,
1301 902 1381 931 quem
1397 895 1458 922 navi
1468 895 1641 930 praeficiebat‚

67 931 184 970 magister
204 930 347 959 dicebatur.
385 928 512 962 Institoria
529 928 638 956 dabatur
656 929 683 956 in
699 938 776 962 eum,
797 930 841 965 qui
856 928 962 956 servum
977 930 1125 958 institorem
1141 930 1256 958 tabernae
1268 931 1433 967 praefecerat,
1454 934 1488 960 de
1501 943 1547 965 eo,
1569 934 1642 971 quod

67 979 131 998 curn
145 979 178 997 eo
190 969 266 997 servo
280 968 336 1004 ejus
348 967 386 994 rei
400 966 473 994 causa
485 967 589 1004 gestum
604 968 674 994 esset.
695 968 757 994 Erat
772 974 862 994 autem
876 966 987 1002 institor,
1007 970 1053 1005 qui
1069 968 1145 997 alicui
1158 970 1335 1005 negotiationi
1353 971 1550 1006 praeficiebatur.
1582 972 1642 1000 Tri·

65 1007 165 1035 butoria
184 1007 294 1036 dabatur
313 1006 340 1033 in
364 1005 509 1033 dominum
524 1026 530 1037 ,
551 1014 605 1042 quo
625 1004 722 1032 sciente
737 1014 787 1032 una
806 1014 868 1032 cum
880 1005 956 1032 servo
975 1007 1002 1033 in
1016 1016 1107 1034 merce
1121 1007 1245 1043 peculiari
1260 1009 1428 1036 contradtum
1443 1018 1498 1038 erat
1510 1030 1517 1041 ‚
1538 1010 1584 1037 nili
1599 1020 1640 1038 res

67 1045 202 1084 aequaliter
220 1047 290 1072 inter
303 1044 449 1072 creditores
461 1045 558 1080 partita
572 1043 647 1074 effer,
669 1044 798 1071 nimirum
810 1063 817 1074 ,
837 1051 866 1071 ut
879 1043 927 1072 alia
941 1044 1051 1073 tributio
1064 1045 1117 1072 fiat.
1156 1049 1234 1071 Merx
1241 1044 1377 1079 peculiaris
1391 1053 1461 1078 erat,
1481 1048 1509 1074 in
1522 1057 1574 1085 qua
1588 1048 1641 1076 ser-

66 1093 115 1112 vus
135 1085 181 1112 suo
206 1083 318 1111 nomine
339 1082 445 1109 domini
459 1080 584 1109 consensu
598 1082 635 1108 ita
648 1081 847 1118 negotiabatur,
867 1088 896 1109 ut
912 1082 968 1118 ejus
981 1083 1090 1119 quaestus
1101 1083 1133 1110 ad
1147 1082 1234 1118 ipsum
1250 1084 1405 1119 pertineret.
1445 1086 1490 1112 Sin
1503 1094 1592 1114 autem
1610 1087 1641 1114 fi-

66 1132 101 1150 ne
122 1121 248 1151 consensu
267 1120 398 1157 negotiati
413 1119 487 1151 sunt,
507 1118 615 1147 afflones
628 1119 680 1146 dna
694 1120 850 1155 prodierunt
862 1119 893 1145 de
906 1119 932 1147 in
945 1130 998 1147 rem
1010 1122 1090 1155 vetgsb,
1112 1119 1152 1153 ξς
1167 1120 1198 1147 de
1206 1120 1307 1154 peculio.
1330 1121 1405 1149 Actio
1418 1123 1449 1149 de
1463 1122 1490 1150 in
1508 1134 1561 1150 rem
1574 1126 1640 1159 verss

64 1160 191 1192 dabatur,
210 1170 236 1186 m
254 1159 399 1189 dommum,
420 1157 473 1185 fine
494 1158 568 1193 cujus
587 1156 724 1185 voluntate
743 1157 832 1184 lervus
841 1159 989 1192 contraxit,
1011 1168 1053 1189 ut,
1076 1159 1146 1195 quod
1161 1159 1187 1186 in
1199 1168 1257 1186 rem
1272 1160 1378 1187 domini
1391 1160 1497 1188 versum
1511 1163 1560 1193 cst,
1582 1163 1642 1190 loli-

65 1199 132 1227 dum
154 1199 270 1235 praestet,
290 1197 421 1233 reliquum
441 1206 474 1223 ex
494 1194 591 1232 peculii
610 1195 708 1223 viribus
721 1194 850 1223 dissolvat.
888 1198 916 1222 In
930 1206 983 1223 rem
995 1195 1094 1224 domini
1106 1197 1212 1224 versum
1228 1197 1380 1230 dicebatur,
1400 1200 1578 1237 quodcunque
1591 1202 1639 1228 do-

65 1239 134 1265 mini
149 1236 285 1264 facultates
300 1235 387 1271 aliqua
400 1244 432 1262 ex
444 1241 520 1270 parte
535 1233 726 1269 amplificarat,
747 1233 900 1261 dummodo
915 1234 1068 1262 neceffirrius
1081 1234 1200 1271 sumptus
1215 1235 1259 1263 ille
1273 1235 1368 1264 fuisset.
1409 1237 1485 1263 Actio
1497 1238 1528 1263 de
1543 1239 1639 1272 peculio

65 1275 178 1303 dabatur
190 1272 312 1301 adversus
324 1273 466 1300 dominum
481 1282 514 1299 ex
522 1271 590 1298 servi
604 1272 894 1308 conrraEtu‚quatenus
907 1273 933 1299 iu
946 1272 1052 1308 peculio
1066 1281 1131 1301 erat.
1153 1276 1180 1298 In
1189 1273 1283 1307 peculto
1298 1274 1324 1301 id
1339 1273 1389 1301 effe
1404 1275 1638 1313 dicebatur,quod

64 1313 185 1340 deduetis
200 1313 244 1343 iis,
266 1320 323 1347 quae
333 1311 460 1342 domino,
482 1309 623 1338 familiaeve
637 1308 798 1338 debebantur
810 1330 817 1341 ‚
837 1308 978 1346 supererat.
1018 1311 1120 1338 Eadem
1135 1320 1198 1338 vero
1214 1319 1320 1348 patrum
1335 1333 1343 1343 ,
1364 1314 1391 1340 δε
1406 1313 1637 1342 filiorumfamilias

63 1351 133 1379 ratio
145 1350 210 1382 fuit,
230 1356 308 1385 atque
321 1349 494 1376 dominorum
503 1369 511 1380 ‚
532 1349 558 1376 &
572 1346 720 1375 servorum.
745 1351 788 1375 Ex
798 1346 926 1384 maleficiis
938 1357 1019 1384 porro
1034 1348 1173 1377 servorum
1186 1350 1288 1377 noxales
1303 1349 1412 1377 abbanes
1425 1359 1492 1379 natae
1504 1351 1577 1385 sunt,
1597 1354 1639 1380 di-

62 1388 128 1420 ἀεὶ,
149 1388 210 1424 quia
222 1387 317 1414 delidta
330 1396 425 1414 eorum
440 1396 509 1413 noxa
521 1393 628 1415 vocatae.
657 1386 766 1413 Noxalts
778 1393 869 1414 autem
885 1384 989 1413 actionis
1006 1395 1100 1414 natura
1113 1387 1176 1420 fuit,
1199 1396 1229 1416 ut
1243 1388 1369 1415 dominus
1382 1399 1411 1416 ea
1422 1390 1576 1422 damnatus,
1595 1390 1639 1419 vel

61 1426 116 1454 litis
127 1426 327 1454 aestimationem
339 1424 513 1460 persolveret,
534 1423 576 1451 vel
587 1423 604 1451 fi
619 1423 709 1455 vellet,
729 1423 833 1451 servum
849 1423 935 1460 ipsum
950 1434 1026 1451 noxae
1036 1425 1152 1454 dederet.
1173 1427 1255 1453 Servo
1268 1433 1358 1453 autem
1375 1437 1451 1455 noxae
1464 1428 1572 1459 dedito,
1589 1429 1639 1456 do-

62 1466 180 1493 minium
194 1464 282 1491 statim
297 1462 329 1489 ab
342 1462 398 1499 ipso
411 1463 526 1490 domino
540 1462 566 1489 in
580 1462 699 1489 a6torem
714 1461 929 1490 transferebatur.
949 1463 1031 1498 Qod
1045 1463 1063 1490 fi
1077 1465 1134 1500 post
1147 1463 1286 1490 admissam
1301 1473 1400 1492 noxam
1411 1466 1536 1492 dominus
1551 1474 1637 1494 muta.

61 1511 150 1534 retur,
170 1511 239 1530 noxa
255 1501 282 1528 in
295 1510 398 1528 novum
412 1501 556 1528 dominum
569 1499 691 1527 dabatur:
713 1500 731 1527 fi
745 1499 832 1527 servus
848 1501 1084 1528 manumitteretur
1096 1522 1103 1532 ‚
1124 1502 1150 1528 in
1164 1500 1250 1536 ipsum
1264 1500 1380 1529 servum.
1420 1504 1500 1539 Qiod
1515 1503 1587 1530 idem
1604 1507 1636 1532 de

61 1541 136 1568 noxis
148 1537 462 1577 etiamfiliorumfamrlias
475 1539 510 1565 est
524 1537 737 1574 intelligendum.
758 1538 832 1571 Quin
847 1537 928 1564 etiam
942 1538 1040 1564 noxalts
1053 1538 1123 1566 aetio
1138 1538 1188 1566 fuit
1202 1539 1235 1567 de
1247 1540 1384 1574 pauperie,
1393 1540 1418 1567 id
1431 1540 1522 1571 est,dc
1535 1541 1636 1569 damno

63 1581 128 1606 dato
143 1577 156 1604 ἐι
168 1577 343 1613 quadrupede.
364 1578 394 1603 In
408 1576 447 1604 his
457 1597 464 1608 ‚
484 1576 502 1603 fi
515 1577 644 1603 damnum
660 1576 673 1603 a
686 1575 855 1612 quadrupede
870 1575 1005 1604 mansueta
1019 1584 1089 1607 erat,
1109 1584 1139 1604 ut
1153 1585 1223 1613 equo
1237 1576 1390 1609 calcitroso,
1411 1580 1436 1606 ἃ
1453 1578 1522 1605 bovc
1537 1589 1633 1607 cornu-

61 1623 138 1653 peta,
157 1613 253 1641 noxalis
263 1613 328 1640 actio
339 1613 463 1644 dabatur,
482 1614 533 1650 lege
546 1623 578 1640 xi
589 1624 609 1641 1.
621 1613 766 1640 tabularum
775 1625 782 1638 :
800 1614 843 1642 sia
857 1613 925 1645 fera,
947 1614 1036 1641 edicto
1049 1614 1157 1642 adilium
1170 1622 1277 1642 cautum
1293 1624 1349 1644 erat
1362 1637 1369 1648 ‚
1390 1623 1418 1643 ut
1429 1616 1463 1643 ob
1479 1615 1572 1644 vulnus
1585 1618 1634 1645 ho-

62 1655 132 1682 mini
145 1652 229 1680 libero
241 1651 358 1683 illatum,
379 1651 450 1678 aetio
463 1652 489 1678 in
504 1653 621 1682 bonurn,
643 1653 669 1679 ὅ(
684 1660 788 1688 aequum
803 1652 923 1682 daretur,
942 1652 978 1679 ob
991 1660 1084 1679 caetera
1098 1653 1195 1680 damna
1207 1653 1235 1680 in
1251 1653 1371 1690 duplum.

103 1691 221 1728 Septima
236 1689 336 1718 divisio.
357 1688 476 1716 Actiones
485 1686 700 1728 al1astrit·tijuris
713 1689 833 1721 fuerunt,
853 1689 906 1717 alia
916 1689 978 1716 bona
984 1688 1064 1727 fidei,
1084 1690 1138 1718 aliae
1148 1689 1298 1719 arbitraria.
1322 1689 1483 1728 Bonaefidei,
1503 1691 1530 1718 in
1542 1691 1634 1731 quibus

60 1729 140 1758 libera
148 1727 254 1765 potestas
261 1726 455 1762 permitteretur
461 1727 544 1762 judu!
557 1736 589 1752 ex
602 1736 667 1765 aquo
680 1727 720 1760 ἐς
736 1726 794 1754 bono
806 1726 957 1764 aesttmandi,
978 1735 1106 1765 quantum
1121 1730 1204 1756 aCtori
1218 1729 1318 1756 restitui
1332 1738 1481 1765 oporteret:
1503 1731 1529 1757 in
1542 1740 1596 1768 quo
1605 1736 1632 1760 ὃς

59 1768 126 1797 illud
141 1766 341 1797 continebatur,
361 1774 389 1793 ut
403 1765 422 1792 fi
437 1765 500 1802 quid
515 1765 631 1792 invicem
645 1766 764 1801 praestare
778 1767 898 1794 aestorem
915 1774 1052 1803 oporteret
1067 1787 1074 1799 ,
1095 1776 1127 1794 eo
1142 1767 1315 1803 compensato
1329 1768 1356 1794 in
1370 1767 1503 1803 reliquum
1516 1769 1536 1795 is
1551 1789 1558 1799 ,
1578 1778 1633 1806 quo

61 1817 124 1836 cum
138 1805 276 1843 agebatur,
297 1803 530 1831 condemnaretur.
550 1805 599 1831 Hae
614 1803 678 1832 vero
694 1803 813 1833 fuerunt,
834 1806 932 1841 empti,
955 1805 1069 1837 venditi,
1090 1804 1184 1837 locati,
1205 1806 1348 1838 condudti,
1369 1806 1500 1837 mandati,
1523 1807 1633 1840 fiduciae,

59 1854 111 1883 pro
123 1844 210 1875 socio,
231 1843 403 1879 negotiorum
417 1842 564 1878 gestorum,
588 1841 690 1876 tutelae,
712 1842 818 1870 familiae
831 1843 1002 1875 erciscundae,
1024 1844 1166 1871 communi
1179 1843 1341 1875 dividundo,
1359 1843 1484 1879 depoliti,
1506 1854 1634 1873 commo-

61 1884 131 1916 dati,
151 1881 322 1918 pignoratitia
333 1898 340 1911 ‚
361 1880 517 1920 praescriptis
532 1879 617 1908 verbis
629 1901 636 1912 ‚
657 1890 713 1909 tam
726 1890 783 1919 quse
802 1882 835 1909 de
849 1883 977 1909 aestimato
990 1902 996 1912 ,
1019 1891 1099 1918 quam
1116 1891 1173 1918 quae
1187 1882 1220 1909 de
1234 1883 1432 1917 permutatione
1444 1883 1631 1917 competebat,

60 1924 89 1950 ὅς
103 1921 142 1947 rei
155 1920 254 1947 uxoriae
266 1919 344 1946 aftio.
365 1917 519 1945 Arbitrarra
529 1927 584 1956 qua
597 1928 630 1946 ex
641 1919 747 1946 arbitrio
750 1918 845 1954 judicis
853 1918 1008 1953 pendebant,
1030 1921 1057 1946 in
1071 1919 1178 1955 quibus,
1199 1919 1246 1946 njfi
1260 1919 1370 1946 arbitrio
1381 1919 1492 1955 judicis,
1513 1921 1534 1947 is
1545 1942 1554 1952 ,
1575 1931 1631 1959 quo

58 1968 124 1988 cum
138 1952 264 1994 a'gebatur
276 1977 283 1987 ‚
303 1956 386 1984 adtori
397 1955 557 1984 satisfaceret
570 1975 577 1987 ,
597 1956 678 1984 veluti
694 1967 753 1984 rem
767 1958 913 1985 restitueret
925 1977 932 1988 ‚
953 1956 995 1984 vel
1009 1956 1145 1984 exhiberet
1159 1976 1165 1986 ‚
1187 1956 1229 1983 vel
1240 1956 1355 1984 solveret
1368 1978 1376 1988 ‚
1396 1956 1438 1985 vel
1453 1958 1540 1985 noxali
1556 1960 1630 1989 causa

11 2009 13 2012 ⁴
57 1997 165 2025 servum
181 1996 303 2026 dederet,
323 1993 563 2025 condemnabatur,
585 1995 610 2021 δε
624 1994 743 2022 fecerunt
756 2003 812 2022 tam
829 1996 857 2022 in
870 2004 943 2025 rem,
964 2003 1044 2030 quam
1061 1995 1088 2021 in
1100 1994 1250 2030 personam.
1273 1997 1298 2020 ln
1312 2005 1380 2027 rem,
1401 1995 1522 2032 quaedam
1535 2005 1633 2032 praeto-

58 2037 119 2063 riae:
139 2033 165 2060 in
173 2034 300 2068 persenam
310 2053 318 2063 ‚
338 2033 409 2069 quod
424 2040 512 2060 metus
524 2030 610 2061 causa,
631 2033 701 2069 quod
717 2033 780 2060 dolo
795 2033 865 2060 malo
873 2032 992 2064 fa&um,
1011 2041 1074 2059 cum
1086 2032 1127 2063 id,
1149 2032 1220 2068 quod
1235 2040 1309 2060 certo
1321 2032 1382 2060 loco
1391 2034 1551 2069 promissum
1563 2045 1635 2069 erat„

56 2072 211 2110 petebatur,
234 2072 260 2099 8<
273 2071 343 2098 aetio
358 2071 389 2098 ad
404 2069 593 2098 exhibendum.
630 2072 660 2098 In
675 2072 705 2098 iis
720 2071 792 2097 enim
807 2070 933 2098 omnibus
945 2070 1102 2106 permistum
1116 2078 1171 2097 erat
1184 2070 1268 2105 judici
1281 2090 1289 2101 ‚
1310 2079 1341 2098 ex
1353 2080 1429 2108 aequo
1442 2074 1468 2100 ἃ
1483 2072 1570 2105 bono,
1590 2068 1629 2101 se-

11 2104 13 2123 3
56 2111 175 2139 cundum
190 2109 315 2145 cujulque
335 2110 373 2136 rei
389 2129 396 2139 ,
416 2109 449 2135 de
463 2118 514 2145 qua
531 2107 657 2145 agebatur
670 2130 677 2141 ,
696 2118 817 2137 naturam
831 2109 960 2137 aestimare
972 2129 980 2140 ,
1000 2108 1232 2146 quemadmodum
1246 2108 1330 2158 actori
1348 2108 1466 2137 satisfieri
1479 2119 1630 2147 oporteret.

12 2172 13 2175 ,
55 2149 154 2177 Praeter
168 2147 212 2175 has
224 2146 322 2185 reliqua
328 2144 486 2182 stricrijum
497 2146 582 2174 difflue.

16 2185 19 2192 ¹
96 2189 145 2214 Hae
159 2185 214 2213 fere
229 2187 341 2221 antiquae
353 2193 458 2211 actiones
471 2184 556 2216 fuere,
577 2193 608 2211 ex
621 2184 728 2221 quibus,
749 2187 795 2223 qui
808 2186 850 2222 jus
863 2185 938 2214 suum
952 2185 1072 2222 persequi
1084 2185 1188 2221 judicio
1200 2184 1341 2213 voluerunt
1353 2207 1362 2218 ,
1384 2185 1497 2223 aliquam
1514 2189 1625 2217 neceffa-

55 2227 98 2254 rio
111 2225 292 2260 arripuerunt,
312 2231 425 2258 eamque
439 2221 452 2249 ὲ
459 2223 736 2260 pratorepostularunt.
760 2224 896 2261 Qoniam
911 2231 1000 2251 autem
1014 2225 1128 2256 acttojus
1143 2231 1199 2251 erat
1208 2224 1368 2262 perfiquendi
1381 2225 1408 2251 in
1417 2225 1532 2261 judicio,
1553 2228 1627 2263 quod

56 2263 103 2293 fibi
123 2262 276 2290 deberetur,
297 2262 340 2297 qui
360 2261 498 2287 actionem*
514 2261 665 2297 postulavit:
687 2261 752 2289 nihil
764 2262 833 2290 aliud
845 2262 1000 2298 postulavit,
1021 2270 1102 2299 quam
1123 2261 1164 2298 jus
1182 2261 1353 2298 persequendi
1371 2262 1399 2290 in
1417 2264 1533 2299 judicio,
1555 2265 1628 2300 quod

8 2300 15 2315 ³
56 2301 103 2329 fibi
121 2300 275 2328 deberetur,
295 2306 339 2326 aut
360 2298 431 2335 quod
450 2298 524 2325 suurn
545 2299 617 2328 esset.
657 2301 688 2328 Id
707 2308 798 2328 autem
817 2308 873 2327 erat
892 2300 1039 2336 judicium,
1061 2307 1106 2327 aut
1124 2300 1242 2335 judicem
1263 2300 1291 2326 in
1311 2309 1372 2327 cam
1390 2310 1465 2332 rem,
1485 2302 1518 2329 de
1531 2311 1580 2338 qua
1596 2303 1633 2330 lis

55 2347 126 2371 erat,
146 2337 290 2376 postulare,
311 2345 375 2363 utre
383 2337 508 2372 cognita,
527 2338 552 2365 Ξῖ
565 2337 696 2372 judicata,
716 2338 759 2374 jus
772 2346 883 2375 uterque
896 2338 971 2366 suum
985 2336 1179 2373 adipisceretur.
1221 2336 1346 2374 Judicem
1359 2347 1449 2367 autem
1465 2340 1526 2366 dare
1540 2342 1630 2375 pra-ci.

18 2385 21 2395 ²
54 2385 140 2414 puum
151 2375 202 2405 fuit
214 2377 256 2413 jus
267 2375 378 2403 dicentis
387 2374 518 2403 officium.
558 2376 637 2405 Unde
649 2376 748 2414 scriplit
760 2376 881 2411 Ulpianus
897 2387 904 2403 ε
925 2378 971 2413 Jus
989 2376 1100 2404 dicentis
1120 2375 1240 2404 officium
1260 2375 1415 2404 latiffimum
1435 2378 1470 2405 est
1483 2398 1491 2410 ‚
1518 2387 1580 2404 uam
1602 2382 1634 2406 δ’.

1 2414 6 2422 “
794 2415 799 2418 “
916 2416 936 2442 P
946 2423 963 2451 p
971 2423 987 2451 p
996 2423 1013 2451 p
1035 2425 1048 2451 3
1545 2415 1630 2445 bono<
