2075 2734
410 85 464 112 DE
497 71 858 110 τκῐνῐζιοιΑκΝο
893 75 1354 110 ΪζοιῶὶΑῆΑκυΜζΟΛιν.ι.
1628 79 1687 120 337'

101 134 171 172 quod
193 131 252 160 satis
271 130 350 169 pleno
365 140 440 161 erant
453 142 580 165 numero,
602 133 629 160 id
645 133 694 163 est,
714 131 820 159 dierum
835 129 1000 166 singulorum
1012 132 1239 169 tricenorumque.
1279 132 1344 160 Ideo
1361 133 1387 160 ὅ(
1401 129 1563 167 stptimanas
1576 130 1676 163 habent

100 176 196 203 Nonas,
218 171 283 199 ficut
304 171 396 199 Numa
415 172 563 202 constituit,
583 170 642 208 quia
662 169 726 197 nihil
747 170 774 197 in
789 168 829 197 his
850 167 946 204 Julius
966 171 1089 198 mutavit.
1130 170 1180 198 Sed
1200 168 1362 207 Janulzrim.
1387 167 1508 203 Sextilis,
1527 170 1677 204 December,

101 210 193 247 quibus
215 208 299 237 Caesar
314 209 390 237 binos
405 210 459 237 dies
472 209 587 240 addidit,
609 209 671 237 licet
685 208 799 235 tricenos
814 206 928 244 fingulos
940 205 1036 234 habere
1050 209 1107 243 post
1123 208 1253 236 Caesarem
1269 209 1414 244 coeperint3
1434 206 1570 246 quintanas
1584 217 1676 237 tamen

99 248 198 276 habent
211 251 312 279 Nonas,
334 250 359 276 &
373 247 406 275 ab
419 246 507 275 Idibus
520 246 569 274 illis
582 245 718 283 sequentes
733 246 850 272 Kalendis
866 245 892 272 in
908 245 1136 273 undevicefimum
1150 254 1320 274 revertuntur
1334 257 1338 273 :
1359 247 1420 284 quia
1434 246 1526 279 Caefizr,
1548 257 1615 284 quos
1629 249 1675 276 ad-

99 287 167 314 didit
188 286 243 313 dies
257 306 264 317 ‚
291 295 377 322 neque
395 294 455 313 ante
476 287 558 311 Nonas
572 305 580 316 ‚
607 294 693 322 neque
712 291 773 311 ante
794 284 852 309 Idus
872 281 986 310 inserere
1008 283 1092 311 voluit
1105 305 1113 316 ,
1142 294 1175 312 ne
1189 288 1319 311 Nonarum
1335 293 1378 312 aut
1393 285 1485 311 Iduum
1497 284 1675 322 religionem,

99 334 156 362 quae
176 324 272 352 statuto
286 332 360 351 crant
373 324 415 350 die
430 343 437 354 ,
464 323 569 350 novella
582 322 867 359 comperendinatione
880 329 1074 356 corrumperet.
1115 324 1165 350 Sed
1181 332 1230 349 nec
1242 324 1299 359 post
1314 323 1372 349 Idus
1387 322 1472 350 voluit
1484 321 1598 351 inserere
1613 345 1620 356 ‚
1641 334 1675 352 ne

98 363 226 390 feriarum
244 370 396 398 quarunque
413 359 556 388 violaretur
569 361 689 388 indiffio.
728 360 778 387 Sed
791 359 904 395 peractis
919 358 1045 395 cujusque
1060 360 1155 386 meniis
1169 359 1255 391 feriis,
1276 361 1366 388 locum
1379 360 1470 388 diebus
1480 361 1588 389 advenis
1601 363 1675 390 fecit.

99 402 133 428 Et
153 398 286 436 Januario
299 400 405 435 quidem
422 399 476 426 dies
489 419 497 429 ‚
525 408 590 436 quos
605 400 719 427 dicimus
734 406 857 435 quartum
875 399 900 425 ἃ
917 397 1026 424 tertium
1043 397 1170 432 [Qn'enffis
1184 397 1333 425 Februarias
1346 419 1352 429 ‚
1380 399 1453 427 dedit
1467 410 1472 425 ι
1496 398 1601 432 Aprili,
1621 409 1673 428 ter-

98 439 167 465 tium
189 437 316 463 Kalendas
330 437 432 472 Majas:
453 435 540 468 sunio,
561 439 670 464 tertium
688 436 820 465 Kalendas
833 436 932 472 Julias:
954 433 1077 472 Augusto,
1098 443 1223 471 quartum
1238 437 1264 463 ἃ
1280 437 1390 463 tertium
1407 437 1538 464 Kalendas
1551 437 1676 474 Septem·

96 475 150 503 bris
163 486 169 502 2
196 473 329 508 Septembri
344 476 453 502 tertium
470 475 601 503 Kalendas
614 475 740 502 Octobris
754 486 759 502 :
788 471 925 501 Novembri
938 493 946 504 ‚
975 473 1085 500 tertium
1103 473 1234 500 Kalendas
1248 474 1407 502 Decembris
1421 486 1425 501 z
1453 474 1583 502 Decembri
1595 487 1674 509 vero,

98 520 222 551 quartum
238 514 264 540 &
278 513 387 539 tertium
404 512 536 541 Kalendas
551 515 693 551 januarias.
722 514 763 542 Ita
777 512 878 539 fadum
896 512 943 540 est.
967 518 996 539 ut
1011 520 1073 538 cum
1088 520 1184 538 omnes
1197 510 1224 538 hi
1240 511 1357 543 menses,
1378 512 1472 550 quibus
1486 513 1541 540 dies
1555 515 1673 546 addidit,

97 560 157 579 ante
172 549 238 577 hanc
251 550 449 578 ordinationem
463 551 610 580 habuifl'ent
624 552 720 580 mensis
734 551 865 587 sequentis
879 550 1010 585 lerendtw
1023 549 1054 576 ad
1069 548 1215 585 septimum
1229 550 1367 577 decimum
1382 559 1545 578 revertentes
1558 573 1564 583 ,
1586 554 1674 589 postea

97 599 129 617 ex
142 595 288 625 augmento
301 589 455 616 additorum
470 590 574 617 dierum
589 611 596 621 ,
616 589 643 617 hi
657 591 702 627 qui
717 590 782 617 duos
796 597 954 625 acceperunt
967 587 999 615 ad
1014 596 1118 614 nonum
1130 589 1284 616 decimum:
1306 588 1351 624 qui
1366 598 1429 615 vero
1442 599 1542 621 unum,
1562 592 1594 618 ad
1601 592 1673 618 oeta-

99 637 160 656 vum
174 627 311 654 decimum
325 626 452 655 haberent
467 629 582 656 reditum
599 628 787 656 Kalendarum.
819 626 954 654 Feriarum
969 634 1061 654 tamen
1075 625 1201 663 cujusque
1215 624 1311 654 menfis
1326 626 1394 653 ordo
1407 626 1522 654 servatus
1537 629 1586 655 est:
1608 639 1673 657 nam

96 665 115 692 fi
137 665 178 692 cui
199 664 253 691 fere
274 667 366 692 tertius
388 666 419 693 ab
439 666 528 694 Idibus
544 668 599 694 dies
613 666 704 699 festus,
725 674 769 694 aut
775 664 886 702 feriatus
898 664 962 695 fuit,
983 666 1010 692 ὃ(
1024 671 1089 692 tunc
1104 665 1135 692 ad
1150 665 1254 692 sextum
1268 664 1407 692 decimum
1421 664 1570 698 dicebatur,
1591 669 1673 695 etiarn

96 703 153 740 post
167 711 343 740 augmentum
359 704 464 731 dierum
474 725 482 736 ,
501 705 595 734 eadem
613 705 708 742 religio
724 704 822 733 servata
838 704 874 730 est
884 724 890 734 ,
911 709 940 729 ut
954 702 1035 730 tertio
1048 701 1079 729 ab
1096 702 1184 731 Idibus
1200 704 1244 731 die
1257 701 1447 730 celebraretur:
1469 702 1531 730 licet
1545 704 1575 731 ab
1586 705 1671 733 incre-

97 748 192 768 mento
212 750 266 768 non
279 742 335 778 jam
350 742 382 769 ad
400 742 537 770 decimum
551 742 656 770 sextum
670 743 799 778 Kalendas
810 760 818 772 ,
840 741 884 769 sed
898 741 930 768 ad
944 739 1089 776 stPtimum
1098 741 1253 774 decimum,
1273 740 1291 768 fi
1301 750 1378 771 unus,
1400 741 1432 768 ad
1447 741 1585 768 decimum
1600 744 1673 771 oeta-

95 789 161 807 vum
178 778 195 805 fi
210 779 264 807 duo
279 780 360 807 ess'ent
375 781 472 812 additi,
494 781 634 808 diceretur.
655 782 728 808 Nam
744 781 805 808 ideo
821 788 906 807 novos
921 780 976 806 dies
984 779 1054 806 circa
1062 779 1144 806 finem
1153 779 1279 816 cujusque
1288 778 1513 809 menlisinseruit‚
1535 779 1671 809 ubifinem

95 819 235 846 omnium,
257 827 312 855 quae
326 819 353 845 in
369 818 459 846 mense
469 829 557 851 erant,
577 820 676 856 reperit
687 818 812 847 feriarum
822 839 829 849 ,
850 816 1019 854 adjestosque
1032 826 1128 844 omnes
1144 817 1158 844 ὲ
1173 817 1261 845 sedies
1269 817 1346 844 fastos
1361 818 1480 848 notavit,
1500 824 1530 844 ut
1538 819 1672 853 majorem

95 856 170 883 daret
190 855 335 883 actionibus
355 856 521 889 libertatem,
542 860 567 885 ἃ
588 867 643 884 non
664 856 748 884 solum
766 856 868 885 nullum
887 854 1008 892 nefizstum
1021 876 1029 888 ,
1049 854 1093 883 sed
1108 865 1157 883 nec
1169 856 1318 883 comitmlem
1333 864 1498 893 quemquam
1514 855 1548 882 de
1562 857 1672 892 adjeetis

94 894 185 921 diebus
199 894 323 925 instituit,
344 904 377 922 ne
390 894 568 923 ambitionem
582 894 778 933 ngstmtuum
790 901 899 932 augeret
917 893 1042 929 adjestio.
1076 894 1118 921 Sic
1132 904 1232 922 annum
1247 893 1355 923 civilem
1374 896 1455 929 CaeJar
1474 892 1571 923 habitis
1586 895 1619 922 ad
1632 895 1671 923 lu-

94 941 158 959 nam
172 931 379 960 dimensionibus
394 934 583 965 constitutum,
604 934 693 962 edisto
705 934 791 970 palam
805 933 891 970 polito
906 932 1060 969 publicavit.

134 970 168 997 Et
188 969 239 997 huc
257 970 337 1007 usque
357 981 432 998 error
451 972 516 1000 stare
535 972 660 1009 potuiss'et
674 993 682 1004 ,
707 973 735 999 ni
746 972 885 1006 sacerdotes
905 970 953 998 fibi
973 979 1093 997 errorem
1105 980 1209 998 novum
1224 980 1257 998 ex
1270 970 1324 1007 ipa
1338 971 1530 999 emendatione
1542 969 1670 1001 fecissent.

94 1008 169 1036 Nam
183 1018 245 1036 cum
259 1016 398 1044 oporteret
410 1010 484 1037 diem
500 1012 545 1048 qui
560 1019 591 1038 ex
605 1011 792 1047 quadrantibus
803 1010 888 1037 confit
900 1031 907 1041 ‚
928 1016 1023 1046 quarto
1037 1018 1144 1046 quoque
1157 1019 1228 1036 anno
1242 1009 1369 1038 const-sto
1378 1030 1385 1041 ‚
1407 1017 1550 1046 antequam
1564 1011 1673 1046 quintus

93 1047 236 1084 inciperet,
255 1045 416 1074 intercalare:
439 1048 475 1075 illi
495 1057 590 1086 quarto
610 1059 665 1077 non
686 1049 808 1085 peraeto,
831 1048 874 1075 sed
895 1048 1054 1083 incipiente,
1074 1047 1271 1076 intercalabant.
1310 1049 1363 1076 Hic
1376 1057 1452 1074 error
1464 1047 1507 1075 sex
1522 1049 1549 1075 δί
1563 1048 1673 1086 triginta

94 1086 167 1112 annis
180 1084 340 1121 permanfit,
360 1085 453 1122 quibus
467 1089 541 1114 annis
554 1087 699 1114 intercalati
712 1086 770 1114 firm
786 1087 842 1113 dies
856 1086 999 1113 duodecim
1008 1106 1016 1117 ,
1037 1094 1099 1112 cum
1116 1085 1255 1113 debuerint
1270 1085 1417 1114 intercalari
1428 1095 1538 1113 novem.

134 1123 184 1150 Sed
205 1122 275 1149 hunc
295 1131 402 1160 quoque
418 1134 537 1152 errorem
550 1125 608 1152 stro
621 1124 814 1160 deprehensum
829 1124 944 1151 correxit
957 1121 1089 1159 Augustus·
1101 1144 1109 1155 ‚
1135 1125 1181 1160 qui
1195 1132 1278 1152 annos
1292 1124 1437 1151 duodecim
1454 1124 1508 1150 fine
1522 1124 1670 1152 intercalari

94 1162 137 1189 die
158 1160 264 1197 tranfigi
281 1161 368 1196 jussit,
388 1169 417 1188 ut
437 1161 473 1188 illi
488 1170 541 1189 tres
554 1163 623 1193 dies,
644 1163 689 1197 qui
702 1172 749 1198 per
762 1171 844 1188 annos
858 1161 968 1197 triginta
983 1162 1009 1188 &
1023 1160 1081 1191 sex,
1102 1161 1169 1188 vitio
1180 1161 1344 1194 sacerdotalis
1358 1162 1531 1189 festinationis
1543 1170 1671 1189 excreve-

93 1205 168 1228 rant,
188 1197 353 1232 sequentibus
366 1198 439 1224 :mnis
454 1199 607 1230 duodecim,
622 1199 752 1226 nullo.die
765 1198 920 1225 intercalato
933 1197 1131 1224 devorarentur.
1172 1199 1231 1225 Post
1246 1198 1299 1226 hoc
1312 1208 1396 1227 unum
1411 1199 1484 1225 diem
1497 1219 1504 1230 ‚
1524 1198 1670 1226 secundum

93 1235 293 1263 ordinationem
313 1234 427 1268 (ἱρῶν-ἐπ,
449 1237 544 1272 quinto
558 1245 663 1273 quoque
676 1237 819 1272 incipiente
832 1245 916 1266 anno,
937 1233 1085 1262 intercalari
1097 1234 1184 1270 justit,
1206 1238 1233 1265 δὲ
1245 1245 1359 1264 omnem
1373 1235 1444 1264 hune
1457 1236 1583 1264 ordinem
1597 1245 1670 1265 :treae

94 1272 188 1301 tabulae
201 1272 234 1298 ad
248 1279 373 1298 :eternam
388 1273 533 1300 custodiam
545 1274 672 1301 incisione
687 1274 832 1301 mandavit.
851 1273 985 1301 Hatitenus
998 1271 1146 1301 Macrobius.
1391 1290 1397 1296 ·

135 1312 207 1337 Cum
229 1310 321 1345 quibus
341 1310 434 1337 eadem
456 1312 562 1339 tradunt
582 1314 728 1346 Censorinus
749 1313 782 1339 de
802 1312 845 1338 die
865 1311 954 1338 Natali
968 1331 975 1341 ,
1002 1310 1052 1338 Dio
1068 1329 1074 1338 ,
1101 1310 1234 1338 Suetonius
1246 1332 1254 1343 ,
1282 1311 1382 1340 Plinius
1397 1333 1405 1344 ,
1431 1311 1529 1339 Solinus
1542 1332 1550 1343 ,
1573 1312 1669 1339 Florus.

94 1348 220 1376 Diffcntit
232 1348 318 1383 aliquo
332 1349 416 1375 modo
430 1348 589 1381 Plutarchus,
610 1358 661 1386 qua
674 1350 708 1382 de
721 1359 749 1377 re
762 1350 823 1377 vide
836 1348 887 1376 Ltl.
902 1348 1039 1386 Gyraldum
1053 1347 1080 1374 in
1094 1347 1162 1376 libro
1176 1350 1209 1377 de
1223 1351 1316 1382 Anno,
1340 1349 1486 1382 Mensxbus,
1509 1360 1538 1378 ac
1552 1350 1667 1382 Diebus,

93 1388 121 1414 δε
137 1385 237 1413 Aldum
249 1383 396 1412 Munatium
410 1385 453 1413 lib.
468 1387 558 1423 primo
573 1388 606 1415 de
620 1388 740 1424 Qaelitis
754 1396 805 1423 per
816 1387 952 1423 epistolam
967 1385 1074 1422 epistola
1088 1387 1174 1414 tertia.
1194 1389 1231 1414 Ut
1244 1396 1336 1416 autem
1351 1388 1416 1417 lucis
1431 1387 1530 1426 aliquid
1545 1387 1584 1417 his
1592 1397 1667 1417 acce-

91 1423 151 1456 dat,
171 1423 244 1450 illam
257 1431 388 1450 annorum
403 1426 429 1452 ὃ(
443 1425 575 1454 mentium
589 1425 768 1454 differentiam
783 1425 860 1453 brevi
874 1423 968 1452 tabella
981 1424 1074 1451 lectori
1088 1423 1124 1452 ob
1140 1424 1233 1453 oeulos
1247 1434 1390 1462 ponemus·

123 1509 334 1544 ANNUS
357 1512 583 1545 ROMULI
606 1513 832 1546 DIERUM
930 1510 1136 1546 ANNUS
1166 1514 1362 1549 NUMQAE
1389 1515 1629 1548 DIERUM

249 1569 347 1595 ccclv.
366 1561 474 1607 menses
490 1560 576 1596 habet
593 1560 704 1598 decem,
1011 1571 1137 1595 cccmv.
1153 1561 1262 1608 menses
1277 1561 1364 1608 habet
1378 1560 1551 1597 duodecim.

93 1647 282 1677 Mrmxus,
328 1646 349 1694 Ἰ
635 1649 766 1698 (XXXI.
922 1649 1149 1686 JANuAiuus,
1178 1649 1198 1699 Ἰ
1488 1649 1606 1698 [XXX.

91 1685 259 1714 Amatis,
341 1697 348 1722 ι
631 1689 754 1727 ΙΧΧΧ.
925 1688 1198 1718 FEBRUAR1U3‚·
1492 1688 1649 1715 ·XXVIII.

90 1722 230 1758 Μηυε,
337 1724 350 1793 Ι
659 1726 764 1753 XXXI.
927 1726 1115 1755 thms,
1192 1713 1202 1833 Ι
1514 1725 1623 1755 XXXI.

90 1762 242 1798 Junius‚
659 1764 749 1790 XXX.
928 1764 1095 1794 APR1L1s,
1515 1764 1623 1792 XXIX.

92 1798 313 1833 Qun-firm,
407 1816 433 1844 d·
477 1815 551 1845 hab·
656 1802 763 1830 XXXI.
929 1802 1067 1835 MAJUs‚
1516 1802 1623 1829 XXXI.

90 1837 279 1866 SEXT1L18‚
426 1826 461 1844 ms
527 1825 567 1846 mt
655 1840 748 1866 XXX·
929 1840 1082 1871 Juqus,
1192 1835 1203 1869 ¹
1263 1853 1305 1881 ὥς
1333 1853 1382 1881 hb
1404 1853 1425 1881 it
1514 1839 1621 1867 XXIX.

91 1875 345 1961 8ξΡτεΜΒειι,Ι
628 1877 1156 1959 'XXX.Q1XT1L18,
1193 1867 1248 1910 l>-
1284 1864 1318 1882 *⁵
1352 1863 1401 1882 au
1514 1877 1621 1905 XXXI.

91 1912 279 1942 Οετοεειι,
653 1915 760 1942 XXXI.
931 1916 1117 1946 errims,
1513 1915 1621 1943 XXIX.

95 1949 336 1980 Noveram„-
426 1947 431 1952 '
630 1953 744 1979 -XXX.
931 1954 1164 1984 strumum,
1513 1953 1619 1981 XXIX.

92 1973 347 2022 DEcmrnfin,‚l-,
628 1975 745 2022 LXXX.
931 1992 1118 2021 Oea-osen,
1513 1992 1620 2020 XXXI.

933 2028 1148 2059 NOVEMBER,
1188 2035 1193 2044 ¹
1487 2029 1618 2058 ·XX1X.

931 2067 1141 2097 DECEMBER‚
1172 2046 1194 2095 „J
1485 2047 1617 2096 [XXIX.

989 2314 1074 2350 ogg
1510 2314 1662 2343 ANNUS
