2075 2734
389 119 448 147 490
671 104 1695 140 ANTIQU1TATUMROMANARUML18.VIL

393 164 490 193 (bornus
509 167 636 186 numerus
657 158 746 186 afferri
766 167 821 185 non
834 157 919 194 potest
935 166 942 183 =
967 163 1059 184 tamen
1074 156 1149 192 supra
1166 156 1374 194 quadringentos
1388 156 1463 185 fuiss‘e
1476 157 1551 194 epist.
1565 156 1681 195 quadam
1696 158 1754 188 Cic.
1768 159 1802 188 ad
1818 160 1900 190 Attic.
1914 161 1976 192 elici

384 193 465 236 vpolle
480 198 598 228 videtur,
618 196 664 225 ubi
677 197 710 224 sic
723 195 829 224 scribit:
853 194 970 222 Homines
982 196 1019 222 ad
1030 204 1077 222 xv.
1093 194 1196 222 Curioni
1211 195 1309 222 nullum
1321 198 1348 222 S.
1363 199 1392 221 C.
1400 195 1509 231 fimena*
1523 194 1689 233 affi’nferunt:
1702 196 1778 232 facile
1791 208 1823 225 ex
1830 199 1976 235 altempar.

393 246 433 269 te,
454 246 500 264 cn.
513 234 654 274 affuerunt.
672 237 736 263 Haec
750 234 802 262 ille.
823 234 940 261 Auclum
954 234 1015 261 inde
1028 234 1060 261 ad
1075 242 1229 270 nonagenos
1244 232 1257 260 a
1272 233 1334 267 Cas?
1346 232 1480 260 Dfflatore
1494 233 1613 262 senatum
1623 254 1631 266 ,
1651 236 1678 262 &
1691 235 1747 271 post
1759 245 1854 265 necem
1868 238 1939 274 ejus,
1960 239 1975 267 εὶ

392 274 540 302 triumviris
558 273 668 309 reipubl.
685 272 873 301 constituendae
887 272 1066 309 indignissima
1079 272 1160 299 etiam
1175 270 1251 299 turba
1264 271 1396 307 repletum
1406 292 1413 303 ‚
1433 274 1460 300 3<
1474 271 1563 299 Dionis
1577 274 1605 301 δε
1618 273 1744 300 omnium
1762 281 1845 310 prope
1860 275 1973 313 loquun-

393 320 437 341 tur
451 312 571 340 historiae.
604 312 683 339 Unde
697 311 733 338 est
748 313 773 339 δε
787 310 850 338 illud
864 309 976 337 Suetonii
989 322 997 337 :
1019 310 1166 347 Augustum
1181 309 1334 337 senatorum
1349 310 1503 338 affluentem
1518 319 1665 338 numerum
1679 311 1796 339 deformi
1811 333 1818 343 ‚
1839 315 1865 341 ὅ(
1879 315 1975 344 incon-

394 352 449 379 dita
463 350 538 378 turba
557 350 568 383 (
577 357 651 377 erant
664 349 737 377 enim
753 349 829 385 super
844 347 932 380 mille,
953 351 980 377 &
995 349 1105 385 quidam
1121 347 1295 384 indigniffimi
1309 368 1316 379 ‚
1337 350 1363 376 ὃς
1376 349 1434 383 post
1448 358 1543 376 necem
1560 348 1666 376 Caelaris
1680 357 1727 385 per
1740 350 1855 387 gratiam
1870 352 1896 379 ὃς
1911 361 1975 388 prae-

393 389 482 416 mium
497 387 584 415 alleeti
594 407 602 418 ‚
623 397 690 424 quos
704 386 794 414 orcivos
809 386 903 424 vulgus
924 387 1052 421 vocabat)
1067 387 1099 414 ad
1115 387 1228 413 modum
1246 388 1272 414 &
1286 384 1455 421 splendorem
1469 387 1610 423 pristinum
1628 387 1764 424 redegisse.
1804 390 1867 416 Haec
1884 389 1917 416 de
1928 400 1977 418 nu.

394 435 473 454 mero
485 426 633 460 fi’natorum
645 446 652 457 ,
672 433 801 463 quantum
819 426 927 462 quidem
943 435 975 453 ex
993 425 1108 462 antiquis
1123 423 1278 452 authoribus
1291 423 1351 451 sciri
1365 426 1465 460 potest,
1486 435 1544 462 quae
1557 426 1650 453 omnia
1664 426 1805 463 diligenter
1819 426 1914 454 traCtat
1927 431 1977 455 Ca-

393 464 460 491 rolus
472 462 586 501 Sigontus
599 483 608 497 ‚
633 473 665 491 ex
679 473 734 501 quo
747 463 802 491 fere
814 464 846 491 ad
861 463 973 491 verbum
991 462 1045 490 hacc
1059 462 1189 499 descripti.
1230 463 1366 490 Caeterum
1379 463 1431 500 legi
1445 463 1562 491 solebant
1567 464 1696 498 finatores
1712 467 1725 491 a
1736 462 1846 502 Regibus·
1856 483 1864 493 ,
1884 466 1977 500 Confic-

393 501 471 531 lrbus.
492 506 519 530 ὅς
541 501 700 537 Cenjortbus,
722 502 778 530 aliis
797 508 889 530 tamen
906 509 984 539 atque
1001 501 1057 528 aliis
1073 500 1255 539 temporibUS,
1275 507 1304 527 ut
1321 509 1353 528 ex
1369 500 1423 533 his,
1443 511 1499 538 quae
1513 502 1584 529 dieta
1596 501 1671 533 sunt,
1692 504 1718 530 δε
1733 511 1766 529 ex
1781 501 1910 540 Diorgyfio,
1931 503 1976 531 Li-

393 539 435 567 ·rio
453 543 479 569 ὅ(
494 538 577 577 festo,
598 539 707 577 aliisque
721 539 890 568 manifestum
906 540 953 568 est.
994 540 1025 567 In
1040 540 1070 567 iis
1084 549 1148 567 vero
1161 538 1280 576 legendis
1289 540 1406 576 generos,
1425 539 1518 567 ordinis
1531 559 1538 569 ,
1558 541 1655 575 census,
1677 542 1755 567 atatis
1769 543 1795 569 ὃς
1810 541 1977 578 magistratus

392 578 480 606 habita
493 578 545 606 fuit
560 579 636 607 ratio.
657 577 763 606 Generis
777 578 905 616 quidem,
925 584 954 606 ut
969 586 1000 605 ex
1014 578 1043 605 iis
1057 577 1164 606 familiis
1176 577 1342 615 legerentur,
1363 577 1457 614 quibus
1470 577 1572 605 senatus
1585 578 1701 614 patebat.
1721 579 1808 606 Patuit
1822 587 1913 606 autem
1922 581 1977 616 pri-

394 626 473 644 mum
483 615 616 651 patriciis,
635 617 693 654 post
708 618 789 645 etiam
801 615 909 652 plebey'is.
940 618 981 643 De
995 616 1111 652 patriciis
1127 615 1229 644 nullum
1245 616 1281 643 est
1298 614 1425 647 dubium
1447 617 1480 644 de
1492 615 1616 653 plebejis,
1637 617 1743 654 quando
1760 616 1796 644 illi
1812 618 1933 653 primum
1948 619 1976 646 in

394 654 514 683 senatum
529 654 615 683 alleffl
631 656 742 688 fuerint,
765 654 839 684 valde
852 654 1000 692 discrepant
1013 655 1152 687 authores,
1172 657 1284 681 Zonaras
1299 651 1312 680 a
1327 655 1476 691 Tarquinio
1492 653 1579 682 Prisco
1591 655 1713 692 primum
1721 654 1822 682 fidium
1832 655 1907 682 fuiss'e
1914 655 1978 684 scri·

392 693 446 725 bit,
468 691 551 729 Festus
564 693 578 721 a
592 695 622 721 L.
636 695 720 732 Junio
733 694 831 725 Bruto,
852 696 878 722 δε
894 694 924 723 Ρ.
938 693 1045 721 Valerio
1060 692 1194 730 Poplicola
1207 692 1302 729 primis
1315 692 1483 720 Consulibus.
1504 694 1556 720 Eos
1571 699 1662 720 tamen
1669 700 1812 729 antequam
1820 693 1846 721 in
1854 693 1975 721 senatum

394 731 571 769 allegerentur
584 751 591 762 ,
613 731 730 766 patricios
749 731 833 759 faetos
853 731 926 759 fuiss'e
939 752 947 763 ,
975 730 1103 770 Dtoogvsius
1123 732 1142 759 l.
1158 742 1183 766 ς.
1204 737 1294 768 aperte
1316 732 1414 759 tradit:
1441 740 1472 759 ex
1486 740 1541 768 quo
1555 732 1637 759 etiam
1652 730 1786 768 colligitur
1799 732 1857 767 post
1871 741 1974 760 annum

394 780 421 797 A.
436 781 461 797 v.
475 778 502 798 e.
516 779 591 797 ccex.
614 773 641 798 ἃ
658 778 720 798 ante
734 779 834 797 annum
849 779 944 798 cccxx.
958 770 996 797 uti
1015 779 1047 798 ex
1068 769 1141 797 Livio
1155 777 1229 806 patet
1241 789 1248 801 ,
1275 767 1347 805 plebi
1367 769 1488 797 senatum
1506 770 1741 797 communicatum
1763 768 1839 796 fuisse
1858 769 1973 806 Sigonius

393 808 548 844 conjectura
567 808 661 835 duetus
676 815 751 844 putat
762 828 769 839 ‚
796 808 992 836 Decemvirum
1005 808 1191 836 Consularium
1207 815 1331 843 tempore
1345 808 1371 835 id
1385 808 1535 835 institutum
1551 807 1627 836 fuisse
1637 829 1645 840 ,
1673 816 1706 835 ex
1719 806 1814 844 quibus
1826 807 1927 844 aliquot
1942 817 1976 837 ex

391 846 470 882 plebe
483 845 604 877 fuerunt,
624 855 691 883 quos
705 847 731 873 in
746 845 866 874 senatum
881 854 992 884 propter
1007 847 1173 884 magistratus
1188 845 1266 882 ipfius
1277 845 1484 882 amplitudinem
1498 846 1593 875 ascitos
1605 846 1671 877 esse,
1691 852 1770 883 atque
1779 854 1874 872 eorum
1883 854 1977 874 exem·

391 884 438 920 plo
451 884 510 920 post
524 883 587 910 alios
599 885 682 912 etiam
697 883 856 920 adscriptos,
875 884 1021 921 praeiertim
1036 894 1100 912 vero
1113 885 1252 921 postquam
1262 882 1365 920 plebeii,
1385 884 1418 911 de
1433 884 1567 913 tribunatu
1581 884 1689 912 militari
1703 905 1711 916 ,
1732 892 1789 921 quae
1802 890 1858 911 erat
1872 883 1976 912 Consu-

392 921 456 950 latui
463 922 576 958 potestas
583 923 848 959 proxima,capiendo
855 923 1025 958 pei-vicerint.
1034 923 1143 950 Ordinis
1151 931 1181 949 ea
1188 921 1256 949 ratio
1265 921 1324 953 fuit,
1332 928 1360 950 ut
1367 931 1429 949 Cum
1439 922 1465 948 in
1471 922 1591 957 ftnatum
1600 923 1705 960 legendi
1713 921 1804 954 efflent,
1814 922 1933 949 maxime
1941 931 1978 950 ex.

393 960 506 998 equestri
521 960 629 992 ordine,
650 961 696 997 qui
709 961 848 996 proximus
869 960 1000 997 dignitate
1014 968 1083 991 erat,
1105 960 1252 997 legeretur,
1273 960 1345 996 quod
1360 960 1474 988 ostendit
1489 961 1578 987 Lwius
1590 960 1634 988 ltb.
1648 969 1673 986 z.
1687 960 1728 993 ἐς·
1742 969 1788 996 43.
1804 962 1830 989 &
1844 959 1896 987 alii.

434 997 552 1026 Censum
574 1005 664 1026 autem
678 999 704 1026 in
718 998 833 1036 legendo
846 998 937 1025 senatu
951 997 1101 1033 spedhrnnn
1114 1018 1123 1029 ,
1151 997 1265 1025 declarat
1278 1001 1369 1024 Seneca
1388 997 1536 1032 [declamat.
1548 998 1591 1026 lib.
1601 999 1642 1034 2.]
1658 998 1778 1036 inquiens
1792 1008 1796 1024 :
1825 1000 1976 1026 Senatorum

393 1037 509 1073 gradum
525 1036 617 1063 census
630 1036 769 1064 ascendere
784 1036 855 1063 facit.
875 1037 918 1062 An
931 1044 996 1062 vero
1010 1035 1062 1062 hoe
1078 1036 1217 1072 antiquum
1233 1034 1485 1067 fueritinstitutum,
1505 1037 1651 1064 indubium
1661 1045 1785 1064 revocare
1794 1036 1897 1064 videtur
1907 1036 1976 1064 le.

391 1073 435 1101 ltb.
450 1083 490 1110 14.
497 1074 603 1111 prologo.
615 1083 677 1101 cum
693 1075 742 1101 ait:
763 1074 875 1101 Posteris
888 1073 980 1101 laxitas
993 1074 1101 1105 mundi,
1122 1075 1148 1101 ἃ
1164 1081 1255 1100 rerum
1270 1073 1419 1108 amplitudo
1433 1073 1534 1101 damno
1549 1073 1614 1106 fuit,
1634 1075 1774 1111 postquam
1781 1075 1885 1109 ftnator
1897 1073 1979 1102 censu

392 1111 446 1149 legi
460 1119 579 1148 coeptuS,
599 1111 699 1148 pessum
716 1113 769 1139 iere
784 1113 844 1139 vitae
859 1112 957 1148 pretia,
979 1113 1031 1141 δῖε.
1052 1112 1188 1140 Laudatur
1199 1110 1554 1146 autemcenficsinsenatore‚
1574 1111 1978 1149 nesplendoramplissrmiordi-

392 1152 434 1178 nis
446 1150 484 1178 rei
498 1150 636 1177 familiaris
649 1150 771 1186 angustiis
784 1149 948 1178 obscuretur.
982 1150 1117 1178 Caeterum
1132 1157 1194 1177 ante
1207 1149 1355 1186 Augustum
1367 1170 1373 1180 ‚
1393 1149 1658 1184 censumfinatorium
1672 1150 1820 1177 sestertium
1835 1152 1900 1178 800.
1913 1149 1977 1177 mil-

390 1188 425 1215 lia
440 1188 527 1216 fuiffe:
549 1197 665 1224 eumque
678 1188 710 1215 ab
725 1189 844 1225 Augusto
858 1187 1017 1225 ampliatum
1031 1188 1130 1215 docent
1143 1186 1277 1214 Suetonius
1290 1189 1317 1216 &
1329 1187 1389 1214 Dio.
1409 1189 1506 1225 Neque
1518 1188 1605 1216 solum
1616 1209 1622 1220 ‚
1631 1188 1650 1215 fi
1663 1189 1722 1225 quis
1737 1187 1899 1215 senatorium
1913 1197 1974 1216 cen.

392 1226 452 1253 sum
467 1236 522 1253 non
534 1226 658 1265 haberet,
671 1227 775 1260 finator
787 1227 839 1265 legi
855 1236 910 1254 non
924 1233 1040 1262 poterat:
1063 1225 1107 1253 sed
1123 1225 1141 1253 fi
1154 1224 1418 1263 posteaquamlee'tus
1426 1227 1504 1259 estet,
1523 1225 1829 1257 cen'sumlabefa&asset‚
1850 1226 1976 1254 ordinem

393 1263 542 1292 amittebat.
564 1267 618 1290 (ἐκ.
634 1265 707 1300 epist.
719 1265 752 1292 ad
768 1265 967 1301 QValerium.

434 1302 507 1338 Qun
522 1303 603 1329 etiam
617 1309 718 1329 atatem
733 1303 760 1330 in
773 1303 888 1340 legendo
894 1303 1011 1336 senatore
1025 1308 1128 1330 certam
1139 1301 1190 1329 effe
1204 1300 1370 1329 observatam
1381 1321 1388 1333 ,
1408 1311 1441 1331 ex
1455 1311 1487 1329 eo
1500 1300 1623 1340 suspicari
1637 1300 1787 1338 postumus,
1807 1300 1878 1338 quod
1886 1299 1975 1330 scribit

391 1340 510 1376 Agellms
526 1339 590 1375 [lib.
609 1349 650 1374 ¹4·
662 1349 712 1374 cap.
723 1340 768 1376 8.]
792 1341 950 1369 Praefectum
965 1339 1045 1367 Urbis
1057 1349 1087 1367 ea
1098 1346 1174 1367 aetate
1188 1338 1304 1371 ῐαέὶιπη,
1325 1348 1383 1376 quae
1395 1349 1452 1368 non
1465 1340 1527 1368 effet
1537 1339 1683 1375 firmatoria,
1705 1343 1731 1368 ἃ
1747 1350 1779 1368 ex
1794 1343 1846 1366 th.
1859 1340 1974 1367 oration.

391 1387 441 1415 pro
455 1377 514 1415 lege
530 1377 640 1406 Manilia
655 1379 688 1406 de
702 1380 843 1415 Pompejo.
864 1380 931 1416 Qae
946 1386 1038 1406 tamen
1050 1377 1104 1405 haec
1118 1384 1179 1404 aetas
1192 1377 1269 1408 esset,
1291 1377 1404 1405 dubium
1418 1379 1531 1407 videtur.
1549 1377 1663 1416 Sigonius
1684 1377 1762 1412 [libro
1776 1387 1802 1404 z.
1826 1378 1857 1404 cle
1870 1379 1977 1416 antiquo

384 1418 445 1451 jure
465 1426 558 1443 clwum
579 1420 751 1443 Romanorum
772 1426 823 1452 cap.
836 1425 859 1443 2.
880 1421 931 1444 Cre.
945 1415 988 1443 hb.
1004 1425 1027 1452 3.
1045 1416 1077 1442 ole
1097 1414 1223 1452 Legibus]
1244 1424 1276 1442 ex
1300 1415 1396 1443 Valerio
1415 1421 1533 1444 Maxtmo
1555 1419 1582 1445 &
1603 1416 1717 1444 Cicerone
1736 1415 1848 1452 Philipp.
1862 1415 1977 1451 probat,

384 1454 544 1488 „senatoriam
569 1463 654 1491 prope
679 1455 792 1483 eandem
820 1454 894 1482 fuiffe
913 1463 977 1481 cum
998 1452 1135 1492 quaestoria.
1174 1452 1303 1490 Qaestum
1326 1461 1417 1482 autem
1436 1455 1571 1490 capiundae
1589 1464 1669 1481 annus
1690 1453 1740 1482 fuit
1760 1455 1918 1485 vicerimus,
1946 1460 1979 1482 ut

393 1493 450 1528 post
464 1493 698 1520 demonstrabitur.
739 1494 886 1522 Rationem
899 1492 977 1528 hujus
991 1495 1041 1520 iuae
1051 1490 1187 1519 sententiae
1199 1495 1282 1527 Stgon.
1296 1491 1373 1519 affert
1387 1493 1467 1520 etiam
1481 1491 1549 1519 hanc
1562 1513 1571 1524 ‚
1591 1493 1664 1529 quod
1677 1491 1715 1519 illi
1729 1492 1847 1519 maxime
1860 1492 1887 1518 in
1900 1490 1972 1520 sena.

393 1537 453 1557 tum
475 1530 526 1566 legi
541 1530 741 1561 consueverint,
763 1533 808 1568 qui
822 1531 988 1568 magistratus
1001 1529 1152 1564 coepissent:
1171 1527 1328 1566 Qcaestumm
1343 1538 1407 1557 vero
1420 1530 1541 1567 primum
1554 1529 1688 1558 urbanum
1702 1529 1777 1557 fuisse
1790 1529 1976 1566 magistratum

393 1575 468 1595 extra
481 1567 688 1596 controverfiam
704 1569 750 1596 est.
790 1569 862 1597 Hinc
877 1570 958 1596 etiam
973 1567 1085 1605 intelligi
1099 1567 1200 1604 potest,
1213 1571 1356 1600 Jmatorem
1370 1567 1423 1604 legi
1438 1577 1469 1595 ex
1482 1568 1590 1599 ordine,
1611 1568 1657 1595 nili
1672 1568 1717 1604 qui
1725 1567 1908 1603 magistratum
1916 1567 1975 1604 ges-

397 1606 463 1633 fiss'et
473 1626 481 1637 ,
502 1615 557 1633 non
572 1604 647 1632 fuiss'e
659 1605 775 1634 lolitum.
816 1608 907 1644 Qare
921 1614 1099 1643 congruenter
1110 1606 1193 1632 Cicero
1208 1603 1291 1633 sanxit
1303 1606 1329 1631 in
1344 1605 1446 1643 legibus
1459 1605 1507 1632 suis
1521 1625 1529 1636 ‚
1549 1605 1563 1632 ἐ
1578 1605 1773 1642 magistratibus
1786 1604 1907 1632 senatum
1922 1605 1975 1632 effe

394 1651 529 1679 oportere.
552 1643 649 1671 Probat
664 1645 737 1671 idem
752 1646 779 1672 in
793 1646 915 1672 oratione
927 1646 985 1681 post
999 1644 1117 1671 reditum
1132 1644 1159 1670 in
1174 1641 1271 1670 senatu.
1291 1643 1334 1669 Est
1344 1650 1435 1671 tamen
1444 1643 1506 1670 illud
1514 1643 1799 1674 animadvertendum,
1820 1651 1973 1680 quanquam

393 1682 447 1709 baec
462 1683 555 1709 omnia
570 1683 597 1709 in
611 1682 701 1719 aliquo
714 1683 876 1711 constarent:
898 1692 953 1710 non
967 1690 1060 1710 tamen
1073 1682 1175 1708 idcirco
1189 1680 1332 1707 necessario
1336 1681 1479 1714 ftnatorem
1494 1690 1557 1709 eum
1570 1680 1655 1709 fuisse.
1694 1683 1769 1717 Opus
1782 1681 1855 1708 enim
1872 1681 1924 1709 fuit
1938 1681 1974 1708 le-

393 1720 483 1748 &ione
497 1721 598 1755 censoris
611 1742 617 1751 ‚
644 1719 725 1758 usque
738 1722 805 1749 adeo
816 1741 825 1753 ,
852 1728 882 1749 ut
896 1730 930 1749 ne
943 1722 988 1758 qui
1003 1719 1170 1756 magistratus
1184 1719 1294 1756 quidem
1308 1720 1440 1755 geffiss‘ent
1451 1740 1459 1752 ‚
1486 1719 1532 1747 nisi
1546 1720 1560 1747 a
1581 1718 1730 1747 censoribus
1743 1718 1805 1746 teeti
1818 1718 1900 1746 essent
1912 1739 1920 1751 ‚
1930 1720 1975 1754 st'·

392 1766 494 1785 nator-es
513 1759 565 1786 else
582 1759 694 1794 poss'ent.
723 1757 834 1787 Valerius
853 1763 931 1786 Μακ.
961 1760 1058 1796 Neque
1077 1767 1142 1785 vero
1162 1757 1268 1795 legendi
1287 1756 1373 1784 solum
1391 1757 1519 1786 senatoris
1537 1756 1673 1785 arbitrium
1686 1757 1737 1784 fuit
1749 1756 1882 1791 censorium
1895 1776 1902 1788 ,
1927 1757 1974 1786 led

394 1797 476 1824 etiam
491 1798 667 1833 praetereundi
682 1799 707 1825 &
721 1797 865 1828 movendi,
886 1798 974 1826 itaut,
994 1805 1077 1834 quem
1092 1794 1558 1827 inrecitandosenatunominaffent‚
1579 1796 1600 1822 is
1609 1795 1691 1822 leotus
1699 1793 1870 1827 insenatum,
1890 1803 1973 1832 quem

392 1835 574 1870 praetertiflent
583 1857 589 1868 ‚
610 1836 683 1863 idem
696 1834 786 1863 senatu
802 1842 891 1864 motus
904 1842 1050 1871 putaretur.
1074 1836 1162 1870 Atque
1177 1833 1231 1861 haec
1244 1833 1351 1869 legendi
1364 1833 1464 1862 senatus
1478 1833 1609 1861 ordinaria
1623 1833 1674 1861 fuit
1687 1833 1770 1864 ratio,
1790 1840 1819 1860 ut
1834 1836 1860 1861 &
1876 1834 1972 1868 ace-nst,-

392 1872 473 1905 ribus,
497 1875 522 1901 ἃ
537 1883 585 1906 eo,
607 1882 661 1910 quo
674 1873 779 1900 diffltum
791 1874 842 1905 est,
863 1874 949 1900 modo
964 1872 1103 1910 legeretur.
1131 1874 1205 1905 Appn
1221 1871 1324 1898 Claudii
1339 1873 1410 1899 Caeci
1422 1871 1535 1899 censoris
1548 1871 1595 1909 qui
1607 1870 1794 1899 libertinorum
1809 1871 1878 1898 filios
1892 1871 1972 1908 legit,

394 1913 421 1939 &c
436 1910 509 1938 Fabii
523 1913 644 1939 Buteonis
658 1912 804 1939 Dictatoris
815 1911 918 1939 senatus
932 1911 1039 1948 legendi
1053 1909 1126 1938 causa
1139 1910 1217 1941 aucti,
1239 1908 1365 1937 lectiones
1374 1910 1481 1938 fuerunt
1489 1909 1716 1940 extraordinariae,
1738 1909 1973 1943 iicuti&Gracchi,

390 1956 470 1986 atque
484 1949 573 1988 Drusi,
594 1949 765 1978 tribunorum
778 1949 849 1987 pleb.
861 1949 933 1976 Sulla
949 1949 1108 1981 Dietatoris,
1128 1951 1151 1974 C
1151 1948 1228 1984 afim
1241 1947 1395 1981 Dia‘iatoris,
1416 1947 1590 1977 triumvirum
1603 1947 1715 1985 reipubl.
1729 1948 1931 1980 constituendae,
1946 1950 1974 1977 ὃς

393 1988 502 2024 Augusti
517 1988 633 2017 Caesaris.

430 2025 524 2064 hstgne
530 2027 679 2061 finntorum
694 2026 746 2055 fuit
760 2027 849 2055 tunica
861 2025 906 2055 lati
920 2025 1004 2059 clavi,
1026 2035 1077 2064 qua
1092 2025 1125 2055 ab
1139 2025 1270 2064 equitibus
1283 2025 1343 2054 sunt
1358 2024 1475 2062 separati.
1502 2023 1617 2057 Plinius,
1638 2024 1693 2060 [lib.
1706 2034 1750 2062 33.
1761 2033 1812 2060 cap.
1825 2025 1863 2061 2.]
1877 2027 1970 2054 Sueto-

394 2062 465 2095 nius,
485 2075 512 2091 m
529 2064 638 2102 August.
653 2066 688 2100 &⁸
703 2064 808 2094 Ttberio.
830 2066 949 2103 Qaestus
963 2067 1053 2093 omnis
1068 2067 1094 2093 in
1110 2064 1230 2094 senatore
1245 2065 1386 2092 indecorus
1400 2064 1464 2096 suit,
1483 2064 1547 2091 teste
1559 2065 1618 2101 lege
1630 2063 1768 2101 chdii
1783 2063 1845 2092 trib.
1858 2064 1927 2101 pleb.
1937 2065 1972 2093 de

394 2110 445 2137 qua
458 2102 561 2135 Livius,
581 2104 624 2132 ltb.
633 2115 675 2132 21.
690 2106 717 2133 &
731 2104 814 2132 Cicero
826 2115 852 2141 7.
862 2102 974 2132 Verrina.
994 2105 1118 2142 Denique
1131 2105 1158 2131 in
1171 2104 1291 2141 petendis
1304 2102 1450 2130 honoribus
1462 2101 1570 2130 fuerunt
1582 2103 1722 2139 occupati,
1742 2102 1812 2129 unde
1829 2102 1914 2131 multa
1927 2113 1970 2131 or-

395 2147 520 2177 namenta
527 2141 603 2169 domi
613 2142 728 2181 forisque
735 2149 911 2179 pepererunt,
926 2136 1010 2170 ciceia
1017 2151 1067 2179 pro
1076 2142 1217 2174 Cluentio,
1233 2144 1315 2178 &pro
1324 2140 1477 2167 Posthumo.
1500 2142 1595 2169 Finem
1603 2142 1684 2177 capiti
1698 2142 1854 2178 imponam,
1868 2141 1886 2169 fi
1893 2142 1966 2178 prius

394 2175 490 2204 dixero
503 2197 510 2208 ‚
536 2181 579 2215 qui
588 2181 691 2213 patricis
703 2191 831 2209 mmorum
845 2202 852 2213 ‚
879 2181 924 2218 qui
939 2183 1063 2216 majorum
1076 2182 1200 2218 gentium
1215 2201 1222 2212 ‚
1249 2180 1347 2217 quique
1354 2187 1441 2213 patres
1453 2179 1579 2214 conseripti
1592 2180 1700 2209 fuerunt
1713 2190 1719 2206 ι
1745 2179 1803 2216 quis
1810 2179 1919 2214 princeps
1926 2179 1969 2212 ft-

394 2222 484 2245 natus,
506 2217 531 2242 ἃ
544 2219 588 2252 qui
597 2218 696 2251 pedarii
701 2221 839 2254 senatores.
859 2220 986 2247 Patricius
1004 2220 1141 2256 majorum
1155 2219 1277 2256 gentium
1290 2218 1376 2246 dictos
1389 2217 1462 2245 fuiffe
1475 2218 1603 2246 ducentos
1617 2217 1675 2246 illos
1689 2217 1821 2246 senatores
1836 2218 1849 2245 ὲ
1863 2219 1968 2244 Romu-

393 2252 421 2279 lo
434 2252 553 2288 primum
568 2254 660 2288 lectos,
682 2267 831 2295 eorumque
844 2259 1003 2295 progeniem
1013 2280 1020 2290 ,
1040 2258 1152 2287 dubium
1167 2267 1222 2285 non
1229 2258 1273 2285 est.
1296 2258 1348 2284 Eos
1357 2265 1437 2287 vero,
1459 2257 1673 2296 quiaTarqmnto
1681 2257 1776 2290 Prtsco,
1797 2266 1821 2283 v.
1829 2257 1967 2282 Romano-

393 2299 457 2329 rum
471 2292 558 2330 Rege,
581 2294 736 2331 excplebejis
748 2297 777 2323 in
793 2298 969 2332 patriciorum
984 2298 1104 2333 primum
1118 2297 1243 2324 ordinem
1257 2295 1343 2323 anesii
1353 2315 1361 2326 ‚
1383 2294 1586 2329 deindepatrum
1594 2304 1708 2323 numero
1715 2293 1836 2329 adscripti
1843 2291 1966 2324 fuerunt,

390 2336 504 2361 Pss¹⁷s¹c¹os
518 2339 769 2367 mmorumgennum
782 2334 926 2372 appellatos
935 2356 943 2367 ‚
964 2337 1035 2364 testis
1049 2336 1085 2363 est
1099 2335 1158 2362 [ΛΤ.
1172 2335 1190 2361 l.
1206 2344 1228 2362 1.
1254 2333 1372 2362 Allectos
1384 2341 1476 2362 autem
1491 2335 1519 2361 in
1532 2334 1652 2362 senatum
1667 2333 1682 2361 ὲ
1694 2338 1725 2360 L.
1737 2335 1811 2364 Jumo
1824 2333 1918 2362 Bruto,
1937 2332 1965 2359 &

395 2370 426 2394 Ρ.
442 2366 535 2395 Valerio
552 2367 668 2401 Popltcola
683 2372 776 2405 primis
790 2373 948 2402 Consulibus
962 2375 1020 2411 post
1033 2373 1121 2412 pullos
1142 2373 1215 2401 Urbe
1232 2374 1320 2410 Reges
1332 2392 1340 2404 ‚
1362 2380 1448 2407 patres
1461 2372 1598 2407 conscriptos
1611 2371 1740 2401 vocitatos
1753 2389 1760 2401 ,
1786 2368 1874 2396 Livius
1887 2367 1930 2396 lib.
1939 2379 1968 2436 ἐξ
