2075 2734
348 96 422 129 4884
798 89 1140 120 PauLJM

363 140 539 166 consuevissent.
560 138 622 172 Ergb
635 138 749 164 senatores
760 140 869 170 Spartano
883 142 952 160 more
961 152 967 162 ‚
984 132 1039 158 cum
1052 141 1076 157 ea
1089 139 1140 156 ver-

365 171 392 197 b}
407 173 497 197 Consul
511 171 692 204 pronuntiasset,
710 172 734 194 ὃς
753 171 777 193 in
797 170 929 193 alterutram
948 174 1036 198 partem
1050 167 1141 198 primus

366 204 528 229 disceffionem
541 204 626 228 fecisset
639 220 646 230 ‚
669 202 709 234 ipsi
724 201 809 225 deinde
820 217 827 228 ‚
852 208 922 232 quam
937 198 1037 230 quisque
1051 204 1140 229 partem

367 236 493 268 probabat,
509 237 532 260 in
552 244 603 260 eam
614 234 747 257 transibant:
766 233 851 256 deinde
864 231 1057 256 numerabantur,
1073 230 1097 253 ὅ(
1111 235 1140 251 ex

367 275 469 292 numero
483 269 589 291 voluntas
600 265 688 289 serratus
701 264 827 296 apparebat.
846 263 861 286 st
874 262 1046 294 frequentiores
1053 260 1142 283 senato-

369 307 404 323 res
417 299 554 323 sententiam
569 307 580 321 a
594 297 699 320 Consule
712 297 886 326 pronuntiatam
895 292 1082 324 comprobassent
1093 308 1099 318 ,
1116 292 1141 314 in
1156 291 1158 312 ἶ

367 339 420 354 cam
435 330 656 354 senatusconsultum
669 327 807 351 scribebatur
820 335 825 347 -’
843 326 875 349 sin
890 325 982 352 minus,
999 331 1035 347 aut
1049 323 1142 358 aluicie-

369 361 434 385 batur
453 359 556 385 omnino
574 369 623 388 res,
640 367 677 383 aut
697 361 720 383 in
734 359 796 383 aliud
809 365 902 389 tempus
915 356 1066 383 rejiciebatur.
1085 354 1142 386 slepe

368 394 435 417 eninr
448 393 546 419 accidit,
565 399 602 419 ut,
620 392 686 423 quod
699 391 818 422 frequenti
830 390 908 413 senatu
915 389 1026 417 rejeEtum
1033 387 1145 410 fueratat-

369 432 417 456 que
436 424 610 455 improbatum,
630 424 653 446 id
672 423 795 452 interjesto
814 428 921 452 tempore
933 420 1064 451 susceptum
1077 425 1143 441 com—

369 456 513 488 probaretur.
532 453 651 479 interdum
659 456 729 478 etiam
738 471 744 481 ‚
754 461 803 477 non
817 453 903 484 rogatis
911 470 917 480 ,
935 459 1012 483 neque
1018 451 1088 474 distis
1095 449 1145 473 sen-

370 488 450 511 tentiis
464 505 470 515 ,
493 485 661 511 tantummodo
681 493 720 518 per
739 485 902 509 disceslionem
921 482 1144 507 senatusconsultum

371 519 454 546 siebat3
474 526 572 550 tumque
591 518 707 542 senatores
717 517 806 550 pedibus
819 519 879 547 serre
894 517 1022 544 sententiam
1039 513 1144 538 diceban-

371 558 416 574 tur.
434 551 514 582 quod,
533 557 557 573 ut
574 551 674 582 opinor,
692 557 720 572 eo
734 555 841 580 tempore
854 548 904 571 fieri
919 547 1014 570 solitum
1027 546 1072 571 est,
1089 552 1145 568 curn

371 583 401 606 de
416 585 478 614 parvi
492 582 603 614 ponderis
615 582 714 612 negotio
727 587 845 612 ageretur:
862 579 967 603 nimium
980 579 1146 607 enimtempo-

372 615 404 638 iis
423 615 447 637 r'n
461 622 484 637 re
499 615 588 637 leviore
601 613 773 637 conterendum
787 620 836 635 non
850 610 965 643 putabant.
985 611 1008 633 ὃ(
1022 608 1146 640 appellaba-

372 654 409 670 tur
423 647 632 677 seiratufionsullum
647 652 685 676 per
702 644 836 674 disceffionem
848 644 946 673 staffilum.
972 640 1031 664 illud
1049 648 1125 663 autem
1141 656 1147 666 ‚

372 677 439 709 quod
453 677 521 701 fiebat
535 677 618 700 auditis
631 676 798 707 disputatisque
811 674 942 698 senatorum
958 673 1090 698 sententiis,
1107 671 1147 694 etsi

373 710 399 732 ὃ(
419 707 496 740 ipsum
515 708 650 732 discessione
669 707 801 732 senatorum
821 705 903 732 fiebat,
921 712 999 728 tamen
1013 699 1148 735 simpliciter

373 739 597 765 senatusconsultum
610 740 736 764 dicebatur.
755 737 821 770 quod
836 738 925 761 utinam
933 738 1053 762 Varronis,
1070 735 1146 759 Tube·

374 774 455 799 mnis,
474 772 603 799 Labeonis,
621 771 759 803 Capitonis,
777 770 852 797 Galli,
870 769 966 796 Felicis,
984 768 1038 792 Basli
1052 783 1059 794 ,
1077 768 1149 791 Nico-

375 804 437 828 ssrati
455 803 529 828 libros
541 803 689 829 haberemus,
707 808 809 834 paterent
823 802 895 824 multa
905 818 911 827 ,
927 808 977 832 qux
990 807 1052 824 nunc
1066 807 1093 822 ex
1108 798 1148 822 ob-

375 835 437 859 scura
446 853 451 862 ,
469 838 581 867 tenuique
590 835 672 859 umbra
685 838 724 858 vix
736 833 910 865 cognoscimus.
928 832 982 856 Bassi
995 832 1093 863 quidem
1101 838 1149 854 vet-

375 867 403 890 ba
424 869 515 891 Gellius
533 871 617 891 ΙΙΙ-18.
634 867 726 893 recitat,
743 872 794 896 quac
813 865 852 892 id,
869 871 918 896 quo
932 864 960 887 de
974 871 1036 887 nunc
1045 864 1149 894 agimus,

380 897 432 922 satis
446 897 522 930 aperte
535 899 656 922 declarant.
675 896 782 923 Pedibus,
799 897 893 928 inquit,
906 897 1011 925 senatores
1024 903 1093 917 omncs
1103 896 1149 923 [ιη-

376 937 470 953 renuam
478 930 577 960 ferebant
586 947 591 957 ,
610 929 875 960 ciamftnatuftonfioltum
886 935 924 959 per
937 925 1150 956 drfieffionemfiebar.

376 968 432 985 cum
446 961 531 986 scilicet
544 961 662 993 exquisita:
675 961 820 991 singulorum
834 958 952 982 sententis
960 965 1007 981 non
1016 954 1152 986 essent.qu'o

379 993 465 1024 spectu
481 995 505 1016 δε
519 993 579 1017 illud
592 993 716 1016 Ciceronis
729 992 869 1014 orationein
877 990 1010 1013 Antonium
1018 991 1056 1011 ul.
1065 996 1086 1013 9.
1096 987 1150 1011 cum

379 1026 424 1048 ait:
444 1025 541 1055 Effugere
553 1025 670 1055 festinans,
682 1023 893 1053 senatusconsultum
912 1022 936 1043 de
949 1021 1105 1051 supplnatione
1116 1026 1151 1048 per

379 1057 514 1085 disteſjronem
525 1057 589 1086 fecit.
614 1054 700 1087 quibus
718 1053 794 1077 verbis
812 1051 928 1082 adscripsit
946 1052 999 1077 illa,
1020 1054 1071 1073 (um
1087 1051 1150 1078 idfa·

379 1088 440 1111 dium
453 1088 500 1116 effer
513 1085 578 1110 amea'
586 1095 712 1118 nunquam:
728 1085 760 1108 ob
773 1092 823 1108 eam
836 1084 924 1108 (ausam
934 1099 940 1109 ,
954 1083 1009 1114 quia
1016 1082 1090 1106 moris
1097 1087 1152 1106 erat,

380 1126 404 1143 ut
413 1120 437 1142 in
446 1118 614 1149 supplicatione
622 1117 764 1142 decernenda
773 1115 890 1140 sententiae
899 1121 1032 1145 rogarentur
1040 1112 1153 1146 {sponsu-

381 1151 412 1175 le,
430 1151 495 1182 quod
514 1159 542 1175 ex
561 1150 657 1181 epistola
670 1152 705 1173 M.
719 1149 794 1171 Coelii
807 1150 872 1172 Fam.
884 1155 910 1171 vt
921 1155 956 1170 ti.
966 1152 987 1169 8.
1007 1145 1153 1177 perspicuum

381 1183 422 1206 est.
452 1183 576 1206 Suetonius
586 1183 657 1205 etiam
670 1180 699 1204 de
714 1180 813 1204 Tiberio
825 1187 845 1203 e.
856 1187 925 1205 3t.n.
934 1186 956 1204 4-
971 1177 1012 1201 stc:
1032 1177 1083 1200 (ism
1092 1178 1151 1206 senar

381 1215 538 1245 taestonsisltum
556 1222 593 1245 per
612 1213 745 1243 disceffionem
755 1211 881 1242 sbrie-fieret
890 1227 896 1238 ‚
914 1211 1059 1238 transeuntem
1072 1216 1121 1230 eum
1133 1216 1154 1230 m

382 1248 474 1269 alteram
485 1253 571 1278 partem
580 1262 586 1272 ⁷
604 1253 676 1276 inqua
687 1251 799 1275 pauciores
811 1249 886 1268 erant,
898 1243 986 1271 serulus
993 1241 1019 1270 est
1026 1248 1097 1262 nemo:
1119 1239 1152 1262 di·

383 1278 417 1302 xit
426 1295 432 1304 ,
448 1277 624 1308 perdisceffionem
633 1293 639 1303 ,
657 1282 681 1298 ut
689 1274 839 1305 distingueret
849 1272 861 1296 ὲ
869 1271 1065 1297 senatusconsulto
1076 1270 1155 1302 ‚quod

383 1308 504 1340 exquisitis
522 1308 667 1339 singulorum
686 1305 805 1330 sententiis
817 1304 897 1329 fiebat:
915 1304 995 1336 quod,
1013 1310 1038 1326 ut
1050 1303 1156 1326 diximus

384 1342 443 1371 ianr,
460 1339 682 1364 senatusconsultum
702 1338 773 1362 unico
792 1336 865 1361 verbo
883 1336 1014 1362 dicebatur,
1030 1342 1100 1367 quam
1120 1335 1154 1357 lo-

385 1372 474 1404 quendi
488 1371 616 1396 formulam
630 1378 678 1394 non
690 1370 782 1393 videtur
794 1369 885 1393 Gellius
898 1366 1027 1400 agnovisse,
1044 1367 1086 1397 qui
1094 1365 1156 1389 libro

385 1412 532 1436 xtv.cap.7.
552 1410 614 1434 putat
632 1402 786 1426 Tuberonem
805 1400 818 1424 {t
834 1403 935 1424 Varrone
954 1398 1085 1425 dissentire,
1103 1400 1157 1429 quia

385 1436 471 1460 scilicet
487 1439 555 1458 Varro
576 1436 663 1458 dixerat
677 1435 700 1457 in
713 1433 809 1464 epistola
821 1432 848 1455 ad
863 1432 1013 1463 Oppianum,
1025 1431 1148 1460 senatuston

380 1470 469 1497 staelmm
481 1467 560 1489 ,luvam
577 1467 643 1489 morin
652 1465 715 1495 fieri,
733 1471 773 1487 itur
783 1471 820 1496 per
838 1464 973 1493 disi-effrontem
984 1479 990 1488 ,
1005 1468 1021 1490 l¹
1034 1463 1155 1491 consentire—

387 1507 422 1522 tut
434 1510 441 1522 :
459 1514 463 1521 i
474 1505 512 1524 ur,
527 1500 544 1529 fi
555 1507 586 1520 ies
595 1497 661 1519 Aulia
668 1499 731 1528 esser,
747 1494 1052 1526 perfingulorumsentenfian
1066 1492 1155 1522 exquisi—

387 1538 434 1553 tas:
452 1533 466 1553 ‘l
475 1530 547 1552 ubero
566 1535 658 1554 autern,
673 1526 975 1555 nullumsenarufionfialtum
989 1524 1039 1552 fieri
1053 1526 1108 1554 ροβε
1121 1531 1158 1544 non

387 1563 499 1591 difieffione
513 1560 590 1590 sassa,
607 1560 662 1591 quia
681 1560 702 1581 iu
721 1557 817 1580 ominbus
831 1557 1033 1586 senatufionjulas,
1051 1560 1118 1576 ettam
1137 1555 1158 1575 in

388 1595 415 1617 iis
424 1609 430 1619 ,
447 1601 492 1624 qua
503 1598 541 1622 per
550 1593 674 1614 relationem
682 1590 773 1619 fierent,
788 1588 873 1617 discessio
883 1585 1061 1616 effltneceffizria,
1078 1585 1102 1607 in
1110 1592 1159 1615 quo

389 1631 471 1648 neuter
489 1623 600 1647 aberravit
619 1621 632 1645 a
643 1628 712 1645 veto:
730 1626 820 1651 neque,
837 1625 863 1641 ut
875 1625 938 1649 putat
948 1617 1053 1643 Gellius,
1070 1615 1158 1639 senten-

389 1657 426 1680 tiz
439 1655 547 1678 Varronis
560 1659 670 1684 repugnat
682 1652 722 1678 id,
738 1650 804 1683 quod
815 1649 900 1681 scripsit
913 1647 1020 1672 Tubero:
1038 1649 1160 1671 nonenim

391 1687 451 1711 dixit
465 1690 551 1712 Varro,
569 1687 611 1709 alia
626 1682 818 1708 senatusconsulta
830 1689 870 1713 pet
881 1679 1042 1704 disceffionem
1056 1678 1102 1702 fine
1113 1679 1159 1702 sen-

390 1719 472 1743 tentiis
491 1718 541 1742 fieri
555 1717 635 1743 solita,
653 1716 695 1739 alia
710 1722 749 1746 per
763 1713 885 1737 sententias
897 1713 944 1737 fine
956 1710 1106 1738 discessione,
1123 1710 1161 1734 sed

388 1751 436 1776 boc
456 1750 603 1781 significavit,
623 1748 663 1771 alia
674 1755 713 1779 pet
726 1744 887 1770 discessionem
897 1744 995 1776 quidem
1009 1742 1098 1766 oniislis
1113 1741 1160 1766 sen-

390 1783 484 1808 tentiis,
503 1782 544 1805 alia
565 1778 620 1804 verb
638 1779 757 1802 sententiis
770 1776 890 1807 exquisitis
904 1784 942 1808 per
957 1774 1116 1798 discessionem
1131 1781 1161 1796 ta—

391 1822 448 1839 men
467 1813 530 1837 faeta.
544 1813 567 1836 δι
580 1810 634 1835 citm
644 1811 703 1834 dixit
715 1810 889 1840 perjsngulorum
898 1812 1013 1837 sententias
1027 1807 1143 1837 exquisitas
1155 1821 1160 1830 ‚

390 1844 447 1870 ideo
461 1852 509 1868 non
523 1844 612 1868 addidit
627 1850 665 1873 fer
677 1841 853 1865 discessionem,
871 1841 927 1870 quia,
940 1839 1022 1861 nultum
1030 1838 1161 1866 setraiufton-

385 1879 473 1908 fidium
482 1877 527 1907 fine
539 1876 650 1905 dssceffione
658 1874 707 1905 sim
717 1873 770 1906 poffe
779 1870 926 1895 notissimum
940 1875 996 1893 erat:
1016 1869 1094 1898 itaque
1101 1868 1161 1890 omi-

391 1909 418 1934 fit
431 1916 455 1933 ut
466 1908 655 1939 supervacaneum
664 1922 669 1932 ,
688 1906 711 1929 ὃς
725 1903 850 1927 obscurum
863 1902 963 1926 nemini.
982 1900 1023 1923 nis:
1032 1900 1047 1923 st
1056 1900 1108 1931 quis
1116 1901 1163 1922 Ro>

393 1947 514 1965 manarum
533 1946 611 1963 rerum
633 1935 699 1969 plane
718 1935 781 1959 rudis
799 1933 861 1959 esset.
885 1934 950 1956 Facta
961 1933 1084 1961 dtfiesJone,
1103 1930 1163 1953 sena>

392 1971 562 1996 tusconsultum
576 1969 725 1993 scribebatur,
744 1965 900 1990 &scribendo
914 1964 1003 1988 aderant
1017 1971 1066 1986 non
1080 1969 1164 1986 omnes

394 2003 475 2036 plane,
493 2004 536 2034 qui
555 2002 693 2026 sententiam
711 1997 899 2023 senatusconsulti
913 1996 1077 2027 probaverant,
1096 1994 1133 2017 scd
1149 1995 1165 2018 ir

394 2036 540 2066 potissimum
550 2052 555 2061 ⁷
574 2034 615 2066 qui
636 2038 713 2064 prater
731 2037 824 2054 exteros
838 2031 867 2052 ita
881 2028 974 2052 decerni
987 2027 1164 2057 concupierant:

395 2068 437 2098 qui
446 2065 631 2090 senatusconsulti
643 2064 792 2087 authoritates
804 2061 952 2085 dicebantur:
970 2065 1073 2082 nontam
1082 2074 1087 2084 2
1099 2056 1163 2088 quod

394 2099 413 2122 ii
429 2096 531 2122 maxime
550 2097 657 2120 authores
674 2093 767 2118 fuissent
782 2111 788 2121 ,
806 2100 831 2116 ut
852 2093 890 2116 ista
902 2092 1034 2115 statueretur
1047 2107 1053 2117 ‚
1077 2097 1148 2120 quarn
1159 2106 1164 2115 ,

395 2127 460 2161 quod
475 2130 535 2152 ineo
549 2127 736 2151 senatusconsulti
750 2125 818 2157 posita
832 2124 885 2147 ess'et
898 2123 1035 2148 authoritas,
1053 2121 1068 2144 st
1078 2122 1164 2151 percla-

397 2169 436 2185 ros
449 2161 512 2184 viros
525 2159 633 2189 scriptum
642 2159 766 2183 videretur.
776 2157 845 2180 video
853 2156 923 2179 etiam
932 2158 966 2178 M.
974 2156 1089 2177 Catonem
1098 2170 1104 2180 ‚
1112 2160 1165 2176 cuni

394 2193 432 2217 sua
454 2191 564 2216 sententia
578 2190 770 2221 supplicationem
783 2188 895 2212 Ciceroni
910 2194 958 2210 non
972 2185 1117 2218 decrevisset,
1134 2191 1165 2207 ta>

395 2232 451 2248 tuen
459 2241 466 2250 ,
479 2222 533 2246 cum
545 2223 621 2254 plures
633 2229 683 2246 eam
691 2219 852 2246 decrevissent,
870 2218 992 2243 scribendo
1000 2215 1092 2240 afluiss‘e.
1101 2215 1165 2248 quod

395 2263 472 2279 autem
486 2262 533 2278 non
547 2261 645 2279 omncs,
661 2253 702 2283 qui
716 2260 758 2283 pro
766 2248 1095 2276 senatusconsultosenserant,
1113 2247 1164 2271 scri-

395 2287 475 2311 bendo
495 2284 579 2309 affuisse
592 2284 654 2310 dixi,
672 2292 720 2307 non
732 2284 762 2307 est
772 2301 778 2310 ,
795 2284 871 2307 curin
884 2282 984 2306 dubium
998 2281 1075 2304 vocari
1090 2279 1165 2311 possit.

396 2319 465 2342 exstat
478 2318 543 2341 enim
558 2317 581 2340 in
594 2323 618 2339 ea
631 2315 705 2338 Coelii
718 2315 813 2345 epistola
822 2332 827 2341 ,
845 2315 874 2338 de
886 2322 932 2346 qua
945 2314 990 2343 jam
999 2313 1164 2337 meminimus,

394 2351 483 2382 integra
505 2345 695 2374 senatusconsulti
717 2347 819 2370 formula
832 2354 838 2369 ;
861 2354 912 2378 qua:
936 2351 1063 2378 perpaucos
1082 2341 1166 2368 affinffe

1179 95 1476 118 Anuvtl

1164 132 1287 169 scribendo
1306 134 1419 166 fignificat
1430 151 1437 162 ,
1459 131 1515 158 etim
1533 139 1612 158 tamen
1630 134 1657 158 ln
1675 132 1823 158 decernendo
1841 133 1942 165 plurimi

1166 164 1343 202 consensissent,
1361 166 1421 190 illud
1432 166 1640 193 considerandum,
1657 167 1730 190 curin
1739 166 1856 197 hocipso,
1871 167 1940 197 quod

1167 198 1260 233 Coelius
1280 199 1359 222 recitat
1372 215 1379 225 ,
1402 196 1597 222 senatusconsulto
1615 197 1651 221 bis
1667 205 1752 221 eorum
1763 198 1861 221 nomina
1873 214 1879 224 ,
1895 198 1940 229 qui

1166 228 1289 253 scribendo
1307 229 1434 264 affuerunt,
1452 230 1522 261 polita
1539 229 1590 253 fint.
1610 237 1679 256 narn,
1695 229 1712 253 si
1725 228 1797 253 semel
1809 226 1899 253 tantum
1913 230 1940 254 in

1167 260 1263 296 singulis
1279 261 1480 285 senatusconsultis
1498 261 1683 285 adscribebantur
1697 278 1704 288 ,
1721 268 1762 285 cur
1779 262 1805 284 in
1827 261 1874 284 hoo
1891 261 1942 285 bis?

1169 294 1216 326 sin,
1234 300 1292 324 quot
1311 300 1375 316 erant
1392 293 1417 317 in
1436 292 1636 316 senatusconsulto
1654 293 1743 324 capita,
1760 293 1831 316 toties
1844 292 1943 316 adscribi

1168 323 1285 348 solebant:
1302 332 1342 348 cur
1354 326 1379 348 in
1395 324 1453 352 hoc,
1470 328 1495 348 in
1507 332 1557 356 quo
1570 331 1669 356 quatuor
1681 323 1726 348 esse
1737 325 1809 354 capita
1820 322 1942 348 manifeste

1167 355 1268 382 constat,
1287 363 1336 379 non
1350 362 1431 387 quater
1443 357 1535 387 potius,
1553 355 1626 387 quam
1636 355 1684 379 bis?
1702 353 1768 388 quod
1779 355 1795 379 fi
1807 356 1875 386 quis,
1892 362 1944 380 non

1170 394 1270 418 quatuor
1288 387 1332 412 effe
1350 388 1539 411 senatusconsulti
1550 388 1622 419 capita
1634 387 1673 411 sed
1686 394 1785 419 quatuor
1799 385 1945 411 senatuscon-

1168 419 1225 443 sulta
1238 419 1398 455 contenderit:
1417 417 1774 446 haerebittamennihilominus,
1791 419 1945 449 magisetiam

1169 452 1300 487 aliquanto:
1319 450 1417 485 named
1436 457 1534 482 qttatuor
1552 449 1744 475 senatusconsulta
1756 457 1836 482 quater
1846 449 1946 474 adscribi

1171 484 1303 506 senatorum
1321 490 1420 507 nomina
1432 481 1547 509 debuisse,
1564 479 1641 506 multo
1653 484 1723 506 etiam
1733 481 1884 506 verisimilius
1895 481 1944 509 est,

1172 513 1244 549 quam
1257 515 1283 538 ad
1297 522 1396 546 quatuor
1408 512 1598 537 senatusconsulti
1611 520 1691 545 partes.
1702 512 1783 537 verum
1797 514 1826 536 de
1838 513 1946 543 pluribus

1172 546 1373 570 senatusconsultis
1391 546 1485 570 credere
1502 544 1625 569 absurdum
1637 545 1688 572 est;
1711 544 1765 569 curri
1786 553 1815 569 ne
1834 544 1947 576 suspicio—

1170 579 1196 601 ni
1215 578 1315 608 quidem
1333 578 1423 602 Coelius
1441 576 1489 609 ipse
1506 578 1587 600 locum
1601 577 1735 608 reliquerit,
1752 577 1816 606 cujus
1833 577 1880 600 haec
1893 575 1948 601 sunt

1174 609 1241 633 verba
1255 618 1260 632 :
1284 610 1510 640 Senatusconsultum,
1527 609 1585 640 quod
1599 607 1639 631 ribi
1657 608 1707 638 misr*
1717 625 1724 635 ,
1735 609 1824 637 saelum
1842 609 1878 637 est.
1894 615 1946 633 non

1174 642 1240 665 enim
1249 658 1255 668 ,
1271 640 1326 665 curn
1345 641 1417 667 dicit,
1436 642 1495 663 Huic
1502 633 1681 670 finatufionsulto
1694 639 1804 669 interceffir
1817 641 1841 662 C.
1855 641 1946 667 coelius,

1173 674 1197 697 &
1212 680 1266 696 cum
1280 674 1367 696 iterum
1377 672 1496 703 tertioque
1507 672 1572 695 iderti
1584 670 1714 702 subjungit,
1733 670 1797 700 plura
1804 668 1949 695 senatuscon-

1173 705 1229 728 sulta
1249 704 1375 735 fignificat,
1393 703 1431 727 sed
1451 704 1528 734 plures
1540 702 1646 733 ejusdem
1658 700 1852 726 senatusconsulti
1863 709 1947 733 parm.

1174 734 1244 767 quire
1262 736 1308 759 hoc
1327 734 1378 759 satis
1391 742 1505 766 apertum.
1520 733 1596 766 magis
1605 735 1644 757 illa
1657 741 1697 757 me
1709 739 1805 764 torquet
1816 732 1946 762 dubitatio,

1174 775 1214 791 cur
1227 775 1277 791 non
1291 774 1328 791 aut
1347 774 1428 799 quater
1446 766 1560 798 adscripta:
1578 765 1623 790 sint
1635 766 1797 792 authoritates,
1815 771 1839 788 ut
1853 765 1880 789 ad
1893 772 1949 797 qua-

1177 806 1229 822 tuor
1243 798 1431 823 senatusconsulti
1444 800 1531 829 capira,
1549 804 1587 821 aut
1599 797 1670 821 semel
1683 794 1790 824 tantum,
1806 803 1832 820 ut
1839 796 1865 820 ad
1873 804 1949 821 unum

1176 830 1406 854 senatusconsultum.
1420 830 1532 862 equidem
1546 837 1595 853 non
1608 828 1710 860 expedio
1722 836 1774 852 me:
1791 828 1905 860 quiddam
1920 835 1951 852 ta-

1179 870 1247 889 men,
1265 869 1290 885 ut
1303 863 1441 893 accipiatur,
1459 861 1544 885 dicam.
1557 862 1613 884 licet
1626 861 1731 892 opinari,
1749 861 1773 883 &
1786 867 1837 883 ante
1852 859 1952 884 senatus-

1178 893 1326 920 consultum,
1344 894 1368 917 &
1392 891 1442 924 post
1460 891 1592 916 senatorum
1610 893 1709 915 nomina
1728 890 1794 914 fuisse
1811 890 1935 923 perscripta
1947 899 1954 913 :

1179 933 1234 949 cum
1252 925 1351 957 quidem
1372 922 1594 948 senatusconsultum
1612 930 1671 946 erat:
1689 930 1743 946 nam
1756 922 1811 946 cum
1823 922 1952 946 intercede-

1180 957 1258 982 batur,
1277 963 1325 979 non
1340 963 1386 979 erat
1405 954 1644 981 senatusconsultum,
1661 953 1698 978 sed
1718 954 1843 977 authoritas
1860 953 1952 978 senatt'rs

1180 987 1305 1011 dicebatur.
1323 986 1389 1017 quod
1407 986 1423 1010 fi
1441 987 1472 1009 ita
1483 986 1528 1009 est:
1546 987 1594 1015 jure
1606 986 1644 1010 hic
1655 987 1683 1009 ad
1695 993 1746 1010 eam
1760 984 1951 1009 senatusconsulti

1181 1025 1283 1050 partem,
1299 1019 1336 1041 cui
1357 1017 1480 1041 intercessit
1497 1024 1584 1044 nemo,
1601 1025 1699 1048 qumque
1710 1016 1950 1041 veresenatusconsul-

1182 1058 1233 1074 tum
1252 1049 1309 1075 fuit,
1327 1049 1476 1072 authoritates
1494 1047 1599 1079 appofitae
1616 1048 1680 1076 sunt,
1697 1050 1722 1072 δι
1738 1049 1762 1072 in
1777 1049 1908 1080 principio,
1926 1049 1951 1072 &

1183 1083 1208 1106 in
1226 1088 1349 1105 extremo:
1367 1080 1395 1104 ad
1413 1081 1463 1104 illas
1482 1086 1559 1103 autem
1577 1086 1650 1111 partes
1662 1096 1669 1106 ‚
1694 1087 1744 1111 quae
1761 1078 1953 1104 senatusconsulti

1184 1115 1284 1137 nomine
1296 1118 1430 1138 caruerunt,
1446 1109 1833 1143 proptereaquodiisintercessum
1841 1111 1885 1139 est,
1902 1112 1954 1135 nul-

1183 1147 1210 1169 lm
1222 1145 1275 1168 sunt
1291 1144 1405 1175 adscripta:
1419 1143 1573 1166 authoritates.
1591 1143 1636 1166 hoc
1648 1143 1735 1167 eruditi
1747 1143 1897 1166 examinent:
1915 1144 1953 1167 vel

1185 1176 1276 1209 potius,
1291 1176 1349 1207 quid
1364 1175 1486 1206 probabile
1498 1173 1538 1201 fit,
1556 1173 1598 1205 ipsi
1609 1173 1825 1198 comminiscantur.
1839 1181 1894 1198 nam
1908 1173 1954 1197 hoe

1185 1209 1289 1233 nostrum
1304 1209 1334 1232 ita
1347 1208 1462 1233 diximus,
1483 1213 1509 1229 ut
1521 1206 1547 1230 in
1559 1212 1589 1229 eo
1603 1213 1653 1230 non
1665 1204 1732 1237 plane
1744 1205 1892 1237 conquiescat
1905 1205 1955 1229 ani-

1184 1248 1244 1264 mus.
1276 1240 1411 1264 formulam
1423 1237 1616 1262 senatusconsulti
1629 1238 1655 1262 in
1664 1245 1690 1261 ea
1702 1238 1778 1261 Coelii
1791 1237 1886 1268 epistola
1899 1237 1955 1261 licet

1184 1273 1277 1297 videre,
1295 1272 1319 1294 &
1338 1272 1364 1295 in
1379 1279 1399 1298 ς.
1414 1270 1557 1301 Philippica,
1574 1269 1598 1292 δι
1614 1269 1640 1293 in
1656 1277 1692 1293 ιο.
1708 1269 1795 1300 Scripta
1807 1268 1956 1293 senatuscon-

1184 1304 1240 1328 sulta
1258 1302 1331 1334 usque
1348 1302 1376 1325 ad
1393 1301 1510 1326 Consules
1527 1304 1546 1325 1.
1563 1301 1696 1328 Valerium,
1713 1303 1749 1325 M.
1761 1301 1886 1324 Horatium
1896 1301 1956 1324 arbi-

1184 1337 1230 1360 trio
1246 1334 1379 1358 Consulum
1396 1331 1598 1365 supprimebantur
1610 1349 1617 1360 ‚
1640 1334 1665 1357 &
1684 1331 1857 1356 nuntiabantur.
1874 1331 1901 1356 ab
1920 1332 1958 1357 his

1185 1366 1344 1394 Consulibus,
1360 1371 1386 1389 ut
1404 1366 1431 1388 ad
1450 1364 1525 1388 aedem
1542 1365 1635 1388 Cereris
1647 1363 1804 1392 deferrentur,
1822 1363 1957 1388 institutum

1184 1399 1223 1423 est.
1236 1397 1313 1430 postea
1327 1404 1404 1421 tamen
1414 1396 1442 1420 ad
1455 1396 1558 1420 aerarium
1568 1396 1638 1420 video
1652 1394 1695 1420 esse
1708 1396 1794 1424 delata,
1810 1394 1879 1420 utibi
1892 1394 1957 1419 affer-

1185 1437 1307 1457 varentur‚
1326 1429 1367 1453 ubi
1387 1429 1410 1451 Sc
1424 1429 1488 1459 leges
1501 1445 1507 1455 ‚
1524 1428 1549 1451 δι
1567 1428 1671 1458 pecuniae
1688 1428 1772 1459 populi
1789 1427 1912 1453 Romani,
1929 1427 1955 1450 &

1186 1462 1285 1494 pretiosa
1297 1467 1396 1493 quaeque
1408 1458 1603 1483 custodiebantur.
1616 1466 1663 1483 erat
1674 1467 1751 1483 autem
1758 1459 1862 1482 aerarium
1875 1459 1900 1482 in
1907 1457 1956 1481 aede

1186 1494 1288 1517 Saturni:
1305 1492 1367 1523 quasi
1384 1490 1524 1514 tutissimum
1543 1490 1587 1514 effe
1598 1491 1715 1514 videretur
1726 1490 1775 1518 ejus
1787 1490 1826 1513 dei
1839 1489 1953 1517 numine,

1186 1533 1235 1556 quo
1249 1530 1371 1555 regnante,
1389 1529 1458 1546 aureo
1472 1523 1515 1545 illo
1528 1520 1618 1545 seculo,
1638 1522 1702 1545 nulla
1713 1521 1749 1544 vis
1762 1521 1823 1544 illata
1836 1537 1843 1548 ‚
1860 1521 1956 1544 nullum

1185 1557 1273 1580 furtum
1291 1554 1391 1582 factum,
1409 1554 1471 1577 nihil
1488 1550 1591 1577 omnint>
1607 1551 1718 1577 facinoris
1729 1551 1783 1576 esset
1794 1551 1958 1576 commissum.

1185 1586 1383 1612 senatusconsulta
1400 1585 1427 1608 ad
1445 1585 1551 1608 aerarium
1572 1591 1621 1607 non
1641 1585 1728 1611 delata,
1745 1590 1789 1607 rata
1809 1591 1858 1607 non
1876 1590 1955 1610 erant,

1186 1621 1209 1642 ὃ(
1223 1626 1265 1649 pro
1278 1617 1369 1642 infectis
1381 1616 1530 1640 habebantur.
1546 1616 1618 1645 Qiod
1629 1615 1796 1647 significatione
1803 1614 1900 1647 quidem
1907 1622 1957 1639 non

1185 1649 1297 1682 expressa,
1315 1656 1358 1672 nec
1371 1654 1449 1672 tamen
1460 1644 1563 1671 omnino
1577 1646 1661 1674 dubia,
1678 1647 1802 1671 Suetonius
1815 1646 1917 1670 ostendit
1930 1646 1957 1671 in

1190 1681 1287 1713 Augusti
1303 1681 1348 1704 vita
1361 1687 1488 1708 c.94.n.3.
1507 1680 1616 1705 ,Anthou
1633 1678 1727 1710 inquit,
1743 1679 1770 1708 est
1783 1679 1860 1707 Julius
1871 1681 1959 1702 mara-

1187 1716 1237 1736 thus
1255 1720 1305 1736 anre
1319 1719 1414 1745 paucos,
1431 1710 1500 1743 qus‘mr
1519 1710 1635 1741 Augustus
1647 1713 1776 1740 nafieretur,
1796 1710 1877 1740 menses
1885 1710 1959 1742 prodi-

1184 1747 1247 1776 gium
1259 1744 1430 1776 Qmaefizssum
1440 1741 1537 1774 publili,
1545 1750 1586 1772 quo
1597 1743 1778 1768 denuntiabatur,
1793 1744 1871 1771 Regem
1882 1743 1957 1771 populo

1190 1780 1250 1800 Rom.
1269 1782 1373 1798 naturam
1389 1776 1514 1804 parturire.-
1526 1774 1632 1802 Jenatum
1649 1775 1779 1795 exterritum
1797 1772 1893 1801 censuiffi
1907 1789 1914 1798 ‚
1932 1781 1957 1795 ne

1190 1810 1241 1838 quie
1253 1809 1286 1830 illo
1298 1814 1351 1828 anno
1359 1812 1447 1836 gemtus
1457 1806 1595 1826 educamur.-
1613 1813 1658 1830 ρος,
1676 1806 1715 1834 qui
1723 1804 1828 1834 gravida
1834 1811 1909 1826 uxures
1918 1805 1958 1826 ha-

1188 1839 1272 1865 berent,
1288 1838 1346 1868 quod
1363 1837 1390 1859 aa
1403 1837 1428 1864 se
1446 1836 1538 1866 quisque
1551 1835 1612 1865 spem
1625 1837 1734 1861 traherer,
1750 1836 1844 1865 curasse,
1861 1836 1957 1863 nesena-

1189 1871 1344 1900 tuscons'ultum
1360 1868 1388 1890 ad
1407 1868 1504 1889 ararium
1522 1868 1649 1896 deferretur.
1682 1869 1746 1890 Hanc
1763 1866 1836 1895 ipsam
1854 1865 1883 1889 de
1896 1865 1959 1889 sena-

1190 1899 1336 1924 tusconsultis
1354 1898 1380 1921 ad
1395 1899 1498 1922 aerarium
1508 1897 1641 1921 deferendis
1653 1896 1848 1921 consuetudinem
1856 1904 1905 1921 non
1918 1897 1959 1921 Li-

1190 1933 1240 1956 vius
1252 1930 1327 1955 modo
1339 1929 1449 1961 siguificat
1461 1929 1523 1952 libro
1537 1936 1622 1952 xxxix.
1631 1936 1680 1960 cap.
1688 1937 1713 1957 4.
1726 1927 1781 1952 crim
1793 1929 1836 1952 ait:
1853 1929 1920 1959 ‚Quid
1930 1927 1959 1951 ab

1189 1973 1211 1987 ea
1226 1960 1313 1993 Censuit
1324 1970 1456 1993 quemquam
1475 1962 1524 1983 »iovi
1537 1960 1672 1991 exspeffiare,
1689 1961 1728 1992 qui
1737 1967 1776 1992 per
1788 1961 1959 1991 infrequentiam

1188 1997 1267 2024 s‘urlim
1274 1994 1484 2024 senatusconsultum
1491 1993 1579 2022 fastum
1591 1993 1619 2015 ad
1632 1993 1730 2015 ararium
1742 1992 1863 2015 detulerit?
1880 1991 1904 2014 &
1917 1991 1960 2014 Ci-

1187 2035 1241 2050 cero
1260 2027 1367 2050 oratione
1387 2033 1408 2051 5.
1427 2025 1452 2048 in
1473 2024 1621 2047 Antonium:
1644 2020 1724 2046 verum
1741 2023 1813 2046 etiam
1833 2022 1960 2046 cornelius

1188 2060 1280 2082 Tacitus
1292 2057 1355 2081 libro
1368 2059 1407 2079 ΠΙ.
1423 2064 1460 2083 51.
1469 2063 1482 2078 2
1505 2063 1559 2080 nam
1566 2053 1620 2078 cum
1628 2056 1658 2078 C.
1667 2055 1778 2078 Lutorius
1786 2052 1873 2078 Priscus
1885 2060 1960 2085 aegro-

1188 2091 1244 2114 tanti
1265 2089 1340 2113 Druso
1359 2087 1450 2111 Tiberii
1468 2086 1520 2110 filio
1537 2093 1630 2110 carmen
1649 2083 1825 2116 composuisset,
1843 2085 1925 2117 quod,
1941 2084 1959 2109 fi

1186 2122 1303 2145 extinCtus
1315 2120 1381 2145 esset,
1399 2118 1738 2149 magnopraemiovulgaretur,
1756 2117 1898 2141 adductusin
1906 2124 1959 2141 eam

1187 2154 1249 2185 spem
1258 2169 1264 2179 ,
1281 2152 1335 2183 quia
1343 2150 1476 2174 Germanici
1484 2150 1579 2173 obitum
1585 2148 1671 2172 celebri
1677 2148 1780 2173 carmine
1787 2148 1909 2173 defleverat
1917 2165 1924 2176 ‚
1935 2149 1962 2173 &

1187 2185 1218 2208 ob
1226 2182 1376 2208 idZtTiberio
1383 2182 1480 2206 donatus
1487 2188 1545 2205 erat:
1563 2181 1687 2208 accusatus,
1706 2180 1961 2208 &damnatus‚incar-

1187 2225 1238 2241 cere
1251 2215 1282 2240 cst
1295 2214 1437 2239 interfectus.
1451 2221 1499 2237 tum
1508 2213 1603 2236 Tiberius
1622 2212 1681 2244 (ipsa
1692 2212 1767 2236 Taciti
1779 2211 1847 2236 verba
1859 2213 1960 2244 ponam)

1185 2250 1256 2278 fiditis
1267 2247 1308 2278 fibi
1321 2245 1449 2277 ambagibus
1457 2262 1464 2272 ,
1476 2246 1505 2281 *id
1516 2246 1575 2277 apud
1584 2246 1683 2273 senarum
1695 2245 1818 2280 incusavit,
1833 2252 1882 2267 cum
1889 2245 1960 2267 extol-

1191 2282 1243 2303 leret
1251 2285 1354 2309 pietatem
1363 2294 1369 2304 ‚
1385 2285 1489 2308 quamvis
1503 2278 1591 2299 modicas
1602 2276 1703 2307 principis
1719 2277 1811 2308 injurias
1822 2277 1898 2298 acriter
1905 2275 1960 2298 ulci-

1186 2313 1291 2342 ficmium
1299 2327 1305 2337 ,
1318 2312 1463 2341 deprecaretur
1476 2315 1521 2330 ram
1531 2309 1645 2338 pracipites
1655 2315 1739 2329 reorum
1749 2315 1828 2339 poenas,
1845 2314 1895 2339 quo
1905 2307 1960 2330 loco

1190 2340 1318 2370 mendose,
1335 2341 1467 2373 utopinor,
1481 2339 1592 2372 scriptum
1599 2339 1646 2369 est,
1659 2335 1964 2392 verborumpoenas.&paul}›¹

1912 2375 1944 2400 po
1956 2384 1964 2392 .
