2075 2734
403 131 458 167 482
691 114 1505 158 Anr1QU1'rATuitRonAuanuM
1547 118 1687 149 me.

406 179 523 210 comitiis
541 176 559 207 si
573 175 605 205 ad
617 174 773 213 legitimum
791 183 938 202 numerum
955 183 1011 201 non
1025 180 1215 211 pervenerant,
1236 174 1281 211 qui
1291 174 1375 202 creati
1388 181 1479 206 erant,
1500 171 1622 202 Consulis
1635 170 1683 200 hac
1694 171 1722 200 in
1736 180 1766 200 re
1778 171 1881 210 judicio
1893 172 1977 205 stuba

407 227 461 247 tur.
481 219 544 245 Erat
560 216 632 243 enim
649 216 670 242 is
685 212 853 250 magistratus
867 222 948 250 quem
962 212 1054 247 Consul
1064 221 1152 240 creare
1165 211 1259 248 pofl'et.
1299 225 1307 230 ·

446 258 478 284 In
493 253 706 285 extraordinariis
726 250 792 279 vero
807 250 1001 288 magistratibus
1015 251 1088 278 idem
1104 249 1206 277 factum
1225 250 1299 279 fuisse
1320 250 1391 288 quod
1408 251 1434 278 in
1455 249 1566 278 tribunis
1579 249 1663 287 plebis
1676 249 1843 278 sentiendum
1861 250 1905 279 est.
1945 250 1983 279 ld

409 296 482 324 enim
493 302 584 322 totum
603 292 638 319 sui
654 290 747 326 judicii
763 289 813 316 esse
825 289 939 327 populus
953 288 1073 320 volebat,
1093 295 1122 316 ut
1141 288 1239 316 Cicero
1253 290 1374 317 oratione
1389 299 1412 316 2.
1427 289 1538 326 Agraria
1552 289 1660 316 indicat.

447 335 479 361 In
496 332 587 369 legum
602 328 708 357 comitiis
721 326 836 360 tributis,
856 328 928 355 idern
945 327 1042 354 modus
1056 327 1184 358 omnino,
1205 328 1251 363 qui
1265 326 1413 354 centuriatis
1424 326 1580 354 servabatur.

449 372 533 407 Qod
549 378 613 397 vero
624 369 720 396 attinet
734 367 765 393 ad
779 365 880 393 comitia
892 366 1072 402 judiciorum,
1091 368 1174 391 Cicero
1191 374 1240 402 pro
1257 366 1343 393 domo
1359 374 1417 392 eam
1433 365 1512 394 docet
1526 365 1600 393 fuiffe
1611 365 1744 392 rationem
1759 385 1766 397 ,
1791 370 1822 393 ut
1835 372 1920 392 nemo
1932 363 1978 391 nifi

410 409 535 447 praedicta
550 408 594 434 die
609 405 786 434 accusaretur:
809 412 867 432 tum
882 411 911 432 ut
925 402 1085 441 magtstrarus
1101 411 1142 431 ter
1155 412 1230 430 reum
1245 411 1306 431 ante
1321 402 1467 434 accusaret,
1487 412 1568 440 quam
1583 403 1714 431 muletam
1731 404 1874 440 irrogaret:
1895 410 1925 429 ea
1936 411 1980 428 ve—

409 458 442 475 ro
459 448 575 483 irrogata
587 466 594 477 ‚
621 443 780 472 trinundino
793 441 929 478 prodenda
943 448 1000 469 erat
1017 441 1073 468 dies
1087 462 1094 472 ‚
1121 450 1172 478 qua
1192 441 1224 468 ad
1238 440 1370 479 populum
1385 441 1486 470 mulcta
1497 442 1654 470 certandum
1669 441 1731 470 etlet
1745 451 1752 468 ·.
1779 449 1836 478 quae
1847 441 1902 468 dies
1915 448 1981 467 cum

411 484 557 513 advenisset
567 504 573 515 ,
593 490 686 520 quarta
700 479 830 509 accusatio
844 480 922 507 fiebat
936 481 949 506 a
968 479 1127 515 magistratu.
1149 480 1225 507 Tum
1237 487 1338 506 atratus
1352 488 1425 512 reus,
1447 478 1512 511 five,
1532 479 1653 508 utcicero
1665 480 1714 511 ait,
1725 478 1982 514 ssrdidatu1,barba‚

412 526 440 552 ὃ(
456 521 552 559 capillo
566 520 696 558 promisso
716 518 777 553 (hic
789 519 862 546 enim
878 527 986 545 reorum
998 516 1103 544 habitus
1117 516 1168 544 effe
1181 516 1299 552 solebat>
1320 516 1333 544 a
1349 527 1450 555 magno
1462 519 1613 546 amicorum
1627 537 1635 547 ,
1656 518 1722 545 item
1737 524 1883 545 atratorum
1897 516 1987 544 comi*

415 568 473 590 tatu
487 561 513 588 in
528 559 619 587 forum
634 557 821 586 deducebatur.
853 554 1018 593 Magistratus
1032 556 1140 582 interim
1153 555 1180 582 in
1195 555 1284 583 rostris
1304 555 1408 583 sedebat
1423 576 1430 587 ,
1449 565 1506 582 reus
1519 556 1564 584 sub
1582 556 1670 584 rostris
1683 555 1764 583 stabat
1778 575 1785 586 ‚
1807 554 1908 590 populus
1922 562 1984 582 ante

413 600 496 627 rostra
509 600 537 627 in
551 597 666 626 comitio
677 603 741 623 erat.
762 599 840 622 Praco
853 595 934 631 igitur
943 615 949 623 ,
971 603 1033 621 cum
1047 593 1214 630 magistratus
1227 594 1346 629 jufferat,
1365 603 1398 622 ex
1411 594 1500 621 rostris
1513 604 1589 622 reum
1604 593 1708 622 citabat.
1729 594 1799 631 Qu,
1817 593 1836 621 fi
1849 592 1926 621 vellet
1932 601 1984 629 pro
2064 619 2067 638 ι

415 637 441 665 se
456 637 558 668 dicere,
581 637 609 664 in
622 633 698 672 rostra
712 632 881 663 ascendebat,
900 640 930 659 ut
945 632 1006 659 inde
1021 632 1172 659 orationem
1188 631 1297 660 haberet
1310 632 1341 659 ad
1359 632 1499 668 populum.
1521 634 1566 659 Sin
1579 641 1626 669 per
1637 632 1718 659 alium
1731 631 1757 659 se
1770 630 1847 658 vellet
1858 630 1989 658 defende-

412 686 456 706 re,
477 676 498 702 is
513 676 579 703 item
592 673 660 710 jussit
673 673 838 710 magistratus
853 671 880 697 in
892 669 967 705 rostm
986 669 1155 701 ascendebat,
1175 679 1305 708 reumque
1319 670 1487 698 defendebat.
1525 671 1608 706 Quod
1621 670 1638 698 fi
1649 669 1812 698 orationibus
1825 677 1931 705 tempus
1945 667 1988 696 us·
2064 683 2067 695 ι

414 720 466 751 que
479 723 512 741 eo
527 712 730 741 consumeretur
743 731 749 741 ‚
770 717 800 736 ut
813 718 868 736 non
884 707 943 735 satis
958 709 1091 735 videretur
1103 708 1197 735 restare
1209 709 1339 745 temporis
1354 720 1358 735 :
1380 718 1434 746 quo
1448 715 1509 736 ante
1522 708 1632 736 noc'tem
1645 707 1735 744 peragi
1752 705 1853 734 comitia
1866 706 1990 743 possent„

417 752 472 779 dies
487 749 696 787 producebat-ur,
718 747 769 775 hoc
780 747 829 778 est,
851 748 878 774 in
894 746 973 773 alium
986 744 1137 772 comitmlem
1150 745 1218 773 diem
1231 746 1403 775 differebatur
1416 747 1507 783 populi
1521 746 1664 783 judicium.
1686 746 1741 781 Qi
1755 745 1810 772 dies
1824 754 1887 772 cum
1901 744 1991 772 venis-

417 789 471 820 set,
492 789 563 816 idem
578 787 649 825 quod
663 787 745 822 priori
759 786 801 813 die
815 785 1007 822 peragebatur:
1027 784 1074 811 nisi
1087 785 1159 820 quod
1174 783 1287 820 spatium
1303 784 1358 813 fere
1372 786 1479 813 dicendi
1495 785 1659 822 magistratus
1673 782 1877 811 constituebant.
1913 784 1987 811 Cum
2062 797 2066 820 ς

415 827 522 855 dicendi
536 825 619 853 finem
635 825 760 860 utrinque
774 822 907 853 fecissent,
928 821 1040 858 populus
1053 823 1080 849 in
1094 822 1427 859 tustragiumjnittebatur.
1450 824 1481 851 In
1492 833 1546 861 quo
1554 833 1608 851 non
1622 822 1722 850 eaedem
1735 820 1863 850 dabantur
1878 820 1987 853 tabellam>

417 874 474 903 quae
489 863 637 900 judicibus,
655 861 836 889 condemnandz
852 882 858 892 ‚
879 859 1030 894 abstu‘vendt‚
1052 862 1078 888 ὃς
1090 859 1239 894 ampl1.1ndi2
1258 861 1301 889 sed
1317 861 1406 899 quales
1419 862 1446 889 in
1458 862 1558 898 legibus
1570 861 1699 892 ferendis,
1717 860 1758 887 uti
1769 868 1851 897 rogas,
1873 858 1990 892 &ami-
2060 824 2066 930 Ι

417 913 474 942 quo.
497 904 570 939 Lege
582 901 655 929 enim
669 899 720 928 lata
733 899 829 926 mulsia
841 899 978 926 dicebatur
991 909 996 925 ι
1018 907 1074 935 qua:
1087 898 1127 925 lex
1142 919 1148 929 ,
1169 899 1187 926 fi
1201 898 1214 926 a
1227 899 1328 937 populo
1340 901 1503 936 acciperetur
1517 921 1525 932 ,
1544 908 1623 928 tantae
1642 900 1759 935 pecuniae
1773 899 1914 925 damnatus
1933 903 1990 925 erat

417 950 489 972 reus,
511 947 608 977 quanta
621 946 674 966 erat
688 937 803 969 mrrlcsta,
827 945 908 973 quam
923 936 1025 963 dixerat
1038 934 1209 973 magistratum
1228 938 1264 966 fin
1277 938 1388 974 populus
1401 936 1560 977 antiquaret,
1580 937 1772 965 absolvebatur.
1813 936 1910 973 Neque
1923 945 1990 964 vero
2060 931 2065 1000 Ι

417 988 453 1006 ex
467 988 516 1010 eo,
535 978 609 1015 quod
624 976 698 1012 supra
713 976 809 1006 rostra,
830 974 973 1001 comitium
988 973 1179 1010 appellavimus
1190 975 1329 1012 injudicio
1343 977 1432 1013 populi
1445 976 1619 1004 describendo
1632 996 1637 1005 ‚
1658 974 1863 1003 existimandum
1878 972 1935 1005 est,
1955 980 1989 1002 eo

419 1023 524 1044 tantum
539 1017 567 1043 in
582 1015 644 1043 loco
657 1012 759 1042 comitia
772 1012 803 1038 de
816 1011 913 1039 malfia
927 1010 1025 1039 haberi.
1063 1012 1137 1039 Nam
1149 1012 1204 1040 aliis
1218 1023 1324 1051 quoque
1337 1016 1365 1042 in
1379 1015 1444 1042 locis
1457 1013 1548 1042 haberi
1562 1014 1702 1041 docuimus
1717 1021 1778 1040 ante
1792 1023 1797 1039 ·.
1823 1011 1867 1040 sed
1881 1013 1942 1049 quia
1955 1021 1990 1040 eo
2057 1001 2064 1248 t

2029 0 2075 173 ἰ

418 1056 446 1082 in
461 1053 522 1082 loco
537 1053 626 1090 saepius
641 1053 667 1080 id
683 1051 728 1079 usu
743 1050 865 1078 veniebat
879 1070 886 1081 ‚
906 1053 1049 1086 propterea
1067 1058 1130 1077 eum
1151 1050 1240 1079 locum
1257 1053 1424 1088 potissimum
1437 1053 1589 1089 accepimus
1603 1063 1608 1079 ι
1628 1050 1672 1078 sed
1685 1052 1722 1078 ita
1735 1068 1742 1081 ,
1762 1058 1791 1078 ut
1805 1052 1839 1079 de
1859 1050 1913 1078 aliis
1925 1050 1991 1078 locis

418 1093 493 1120 idem
508 1091 650 1121 vellemus,
671 1089 743 1126 quod
759 1088 792 1116 de
805 1088 857 1115 hoc
875 1087 996 1125 intelligi.
1025 1088 1066 1115 Ad
1081 1088 1195 1116 modum
1210 1091 1291 1117 etiarn
1303 1090 1401 1119 horum
1416 1091 1592 1118 comitiorum
1605 1089 1733 1126 pertinet,
1749 1090 1821 1126 quod
1835 1088 1920 1115 Cicero
1934 1087 1996 1116 scri-

421 1130 460 1158 bit
473 1138 524 1166 pro
539 1130 624 1157 domo
638 1127 693 1154 stra:
717 1127 744 1154 Si
756 1135 807 1163 qua
821 1134 860 1153 res
873 1125 948 1153 illum
962 1126 1034 1153 diem
1049 1135 1093 1154 aut
1107 1127 1226 1163 auspiciis
1240 1149 1248 1160 ,
1267 1136 1311 1157 aut
1324 1129 1491 1157 excusatione
1502 1128 1638 1156 sustulisset
1650 1148 1657 1159 ‚
1677 1133 1763 1155 totam
1778 1126 1883 1155 causam
1896 1147 1903 1159 ‚
1923 1126 1994 1162 judi-

422 1169 550 1205 ciumque
564 1166 696 1194 sublatum
710 1165 770 1192 effe.
791 1165 830 1192 Ex
843 1163 895 1191 hoc
909 1165 982 1191 enim
995 1164 1057 1192 loco
1070 1173 1192 1202 apparet,
1212 1167 1240 1193 in
1255 1176 1364 1194 reorum
1375 1167 1498 1195 favorem
1511 1167 1618 1204 proprie
1636 1166 1765 1193 institutas
1782 1164 1858 1193 fuiffe
1870 1164 1916 1192 has
1929 1165 1994 1192 duas

419 1207 535 1234 rationes
552 1204 697 1242 effugiendi
708 1203 815 1239 judicii:
836 1211 948 1238 quarum
960 1204 1012 1229 una
1024 1209 1079 1229 erat
1092 1203 1119 1230 in
1134 1202 1266 1240 auspiciis,
1275 1214 1332 1241 quae
1342 1204 1362 1231 fi
1374 1205 1449 1232 diem
1461 1205 1554 1241 judicii
1563 1204 1748 1233 diffinderent,
1763 1202 1994 1238 totumjudicium

420 1243 551 1271 sublatum
566 1249 622 1270 erat
636 1262 643 1273 ,
679 1240 795 1278 benigna
809 1239 909 1269 scilicet
922 1239 1065 1269 voluntatis
1084 1242 1205 1270 Deorum
1226 1242 1445 1279 interpretatione
1461 1263 1468 1274 ,
1493 1241 1564 1279 quafi
1581 1241 1683 1270 nollent
1697 1241 1812 1268 omnino
1829 1240 1862 1267 de
1881 1240 1933 1268 hoc
1947 1248 1994 1267 reo

420 1282 574 1310 damnando
587 1289 651 1308 cum
664 1280 765 1317 populo
777 1280 834 1317 agi›
854 1279 959 1315 quando
973 1278 1044 1305 bona
1057 1278 1170 1315 auspicia
1182 1290 1237 1308 non
1250 1279 1388 1310 dedissent.
1409 1281 1499 1309 Altera
1513 1279 1587 1308 causa
1598 1281 1681 1308 etiarn
1695 1280 1723 1307 in
1730 1277 1897 1307 excusatione
1908 1277 1997 1315 legiti-

423 1330 479 1347 ma:
501 1329 558 1357 quae
573 1319 591 1347 si
601 1319 644 1346 die
657 1318 749 1354 judicii
763 1317 873 1345 obtendi
887 1324 1007 1353 poterat,
1029 1323 1086 1344 tota
1098 1318 1172 1346 causa
1193 1320 1298 1354 (inquit
1311 1318 1414 1354 Cicero)
1434 1317 1576 1348 tollebatur
1589 1329 1595 1346 z
1613 1318 1650 1346 ita
1663 1324 1692 1345 ut
1704 1327 1764 1345 reus
1775 1326 1831 1344 non
1845 1316 1930 1354 poffet
1942 1315 1996 1343 hoc

423 1359 535 1386 nomine
549 1356 652 1386 causam
666 1357 769 1385 dicere.
789 1356 836 1383 niti
849 1362 980 1382 renovato
999 1355 1033 1382 de
1046 1356 1152 1393 integro
1164 1364 1226 1385 toto
1237 1358 1340 1393 judicio
1352 1377 1360 1386 ,
1379 1357 1489 1395 perinde
1502 1379 1510 1390 ‚
1531 1366 1561 1384 ac
1581 1357 1600 1384 fi
1618 1355 1684 1384 nihil
1704 1357 1794 1392 priore
1813 1355 1902 1382 aestum
1925 1353 1999 1382 effet.

422 1397 505 1424 Erant
521 1405 612 1425 autem
625 1393 799 1422 excusationis
812 1393 939 1428 legitimae
953 1412 960 1424 ,
980 1391 1077 1419 morbus
1091 1404 1097 1420 z
1118 1396 1259 1431 quomodo
1272 1395 1424 1425 excusatum
1444 1396 1509 1424 dicit
1529 1394 1605 1422 fuisse
1623 1396 1652 1422 P.
1667 1394 1824 1423 Africanum
1843 1397 1874 1421 T.
1891 1391 1997 1419 Limus·-

425 1435 534 1462 exilium
549 1433 730 1462 voluntarium
744 1453 751 1464 ‚
772 1431 913 1469 quomodo
927 1430 1002 1458 Caeso
1014 1432 1140 1468 Qintius
1152 1432 1287 1462 excusatus
1301 1435 1338 1461 est
1351 1453 1358 1465 ,
1378 1434 1443 1462 teste
1455 1434 1553 1461 eodem
1567 1431 1641 1461 Livio
1654 1432 1698 1460 lib.
1716 1443 1740 1470 3.
1759 1432 1831 1460 Item
1846 1430 1945 1458 funeris
1957 1429 1997 1457 fae

425 1473 535 1500 miliaris
547 1472 714 1508 procuratio,
735 1470 842 1506 alia-que
854 1468 930 1505 hujus
943 1470 1059 1506 generiS,
1080 1477 1137 1506 quae
1151 1480 1184 1499 ex
1195 1471 1255 1507 jure
1268 1471 1341 1500 civili
1352 1472 1443 1508 colligi
1455 1471 1570 1507 possunt·

471 1511 551 1546 Qod
561 1510 656 1537 attinet
663 1509 695 1535 ad
704 1508 870 1535 sacerdotum
879 1507 1004 1538 comitia,
1025 1507 1052 1534 in
1060 1506 1099 1534 his
1111 1509 1137 1535 id
1143 1509 1201 1545 jam
1209 1509 1326 1538 diximus
1335 1512 1476 1547 proprium
1489 1509 1564 1536 fuisse
1571 1529 1578 1540 ,
1598 1507 1670 1544 quod
1682 1506 1875 1542 septemdecim
1888 1511 1996 1535 tantum

424 1546 536 1575 tribuum
550 1546 674 1583 suffragio
688 1546 796 1572 staretur
808 1565 815 1576 ‚
837 1553 927 1572 earum
943 1544 1036 1580 quibus
1054 1546 1081 1572 id
1094 1545 1164 1574 sorte
1177 1547 1320 1584 obtigisset.
1357 1548 1449 1586 Itaque
1469 1553 1579 1584 propter
1591 1546 1726 1573 incertum
1745 1544 1822 1571 sortis
1835 1544 1995 1571 beneficium

427 1594 523 1612 omnes
536 1583 614 1611 tribus
628 1582 824 1611 conveniebant
836 1604 843 1614 ‚
860 1586 894 1610 'ut
908 1581 978 1609 nulla
992 1581 1018 1609 se
1031 1582 1161 1611 exclusam
1181 1587 1309 1622 conqueri
1319 1585 1404 1624 posset
1418 1596 1424 1613 z
1445 1585 1487 1614 {ed
1501 1587 1528 1612 in
1541 1584 1642 1611 sortem
1655 1589 1762 1610 tantum
1782 1582 1810 1609 id
1823 1582 1934 1617 rejicere
1947 1590 1998 1617 po-
2054 1606 2055 1612 ,

425 1630 525 1655 terant,
547 1631 604 1659 quae
618 1623 645 1649 in
659 1621 814 1658 suffragium
829 1627 928 1649 vocatae
950 1630 1006 1648 non
1020 1628 1101 1648 erant.
1139 1624 1235 1651 Statim
1249 1633 1314 1661 ergo
1327 1631 1357 1652 ut
1368 1633 1435 1651 unus
1447 1622 1659 1659 competitorum
1679 1629 1779 1648 novem
1791 1618 1869 1646 tribus
1882 1619 1978 1648 tulerat
1990 1640 1999 1652 ,
2052 1620 2054 1643 ι’

424 1660 544 1689 sacerdos
557 1659 764 1688 renuntiabatur.
785 1662 839 1687 Aut
851 1659 869 1687 st
883 1660 919 1687 ita
931 1658 1068 1687 variassent
1079 1659 1173 1693 tribus,
1193 1669 1222 1689 ut
1233 1662 1318 1690 nullus
1334 1662 1546 1699 competitorum
1560 1664 1662 1687 novem
1675 1658 1756 1686 ferret
1771 1657 1869 1691 tribus,
1884 1664 1942 1685 tum
1952 1658 1999 1695 qui

425 1699 514 1735 plures
526 1697 622 1726 tulerat
636 1718 644 1729 ‚
662 1697 778 1735 reliquos
791 1696 935 1734 superabat.
974 1698 1019 1724 Sin
1034 1696 1161 1735 suffragiis
1173 1708 1247 1735 pares
1260 1700 1341 1728 effent
1354 1721 1364 1733 ,
1383 1709 1444 1728 tum
1465 1698 1583 1727 revocari
1599 1696 1678 1725 tribus
1691 1695 1837 1733 oportuisse
1854 1695 1998 1724 existimari

424 1738 488 1765 licet
504 1758 510 1769 ,
532 1736 579 1764 nist
591 1737 679 1774 potius
691 1735 739 1763 hac
757 1736 784 1763 in
799 1745 827 1763 re
841 1735 948 1772 collegii
967 1736 1069 1772 judicio
1086 1737 1196 1765 staretur
1208 1758 1215 1769 ‚
1236 1745 1265 1766 ut
1280 1739 1300 1766 is
1311 1738 1435 1767 sacerdos
1444 1738 1507 1766 esset
1520 1758 1528 1769 ‚
1549 1745 1630 1773 quem
1643 1735 1811 1771 potissimum
1824 1733 2001 1770 cooptassent.
2050 1737 2053 1752 ⁴

425 1777 561 1803 Caeterurn
579 1784 611 1802 ex
625 1775 741 1801 Cicerone
759 1774 871 1803 secunda
885 1774 1030 1810 Philippica
1043 1794 1050 1805 ,
1072 1776 1099 1802 ἃ
1114 1775 1141 1802 in
1163 1775 1245 1804 Bruto
1265 1775 1392 1805 discimus
1409 1777 1441 1803 iis
1455 1797 1461 1807 ,
1483 1776 1528 1812 qui
1542 1774 1704 1811 petitionem
1722 1771 1860 1799 sacerdotii
1875 1771 1997 1808 profiteri
2050 1773 2052 1781 '

425 1813 562 1845 volebant,
582 1813 799 1840 nominationem
811 1812 884 1840 fuisse
895 1813 1078 1843 neceffariam,
1098 1812 1150 1840 hoc
1164 1814 1214 1846 est,
1235 1824 1291 1842 non
1304 1813 1417 1851 potuisse
1432 1821 1596 1850 quemquam
1609 1811 1768 1847 petitionem
1782 1808 1920 1837 sacerdotii
1933 1819 1996 1846 pro-

427 1851 510 1884 fiteri,
531 1851 578 1879 nisi
590 1851 637 1878 fibi
651 1860 736 1879 unum
751 1850 883 1887 aliquem,
903 1860 947 1878 aut
959 1851 1107 1888 plurimum
1121 1851 1205 1884 duos,
1227 1862 1290 1879 nam
1306 1853 1393 1889 plures
1404 1852 1446 1880 lex
1459 1861 1514 1879 non
1529 1849 1691 1878 concedebat
1705 1869 1712 1880 ‚
1734 1857 1766 1876 ex
1779 1846 1894 1885 collegio
1907 1847 1999 1875 conci-

423 1889 520 1922 liasset,
540 1889 554 1917 a
567 1898 621 1926 quo
633 1910 640 1920 ,
660 1889 703 1916 vel
716 1890 730 1916 a
744 1889 851 1925 quibus,
873 1889 899 1916 in
912 1891 1042 1916 concione
1054 1889 1249 1918 nominaretur.
1268 1890 1418 1926 Oportebat
1430 1896 1521 1917 autem
1535 1898 1598 1918 eum
1608 1908 1615 1919 ‚
1636 1888 1682 1924 qui
1695 1887 1848 1914 nominaret
1860 1885 1978 1923 aliquem
1987 1906 1995 1918 ‚
2048 1889 2051 1915 i

422 1929 540 1961 juratum
557 1926 587 1955 id
597 1927 697 1963 fluere,
718 1926 770 1955 hoc
783 1927 833 1958 est,
855 1926 961 1962 publice
974 1927 1074 1963 jurare,
1097 1928 1209 1964 dignum
1224 1928 1275 1956 effe
1287 1938 1349 1957 eum
1361 1951 1368 1962 ‚
1389 1937 1471 1966 quem
1484 1929 1649 1958 nominaret,
1671 1935 1704 1952 eo
1716 1923 1879 1956 sacerdotio,
1899 1924 1995 1960 dequo
2048 1919 2050 1929 Α

427 1972 556 2003 ageretur.
579 1966 661 2003 Qod
674 1966 858 2001 juramentum
873 1963 978 1993 fortasse
990 1974 1022 1992 eo
1036 1966 1085 1993 mit
1099 1966 1249 1995 institutum
1262 1988 1269 1998 ,
1289 1977 1323 1995 ne
1337 1976 1420 2005 quem
1433 1966 1561 2003 suffragiis
1573 1964 1624 1992 suis
1634 1962 1747 2000 populus
1759 1962 1902 2000 indignum
1913 1962 1996 1990 sacer-

426 2005 503 2031 dotio
514 2012 624 2032 crearet.
663 2004 785 2041 Denique
797 2002 961 2040 inauguraras
974 2003 1116 2040 oportebat
1129 2003 1178 2032 eise
1191 2014 1300 2037 omnes,
1320 2005 1496 2042 cujuscunque
1508 2003 1648 2032 iacerdotii
1661 2001 1817 2029 candidatos.
1853 2001 1894 2028 Ita
1904 2008 1995 2029 autem
2046 2009 2050 2032 ξ

428 2041 581 2070 dicebantur
593 2042 744 2079 inaugurati
756 2062 764 2073 ‚
785 2041 803 2069 fi
814 2041 938 2069 adhibitis
951 2042 984 2069 ad
999 2044 1071 2070 Deos
1084 2041 1259 2071 consulendos
1279 2045 1418 2081 auguribus
1430 2064 1438 2075 ‚
1456 2043 1691 2079 pronuntiarentur
1704 2040 1764 2067 Diis
1782 2039 1815 2066 ad
1825 2037 1994 2076 fungendum

428 2079 613 2109 sacerdotium.
651 2083 739 2117 Atque
751 2087 813 2108 ante
828 2080 916 2118 legem
930 2080 1040 2117 quidem
1057 2080 1201 2108 Domitiam
1215 2084 1330 2110 omnino
1343 2081 1515 2118 cooptabatur
1528 2082 1554 2108 in
1568 2079 1714 2116 collegium
1727 2099 1736 2111 ,
1765 2078 1810 2115 qui
1828 2077 1996 2115 inauguratus

426 2125 492 2144 erat.
513 2121 548 2145 At
563 2119 619 2155 post
631 2118 709 2157 legem
724 2117 867 2146 Domitiam
881 2128 975 2146 omnes
990 2120 1184 2154 competitores
1201 2119 1364 2158 inauguraras
1380 2120 1431 2147 effe
1449 2120 1591 2156 oportebat
1602 2138 1611 2148 ‚
1631 2118 1675 2146 sed
1690 2117 1711 2144 is
1728 2114 1797 2144 solus
1807 2115 1994 2151 coeptabatur,

430 2157 635 2197 qttcmtpopulus
648 2157 771 2188 creass'et‚
790 2157 862 2193 quod
875 2156 991 2193 pluribus
1003 2157 1097 2194 probat
1110 2157 1227 2185 Nicolaus
1239 2159 1374 2187 Gracchius
1386 2158 1432 2186 lib.
1442 2167 1467 2184 2.
1480 2158 1513 2185 de
1527 2157 1669 2187 Comitiis‚
1691 2164 1745 2193 cap.
1755 2164 1782 2190 4.
1796 2156 1823 2182 &
1836 2154 1873 2181 ita
1883 2152 1937 2180 fere
1944 2161 1993 2188 po-

427 2199 503 2227 putus
513 2194 643 2227 judicium
658 2195 827 2224 sacerdotum
842 2195 1025 2223 confirmabat.
1045 2196 1106 2231 Qia
1116 2197 1218 2224 ratione
1231 2196 1346 2230 factum,
1366 2206 1396 2226 ut
1408 2196 1477 2233 apud
1485 2196 1594 2224 Latinos
1604 2193 1727 2223 authores
1738 2199 1828 2221 totum
1840 2191 1891 2218 hoc
1903 2199 1994 2218 crean-

429 2228 527 2272 dorum
543 2230 708 2260 sacerdotum
723 2234 863 2270 negotium
878 2233 961 2261 verbo
978 2232 1148 2271 inaugurandi
1161 2235 1330 2263 contineatur
1343 2246 1348 2263 :
1369 2237 1405 2264 ita
1417 2243 1446 2263 ut
1461 2234 1643 2272 inauguratum
1659 2231 1733 2260 fuiss‘e
1745 2230 1861 2268 aliquem
1872 2226 1993 2257 fitcerdo-

428 2275 484 2294 tem
499 2268 599 2299 dicant,
620 2278 682 2297 cum
697 2270 798 2299 fastum
814 2271 887 2299 fuisse
895 2271 1064 2300 ‘sacerdotem
1079 2272 1174 2300 dicere
1183 2273 1285 2301 volunt.

468 2306 527 2333 Post
540 2305 611 2332 dieta
625 2306 744 2344 suffragia
761 2310 788 2336 in
803 2308 995 2346 mtxgtstramum
1010 2311 1144 2338 creatione
1156 2331 1164 2343 ,
1185 2312 1279 2340 eadem
1293 2312 1364 2340 fere.
1385 2320 1442 2349 quae
1456 2311 1513 2347 post
1527 2309 1683 2339 centuriata.
1702 2307 1807 2336 fiebant.
1848 2304 1991 2342 Postquam

429 2345 501 2387 enirn
518 2343 530 2371 a
543 2352 665 2379 praecone
679 2347 705 2371 ἃ
719 2355 731 2371 a
745 2347 898 2383 magistratu
912 2349 1057 2377 renuntiati
1070 2356 1144 2377 erant
1158 2370 1165 2381 ‚
1187 2359 1254 2387 quos
1265 2350 1377 2389 populus
1395 2356 1496 2378 crearat
1509 2371 1519 2384 ,
1545 2349 1661 2377 domum
1674 2346 1688 2375 a
1699 2342 1830 2383 frequenti
1840 2343 1992 2374 amicorum
2041 2339 2044 2386 i

434 2389 558 2411 toxnttatu
572 2381 776 2410 deducebantur.
2040 2402 2043 2437 ι

1936 2420 1998 2451 Post
2053 2428 2055 2435 ¹
