2075 2734
436 154 486 181 ¹74
734 136 1558 174 Aurxffiu'xu-ArumnouANAnum
1598 139 1727 170 1⁴18.st

435 193 553 223 Romani
569 191 707 225 Nymplmm
728 189 856 221 Drmdem
877 189 960 217 Fauni
980 197 1113 217 uxorem:
1135 189 1222 216 Graeci
1244 188 1278 216 de
1297 188 1445 217 nutricibus
1468 189 1564 217 Bacchi
1579 198 1661 218 unam
1674 191 1778 222 Deam,
1796 191 1908 228 scilicet,
1930 204 2011 235 quam

434 230 567 260 nominari
589 229 661 256 nefas
679 229 729 256 est:
750 229 838 264 itaque
857 227 925 262 apud
943 226 1005 257 hos,
1027 236 1090 254 cum
1110 226 1181 255 sacra
1199 227 1223 254 ei
1243 226 1325 258 fiunt,
1346 227 1442 254 vitium
1459 227 1613 263 palmitibus
1627 227 1710 256 scenae
1722 229 1799 256 tectae
1811 233 1962 268 gestantur,
1984 239 2012 266 ὃς

435 269 581 297 secundum
603 267 716 294 fabulam
732 287 738 297 ‚
765 266 855 293 Draco
874 264 944 292 lacer
964 265 1033 303 apud
1054 266 1141 293 Deam
1155 264 1308 293 collocatur.
1350 265 1422 293 Cum
1436 274 1466 292 ea
1479 265 1548 294 sacra
1560 274 1724 307 peraguntur
1736 286 1744 298 ,
1770 268 1859 296 virum
1873 274 2014 306 accedere,

436 315 480 335 aut
500 306 593 334 iisdem
615 306 641 332 in
661 304 757 332 cedibus
776 303 826 330 efl'e
845 302 917 330 nefas
939 303 1063 332 ducitur:
1088 303 1147 341 ipsae
1167 305 1236 331 inter
1258 302 1283 330 se
1302 302 1427 330 mulieres
1442 303 1527 332 multa
1539 314 1603 333 curn
1618 305 1728 339 orphms
1741 308 1926 337 convenIentia
1938 311 2015 340 obire

435 345 562 373 feruntur.
584 345 684 370 Eorum
696 340 821 378 mgiorum
835 349 941 378 tempus
954 344 981 371 ἃ
995 341 1145 370 celebrandi
1160 352 1258 369 munus
1272 351 1335 368 cum
1349 342 1382 369 ad
1397 341 1546 370 Consulem
1560 343 1602 371 vel
1616 343 1762 371 Praetorem
1777 344 1899 378 devenit,
1918 348 1972 386 ipse
1986 353 2015 379 δε

435 393 518 411 omne
532 382 603 418 quod
618 381 654 407 est
668 379 816 407 masculum
831 400 837 410 ‚
865 379 963 407 aedibus
979 381 1153 418 egrediuntur
1167 392 1170 396 ’
1198 390 1266 408 uxor
1280 380 1395 408 domum
1411 388 1522 408 exornat
1537 402 1543 413 ‚
1564 384 1591 410 &
1603 380 1729 418 pleraque
1743 382 1826 410 noctu
1840 384 1906 413 fiunt
1919 407 1926 418 ‚
1945 387 2014 423 jocis

435 423 467 448 ad
488 421 618 448 nocturna
636 418 707 446 iacta
727 418 852 446 admixtis
865 439 873 450 ‚
902 419 1050 456 musicaque
1070 419 1155 447 multa
1174 419 1300 447 adhibita.
1341 419 1475 446 Hactenus
1497 419 1658 449 Plutarchus.
1683 420 1801 448 Laaant.
1816 431 1848 450 ex
1863 425 1935 454 Sext.
1949 425 2014 454 Clo.

436 460 481 486 dio
505 457 586 484 refert
600 477 606 488 ‚
633 461 750 483 Faunum
772 466 886 485 uxorem
907 457 990 485 Fauni
1009 457 1082 485 fiiiffe
1096 479 1104 490 ‚
1132 467 1190 494 quae
1209 458 1271 494 quia
1283 464 1378 484 contra
1390 466 1498 484 morem
1513 458 1644 496 decusque
1657 458 1762 495 regium
1777 459 1845 487 clam
1860 461 1916 489 vini
1928 463 2011 493 ollam

436 495 553 523 ebibiss'et
562 516 568 526 ‚
589 497 615 523 διε
631 495 699 522 sach
713 494 784 522 ebria
798 495 875 527 ess‘et,
895 496 976 533 virgis
991 498 1102 532 myrteis
1115 494 1129 522 ὲ
1144 497 1203 523 viro
1216 495 1297 533 usque
1310 495 1343 522 ad
1356 503 1477 522 mortem
1494 496 1555 523 caesa
1570 497 1661 524 fuerit:
1681 497 1770 534 postea
1777 507 1839 525 cum
1847 503 1940 537 Regem
1948 501 2012 531 faffi

436 534 471 560 sui
494 534 637 570 poeniteret
651 554 658 565 ‚
686 535 712 561 δε
726 534 814 560 uxoris
826 533 985 561 defiderium
998 533 1068 562 ferre
1083 544 1138 561 non
1153 533 1238 570 posset
1250 554 1258 565 ‚
1285 533 1408 560 divinum
1422 533 1459 560 illi
1472 543 1573 563 numen
1587 534 1705 562 delatum
1720 535 1771 561 effe
1785 546 1790 562 :
1817 536 1972 577 idcircoque
1983 541 2012 569 in

436 571 513 599 iactis
534 572 589 608 ejus
610 572 769 599 obvolutam
789 571 844 598 vini
859 571 1017 608 amphoram
1033 573 1099 608 poni
1113 572 1228 602 solitam.
1269 572 1336 608 Qae
1349 571 1500 597 Plutarthus
1512 573 1540 600 in
1555 573 1654 611 Qaest.
1668 574 1752 600 Rom.
1767 575 1854 610 quaest.
1871 585 1916 606 20.
1930 578 2013 614 paulo

436 610 511 637 aliter
530 618 626 638 narrat.
646 609 754 637 Macrob.
772 608 817 637 lib.
830 619 851 636 1.
867 611 970 637 Saturn.
986 619 1042 647 cap.
1055 621 1095 638 12.
1116 610 1200 638 multa
1213 609 1246 637 de
1258 611 1330 636 Bona
1343 613 1400 636 Dea
1413 608 1492 637 habet
1505 630 1512 641 ‚
1533 619 1616 647 quam
1630 611 1743 638 eandem
1756 611 1821 639 dicit
1837 612 1889 641 effe
1902 619 2013 644 Terram

434 647 477 675 vel
499 648 638 679 Tellurem,
659 650 686 675 ἃ
705 646 827 684 appellari
846 648 981 676 interdum
1001 652 1100 676 Bonam
1114 653 1212 676 Deam:
1231 648 1368 675 interdum
1384 651 1516 675 Faunum.-
1537 653 1629 683 Opem,
1651 651 1772 676 Famam-
1798 653 1897 678 Bonam
1910 657 2010 687 Deam,

434 686 507 722 quod
521 687 648 713 omnium
661 685 738 712 nobis
751 686 783 713 ad
800 686 902 713 vistum
915 687 1051 715 bonorum
1065 687 1140 715 causa
1153 687 1196 714 fit:
1217 690 1349 717 Faunum,
1370 686 1443 723 quod
1457 687 1534 714 omni
1546 687 1603 714 ulixi
1615 686 1795 714 animantium
1807 687 1905 716 faveat:
1924 696 2012 726 opem,

435 724 508 760 quod
528 725 604 760 ipfius
623 723 719 752 auxilio
740 725 794 752 vita
811 725 924 753 constet:
946 729 1073 757 fatuam,
1095 723 1109 753 {i
1130 724 1227 757 fando,
1247 724 1319 761 quod
1338 724 1452 752 infantes
1471 734 1548 762 partu
1569 725 1634 753 editi
1652 733 1707 751 non
1721 725 1792 762 prius
1805 735 1903 754 vocem
1917 730 2012 762 edant,

434 770 517 798 quam
531 763 670 800 attigerint
684 770 794 792 terram.
821 763 896 790 Plura
909 764 942 791 de
954 763 1004 791 hac
1017 764 1086 800 apud
1099 761 1255 790 Macrobium
1268 762 1335 800 lege.
1363 762 1451 798 Hujus
1463 764 1528 790 Deae
1539 763 1610 791 {acra
1623 762 1733 790 violavit
1747 766 1778 790 Ρ.
1793 763 1908 797 Clodius,
1929 768 1951 795 is
1964 768 2010 805 qui

433 801 523 836 postea
538 800 678 827 Ciceronem
689 801 716 828 in
730 800 838 828 exilium
852 802 967 839 pepulit,
989 802 1023 829 de
1037 811 1092 839 quo
1105 801 1188 829 Cicero
1202 800 1256 837 ipse
1269 801 1297 828 in
1312 801 1443 830 Oratione
1458 801 1491 830 de
1505 801 1665 840 Aruspicum
1679 800 1806 838 responfis
1820 803 1846 830 δε
1858 803 1929 834 alibi.
1948 807 2012 834 Plu-

433 839 534 864 tarchus
546 840 574 866 in
589 838 702 870 Caesare,
725 840 868 870 Cicerone,
889 842 916 868 ἃ
928 840 981 869 alii.

472 877 532 903 Fuit
551 879 578 904 ὅ(
600 878 631 904 Μ
641 889 656 905 Α
666 889 682 905 N
693 887 708 904 Α
729 879 755 904 G
765 888 778 905 ε
788 888 805 905 N
817 886 856 905 ET
869 888 885 905 Α
907 877 921 906 a
942 879 1075 906 Romanis
1093 878 1163 906 culta
1178 900 1185 911 ‚
1210 886 1292 916 quam
1315 875 1464 904 Plutarchus
1485 879 1513 905 in
1534 878 1631 915 Qaest.
1654 878 1738 905 Rom.
1752 887 1782 915 q.
1791 889 1836 915 52.
1856 878 1870 907 a
1884 882 2011 909 manando

432 912 533 940 dietam
548 913 622 942 fuisse
637 936 644 947 ‚
672 917 698 943 &-
713 916 785 943 ortui
798 923 877 952 atque
889 917 975 953 partui
989 916 1095 952 praeeffe
1107 925 1183 953 putat
1196 936 1204 947 ,
1230 925 1285 942 non
1297 914 1373 942 aliter
1384 924 1464 952 atque
1477 916 1547 954 apud
1561 918 1670 944 Graecos
1685 919 1790 944 Hecate.
1830 919 1902 947 Huic
1913 928 2010 949 canem

432 951 584 985 immolari,
605 960 724 990 votoque
737 953 770 981 ab
784 963 814 981 ea
827 954 883 990 peti
897 955 975 986 dicit,
996 964 1031 982 ne
1046 956 1105 992 quis
1119 955 1196 983 domi
1211 960 1337 981 natorum
1352 953 1438 981 bonus
1453 954 1508 982 fiat.

883 1025 946 1057 Dii
959 1025 1020 1058 alii
1033 1023 1071 1058 ab
1087 1024 1242 1058 hominum
1257 1022 1422 1058 affiom'bus
1435 1024 1552 1071 fitmpti.

472 1096 528 1123 MU
537 1107 553 1125 R
562 1106 595 1125 cx
605 1107 621 1125 A
643 1098 699 1125 Dea
720 1099 822 1127 defidiae
841 1099 989 1127 existimata
1008 1099 1044 1127 est
1058 1120 1066 1132 ‚
1110 1109 1150 1128 uae
1163 1099 1262 1128 faceret
1275 1098 1418 1127 hominem
1431 1098 1573 1126 murcidum
1587 1120 1594 1131 ‚
1619 1100 1646 1128 id
1661 1100 1698 1127 est
1711 1120 1719 1132 ,
1743 1100 1826 1128 nimis
1840 1101 2011 1134 defidiosum.

431 1133 590 1170 Augustinus
607 1135 653 1162 lib.
665 1143 693 1171 4.
715 1147 771 1173 cap.
790 1140 830 1166 16.
851 1140 878 1166 &
892 1137 1024 1165 Arnobius.
1058 1108 1143 1175 fastus
1164 1149 1171 1165 :
1203 1137 1304 1164 Murciae
1324 1141 1382 1164 Dea
1400 1137 1524 1165 sacellum
1541 1146 1596 1165 erat
1609 1137 1656 1165 sub
1670 1145 1765 1166 monte
1780 1139 1915 1167 Aventino
1929 1161 1936 1172 ‚
1964 1142 2010 1178 qui

430 1180 507 1199 antea
520 1177 621 1199 Murcus
635 1174 778 1203 dicebatur.
811 1174 984 1202 Tertullianus
996 1176 1066 1204 libro
1079 1177 1113 1203 de
1127 1175 1285 1212 Spe&aculis
1300 1186 1306 1202 z
1332 1175 1433 1202 Murcia
1448 1184 1555 1212 quoque
1569 1175 1673 1203 idolum
1689 1175 1760 1204 fecit.
1794 1177 1923 1205 Murciam
1935 1180 2010 1208 enim

432 1210 519 1237 Deam
535 1212 634 1238 amoris
644 1212 695 1238 effe
702 1212 795 1239 volunt
803 1233 809 1243 ‚
824 1214 867 1239 cui
880 1214 907 1239 in
915 1213 956 1240 illa
963 1221 1038 1248 parte
1045 1214 1129 1239 aedem
1138 1214 1246 1239 vovere.
1265 1213 1336 1238 Vide
1342 1211 1480 1247 Joftphum
1488 1212 1640 1248 &aligerum
1648 1214 1892 1249 castigationibusin
1899 1214 2008 1253 Festum.

469 1250 486 1273 S
495 1256 512 1274 T
522 1258 536 1274 R
547 1258 560 1275 ε
569 1257 585 1274 Ν
598 1258 613 1274 υ
625 1259 640 1275 A
656 1258 714 1285 quae
725 1249 879 1287 impellebat
892 1250 1031 1283 homines,
1052 1257 1082 1278 ut
1095 1250 1198 1277 strenue
1214 1249 1277 1287 quid
1292 1256 1410 1285 agerent.
1451 1249 1515 1285 Ejus
1532 1248 1657 1277 sacellum
1670 1249 1721 1277 fuit
1735 1251 1762 1278 in
1775 1252 1817 1278 via
1828 1252 1906 1281 Cacra.
1932 1256 2010 1280 Varro

426 1283 472 1312 lib.
483 1291 511 1321 4.
525 1285 557 1312 de
570 1286 659 1324 lingua
674 1288 775 1316 Latina.
1503 1322 1507 1326 ,

470 1325 488 1350 S
497 1332 513 1349 τ
524 1333 533 1351 x
542 1334 562 1351 M
571 1334 611 1351 ut„
621 1335 635 1351 A
652 1326 722 1357 Dea,
743 1336 800 1362 quae
813 1326 882 1355 ultra
896 1327 1010 1354 modum
1023 1327 1056 1355 ad
1072 1326 1207 1364 agendum
1220 1325 1376 1354 stimularet.
1397 1323 1563 1361 Augustanus.
1692 1361 1696 1365 η

469 1363 493 1389 Α
503 1372 519 1389 o
530 1372 543 1390 ε
552 1372 568 1389 N
578 1373 594 1390 o
604 1372 621 1389 R
632 1374 639 1390 1
650 1374 666 1391 A
677 1374 698 1390 M
714 1363 858 1395 vocabant,
878 1374 935 1401 quae
948 1365 980 1392 ad
994 1365 1129 1402 agendum
1144 1365 1272 1392 excitaret
1281 1384 1288 1394 ‚
1308 1363 1340 1390 ab
1352 1363 1447 1399 agendo
1461 1362 1571 1389 dietam.
1589 1360 1751 1400 Augustmus.
1794 1384 1798 1389 ,

469 1401 493 1427 A
502 1410 518 1427 G
527 1409 544 1427 o
553 1408 587 1428 Ni
596 1410 634 1429 us
650 1401 731 1429 etiam
746 1403 818 1430 Deus
831 1402 931 1433 dictus,
953 1404 999 1439 qui
1013 1402 1130 1439 praeefl'et
1142 1401 1219 1429 rebus
1233 1401 1352 1437 agendis.

468 1440 522 1466 Ho
531 1449 544 1465 R
555 1447 572 1464 τ
582 1448 596 1465 A
607 1449 627 1467 M
642 1461 650 1471 ‚
676 1439 708 1467 ab
727 1439 849 1466 hortando
868 1438 969 1467 dictam
985 1461 992 1471 ,
1017 1441 1090 1477 quod
1110 1440 1142 1467 ad
1156 1439 1275 1467 honestas
1289 1439 1406 1466 aetiones
1420 1438 1603 1466 exhortaretur
1616 1459 1623 1469 ‚
1653 1440 1679 1465 δε
1693 1440 1823 1468 incitaret.
1860 1441 2011 1471 Plutarchus

430 1476 458 1503 in
476 1477 668 1513 Qaestionibus
683 1478 815 1505 Romanis
829 1499 835 1509 ‚
857 1478 943 1515 quaest.
957 1482 1002 1513 46.
1017 1488 1049 1507 ex
1064 1478 1177 1506 Antistio
1193 1476 1319 1505 Labeone
1332 1477 1412 1504 docet
1426 1487 1431 1503 :
1453 1486 1534 1514 quam
1548 1483 1640 1504 tamen
1654 1477 1690 1505 ait
1701 1478 1756 1505 aliis
1769 1479 1854 1507 videri
1867 1489 1927 1508 eam
1943 1482 2009 1513 effe,

430 1522 487 1550 quae
499 1515 557 1549 post
568 1519 640 1542 Hora
652 1515 732 1543 fuerit
746 1515 889 1552 appellata,
910 1517 967 1543 Dea
979 1516 1068 1554 agilis,
1090 1519 1116 1544 ὃς
1131 1514 1223 1543 multis
1234 1515 1336 1544 intenta
1345 1515 1470 1552 negotiis.
1507 1514 1582 1542 Alios
1595 1516 1677 1542 etiarn
1692 1516 1758 1543 dicit
1770 1517 1937 1552 existimare,
1956 1519 2010 1548 hoe

432 1560 536 1578 nornen
556 1552 569 1579 a
590 1554 688 1581 Graeco
710 1557 766 1587 ἱρᾶν,
789 1554 861 1591 quod
881 1554 933 1586 est,
954 1555 1060 1586 videre,
1082 1555 1107 1582 ei
1119 1553 1250 1581 tributum
1265 1553 1331 1584 effe,
1349 1554 1421 1590 quod
1435 1552 1466 1580 fit
1480 1554 1537 1580 Dea
1550 1551 1688 1589 inspiciens
1702 1562 1752 1581 res.
1791 1554 1888 1582 Ennius
1903 1559 1930 1584 ὃ(
1942 1557 2008 1583 Ovi-

430 1587 488 1614 dius
508 1591 649 1617 mernor-ite
669 1592 787 1627 produnt
800 1612 808 1623 ,
835 1600 894 1619 eam
910 1593 1017 1628 Qirini
1031 1613 1038 1623 ,
1063 1593 1105 1620 vel
1122 1591 1234 1619 Romuli
1247 1600 1361 1619 uxorem
1375 1590 1451 1618 fuiss‘e
1463 1611 1470 1622 ,
1497 1600 1554 1628 quae
1567 1591 1619 1618 alio
1634 1592 1747 1619 nomine
1759 1590 1870 1627 Hersilm
1884 1593 1955 1621 dicta
1968 1594 2009 1623 fit.

431 1627 494 1662 Ejus
517 1628 649 1663 templum
666 1628 772 1665 semper
791 1637 913 1666 apertum
935 1631 1054 1658 manfiffe
1074 1630 1224 1656 Plutarchus
1237 1628 1340 1661 scribit,
1360 1629 1403 1656 vel
1418 1629 1478 1666 quia
1489 1630 1548 1655 Dea
1560 1628 1592 1656 fit
1604 1628 1728 1660 hortans,
1748 1631 1775 1657 &
1788 1630 1901 1658 incitans
1914 1632 1946 1659 ad
1959 1631 2008 1659 ho-

431 1665 513 1693 nestas
528 1665 645 1694 actiones
656 1687 664 1698 ,
685 1674 715 1694 ut
729 1668 890 1705 fignificetur
907 1669 1061 1696 industriam
1079 1677 1139 1695 eam
1159 1667 1316 1704 semperque
1329 1675 1487 1704 occupatam
1504 1675 1641 1702 nunquam
1663 1667 1781 1695 cun-stari
1798 1668 1895 1696 debere
1907 1689 1916 1700 ,
1941 1679 2008 1697 nun·

431 1712 512 1739 quam
533 1703 659 1731 incltuam
671 1725 679 1736 ‚
706 1706 902 1742 impeditamve
923 1708 1007 1734 teneri
1020 1717 1026 1733 ε
1053 1706 1094 1734 vel
1113 1713 1143 1733 ut
1160 1705 1321 1743 fignificetur
1338 1714 1475 1742 nunquam
1489 1705 1521 1731 ab
1536 1713 1566 1731 ea
1580 1713 1621 1732 res
1635 1704 1762 1733 humanas
1775 1705 1877 1743 negligi
1892 1707 2008 1740 debere,

431 1750 492 1768 cum
507 1742 600 1769 omnia
612 1742 748 1774 observet,
771 1746 796 1771 Ex·
813 1743 923 1772 sollicita
936 1744 966 1772 fit
977 1746 1010 1772 de
1022 1743 1162 1775 omnibus,
1183 1743 1225 1771 vel
1239 1744 1320 1771 etiam
1334 1751 1363 1770 ut
1377 1744 1469 1770 omnia
1484 1742 1575 1770 videre
1586 1743 1675 1779 poffit,
1695 1744 1726 1770 In
1739 1753 1790 1780 qua
1803 1744 1884 1772 Urbis
1896 1746 2007 1782 regione

430 1779 562 1815 templum
576 1779 641 1812 hoc,
662 1781 721 1808 sciri
733 1791 788 1808 non
801 1782 893 1817 petest.
915 1782 1014 1810 Nonius
1026 1782 1173 1812 Min-cellas,
1194 1781 1239 1809 ubi
1252 1782 1330 1809 Ennii
1343 1782 1450 1809 versum
1464 1790 1497 1809 ex
1510 1780 1527 1808 l.
1541 1790 1562 1808 1.
1573 1781 1668 1809 Annal.
1681 1782 1788 1810 recitat:

731 1823 814 1858 Teque
826 1818 936 1857 Quirine
943 1829 1020 1855 pater
1031 1830 1132 1848 veneror
1140 1841 1149 1849 ,
1169 1822 1315 1855 Horamque
1325 1818 1440 1857 Qirini.

468 1854 615 1887 jux-emulis
630 1858 718 1884 Deam
733 1857 808 1886 fuiile
821 1859 894 1886 dicit.
907 1859 1022 1896 Agellms
1034 1859 1080 1886 lib.
1095 1869 1135 1896 13.
1149 1866 1205 1894 cap.
1219 1868 1262 1885 21.
1282 1856 1387 1896 Qirmi
1400 1865 1514 1884 uxorem
1529 1862 1615 1884 vocat.
1627 1855 1701 1883 Vives
1716 1856 1749 1884 ad
1761 1855 1938 1895 Augustinum
1954 1857 2007 1894 l.4.‘

429 1902 450 1919 c.
468 1896 507 1921 16.
521 1895 634 1922 eandem
651 1905 713 1923 cum
728 1897 785 1923 Dea
799 1894 909 1922 stimula
921 1896 996 1923 fuiffe
1008 1904 1095 1933 putat.

469 1932 495 1959 C
505 1942 519 1958 A
529 1943 545 1959 τ
555 1944 563 1960 ι
572 1942 608 1960 us
623 1934 695 1961 Deus
707 1934 806 1965 dicius,
827 1934 872 1971 qui
884 1933 1009 1962 homines
1020 1942 1108 1965 ctum,
1127 1934 1154 1961 id
1169 1934 1220 1965 est,
1240 1940 1330 1961 acutos
1343 1932 1449 1960 Faceret.
1470 1930 1579 1969 August.
1594 1931 1610 1959 l.
1619 1940 1647 1968 4.
1661 1941 1717 1968 cap.
1728 1942 1772 1960 21.

471 1972 493 1995 V
504 1980 521 1997 ο
529 1980 543 1997 L
553 1980 570 1998 u
578 1981 599 1998 M
609 1982 625 1999 Ν
635 1981 652 1998 u
660 1982 672 1999 s
692 1974 778 2003 Deus,
800 1973 826 2000 &
848 1974 872 1999 V
880 1983 896 1999 o
907 1983 922 2000 L
932 1982 948 1999 u
957 1982 977 1999 M
987 1984 1003 2000 N
1014 1984 1030 1999 A
1047 1973 1105 2000 Dea
1113 1992 1121 2004 ‚
1141 1971 1156 1999 a
1168 1971 1269 1999 volenda
1282 1971 1359 2002 dieti,
1381 1971 1455 2008 quod
1465 1971 1536 1998 bona
1550 1969 1660 1998 vellent:
1682 1970 1790 1999 fuerunt
1806 1971 1887 2000 etiam
1898 1972 1945 2000 Dii
1956 1976 2006 2001 ηας

427 2007 534 2042 pudes,
553 2017 582 2036 ut
592 2009 659 2036 bene
672 2011 899 2048 conjungerentur
909 2011 1046 2048 conjuges.

462 2048 491 2084 *A
502 2057 519 2073 ι)
529 2056 538 2072 r
551 2057 592 2074 ox
604 2058 621 2074 A
642 2050 669 2076 &
689 2050 810 2076 Aaron
821 2059 837 2075 A
857 2049 921 2076 Deae
940 2048 1016 2077 culrae
1035 2048 1158 2081 fuerunt,
1179 2057 1236 2086 quae
1251 2047 1365 2076 adeundi
1384 2050 1412 2077 ὅ(
1431 2047 1544 2076 abeundi
1565 2046 1719 2075 facultatem
1735 2047 1894 2084 praestarent.
1916 2054 2003 2087 Augu-

426 2081 492 2114 stm.
504 2083 546 2109 lib.
556 2093 583 2119 4.
595 2093 703 2120 cap.2t.
718 2088 744 2114 ὃε
755 2086 800 2114 lib.
812 2097 836 2122 7.
848 2095 904 2123 cap.
914 2094 938 2122 3.

471 2123 495 2146 V
506 2131 521 2146 A
530 2131 568 2147 cu
577 2132 592 2147 N
604 2132 620 2148 A
631 2132 651 2149 M
665 2124 701 2150 ait
718 2128 793 2151 Varro
806 2124 823 2152 l.
837 2135 858 2152 1.
887 2127 991 2152 Rerum
1007 2125 1173 2156 divinarum,
1189 2123 1326 2152 Vifforiam
1340 2125 1441 2152 dietam
1456 2124 1507 2151 effi:
1519 2122 1532 2150 ὲ
1546 2122 1646 2151 Sabinis
1660 2145 1668 2156 ,
1689 2126 1716 2153 ὅ(
1732 2133 1762 2151 ea
1775 2124 1894 2151 maxime
1905 2125 2002 2162 gaude-

433 2166 461 2184 re
482 2167 540 2190 εοε,
561 2159 605 2195 qui
627 2159 751 2195 sapiemia
767 2164 883 2191 vincunt.
915 2163 967 2191 Alii
979 2163 1029 2192 alia
1043 2165 1077 2191 de
1090 2173 1120 2191 ea
1132 2163 1247 2191 tradunt.
1268 2162 1398 2200 Porphyrio
1408 2163 1514 2190 Horatii
1527 2162 1657 2198 interpres
1671 2162 1773 2199 aliquot
1787 2161 1929 2189 authorum
1946 2163 2003 2190 sen-
2039 2170 2042 2171 ⁷

431 2198 528 2223 tentias
544 2197 652 2227 recitat,
672 2198 705 2225 sic
724 2199 838 2228 scribens
851 2211 856 2227 z
875 2204 974 2228 Vacum
995 2202 1064 2238 apud
1078 2201 1190 2229 Sabinos
1202 2201 1350 2237 plurimum
1363 2199 1460 2229 colitur
1472 2201 1544 2232 Dea,
1564 2209 1620 2236 quae
1633 2200 1669 2227 est
1681 2200 1727 2227 sub
1738 2201 1838 2227 incerta
1849 2198 1934 2237 specie
1947 2200 2002 2228 for-

432 2242 521 2265 mata5
548 2234 656 2270 quidam
676 2235 835 2269 Minervam,
856 2239 900 2266 alii
917 2239 1030 2267 Dianam
1048 2236 1222 2276 putaverunt}
1242 2238 1364 2265 nonnulli
1383 2241 1501 2265 Cererem
1522 2238 1573 2266 ess'e
1588 2238 1728 2266 dixerunt:
1747 2237 1790 2265 sed
1810 2241 1896 2264 Varro
1919 2237 2003 2265 Vibio-

430 2270 506 2299 riam.
532 2274 596 2299 Haec
615 2271 666 2298 ille.
694 2273 811 2309 Qidam
830 2277 939 2309 volunt,
964 2281 1091 2306 Vacunam
1108 2282 1192 2305 Deam
1211 2277 1342 2304 creditam
1362 2276 1451 2308 fuisse,
1472 2286 1529 2313 quae
1551 2276 1702 2305 vacantibus
1720 2278 1748 2305 δε
1768 2275 1857 2303 otiofis
1876 2276 2002 2311 pra-effet-

433 2310 495 2345 Ejus
513 2309 647 2345 templum
666 2310 761 2337 Romae
781 2311 830 2339 fuit
843 2334 850 2344 ,
876 2316 1108 2350 quemadmodum
1123 2317 1151 2344 in
1174 2325 1196 2343 1.
1209 2315 1417 2342 Commentario
1431 2315 1593 2351 Reipublicae
1608 2315 1756 2346 Romanae,
1781 2315 1810 2341 in
1822 2311 2001 2350 descriptione

427 2357 490 2375 XIV·
504 2347 584 2374 Urbis
597 2348 738 2384 regionum
749 2368 757 2380 2
780 2351 922 2383 Onuphrms
937 2353 1076 2381 Pamvinms
1090 2355 1183 2382 docet:
1201 2352 1274 2381 locus
1286 2360 1377 2381 tamen
1390 2353 1535 2389 ignoratur.

466 2389 490 2414 V
503 2395 512 2413 1
524 2394 648 2413 rutam
669 2386 756 2413 Deam
778 2387 867 2424 Hyllus
886 2390 914 2417 in
933 2389 1002 2418 libro
1016 2412 1024 2424 ‚
1051 2401 1134 2430 quem
1153 2392 1187 2421 de
1207 2391 1265 2421 Diis
1285 2390 1458 2428 composuit,
1485 2392 1575 2421 vocari
1587 2391 1673 2424 dicit,
1696 2388 1863 2428 quaelaetitiae
1875 2390 2002 2427 praeeffet.

1941 2427 2000 2456 riso
2050 2419 2053 2426 ⁴
