2075 2734
0 1364 2 1373 >

0 1377 2 1390 l

482 71 610 99 Ltn

651 78 855 96 finnt-z

916 69 1278 98 Lecta-us.

1600 75 1659 114 839

94 124 145 148 asto
153 122 294 149 consulatu,
305 119 406 147 abiisset,
413 119 436 143 ἃ
445 118 471 142 ab
479 121 504 142 L.
514 117 614 142 Antistio
626 115 803 147 tribunoplebis
810 118 859 140 Ro·
886 114 938 139 sum
945 114 989 140 esse
996 114 1074 152 scribit
1080 112 1174 143 Livius,
1189 117 1244 141 utei
1251 117 1338 142 nubere
1346 118 1452 150 ingenuo
1459 119 1547 145 liceret.
1560 128 1609 154 quo
1617 130 1657 153 pa-

92 163 136 180 ma:
144 155 268 186 appellatus
274 152 340 180 esset,
359 151 472 187 appellato
484 150 587 181 collegio
600 148 718 185 obtinuit,
737 155 791 184 cum
799 147 857 179 reip.
886 147 1050 184 :aglibertiurs
1056 155 1110 172 cum
1117 149 1215 180 reliquis
1221 149 1311 186 civibus
1317 150 1435 187 connubia
1442 160 1490 176 non
1497 152 1657 187 fuisse-Postea

91 185 155 210 causa
164 184 257 211 abesset,
279 192 329 208 reus
343 192 372 207 ne
384 187 457 207 neret,
470 189 491 205 at
505 185 539 206 M.
554 184 687 207 Antonius,
706 180 746 203 ille
759 178 858 203 disertus
886 179 938 210 lege
945 181 1009 211 Papia
1016 187 1109 203 cautum
1117 180 1518 215 est,utomnrbusrngenurs,praeter
1527 186 1656 214 senatores,

91 221 117 243 L.
127 217 197 241 Crassi
205 217 301 240 smulus
313 218 336 239 in
344 216 442 239 oratoria
454 213 536 240 laude,
548 219 617 239 cum,
634 210 732 247 quasso:
743 211 769 235 in
778 210 853 247 :aliam

92 247 252 280 proficiscens,
268 247 423 272 Brundusium
435 246 483 273 jam
494 244 630 275 pervenisset
642 245 716 266 literis
727 250 813 266 certior
822 243 856 279 ξι

92 281 143 305 &us
151 297 157 308 ‚
170 280 250 304 incesti
258 280 280 303 se
288 279 428 310 postulatum
436 276 528 308 apuer.
536 274 637 299 eaffium
646 282 768 306 ptaetorem
777 291 783 302 ‚
790 282 855 302 cu1us

90 311 206 338 tribunal,
224 319 317 342 propter
325 311 424 334 nimiam
432 308 575 331 severitatem
588 306 696 338 scopulus
709 314 804 331 reorum
811 314 853 338 pu-

88 343 176 368 tabatur
185 361 191 370 ,
199 344 257 373 legis
265 342 384 367 Memmiae
391 339 505 363 beneficio
513 339 547 362 uti
554 339 639 366 noluit,
647 346 676 362 ne
682 338 724 362 sibi
732 339 793 362 male
800 345 853 371 cons

92 375 151 400 scius
158 375 232 399 videri
246 374 324 406 poffet.
339 373 462 403 statimque
475 372 500 393 in
514 369 601 394 Urbem
615 371 724 396 recurrit,
737 371 775 397 ὃς,
794 373 856 393 caula

91 408 153 431 dista
161 424 167 434 ‚
182 406 298 430 absolutus
304 404 343 428 est.
357 404 414 427 hanc
420 404 499 434 legem
507 403 591 426 Cicero
599 401 709 434 fignificat
716 402 740 425 in
749 402 855 425 oratione

90 439 116 462 in
125 439 244 463 Vatinium
251 445 300 469 cap.
311 445 347 463 ¹4·
359 443 412 459 cum
421 435 464 458 ait:
483 438 534 457 cum
547 434 601 461 ribi,
619 441 694 457 mmm
708 435 775 456 velles
784 450 790 460 ‚
807 435 856 455 lete-

89 478 131 493 ret.
149 473 237 493 Feterar
250 471 315 492 enim
324 467 605 496 Vatinius,rcumlegatus
617 465 684 492 esset,
699 465 814 492 iudicium
821 472 856 488 re-

90 500 174 525 cusare.
189 500 280 533 quodei
290 507 328 531 per
336 500 414 530 legem
422 498 563 522 Memmiam
572 497 662 520 licebat.
681 497 854 532 Curizrturain-

91 533 143 564 quit
151 534 249 559 Cicero,
263 541 311 554 cum
325 532 436 561 legationis
445 532 543 562 perfugio
556 537 589 552 mr
602 530 706 555 nolueri53
716 530 856 558 appellatione

88 564 237 594 improbrffima
248 570 267 586 re
273 564 419 585 adana-mum
432 564 539 592 nefarium
551 562 672 590 contulisti?
686 559 857 593 Non-abhorret

90 593 199 625 {legibus
206 595 234 618 de
242 595 377 622 iudiciislex
386 594 424 617 illa
432 611 438 620 ,
453 599 524 623 quam
532 594 560 616 C.
570 592 699 624 Calpurnio
707 592 791 626 Pilone
799 607 804 615 ,
819 593 854 614 M.

88 628 168 652 Acilio
176 626 304 650 Glabrione
310 624 374 649 Cois.
384 624 546 648 C.Cornelius
554 623 659 647 tribunus
667 622 742 655 plebis
749 623 816 648 tulit,
830 629 855 645 ut

89 665 201 691 praetores
208 666 236 682 ex
243 658 325 681 edictis
332 657 377 680 suis
383 656 499 688 perpetuis
506 655 538 683 jus
547 656 664 680 dicerent:
676 660 801 690 cum'antea
808 670 814 680 ‚
831 661 855 677 ut

89 690 188 722 quisque
196 691 287 714 avaritia
295 706 302 718 ‚
319 695 356 713 aut
364 688 495 713 ambitione
502 687 625 712 ducebatur
633 704 640 715 ,
657 693 718 710 varie
730 693 765 715 'us
778 685 854 710 dicere

87 721 239 748 consuelsem.

323 789 347 816 C
368 797 384 815 A
405 798 419 815 ιι
438 796 457 814 υ
478 793 496 814 τ
535 788 622 815 XVI.

82 864 161 898 Leges
172 859 203 886 de
215 856 333 894 conjugiis
344 877 353 888 ,
380 857 411 883 de
422 857 482 888 jure
502 854 543 887 ἐς·
563 855 678 895 libertiate
699 853 792 882 civium
807 859 854 881 Ro-

122 892 460 929 manorum‚deſs’pulchris,
477 893 508 919 de
508 896 617 928 joencre:
635 901 747 931 itemque
754 893 818 932 leges

220 932 317 961 cailia
330 930 413 959 Didia
426 951 433 963 ,
461 929 502 963 Gy
522 930 601 963 Iunia
612 929 719 959 Licinia.

117 1010 132 1026 n
144 1001 193 1031 jure
199 1001 296 1025 civili&
302 1000 410 1031 conjugia
419 998 480 1023 sunt:
496 998 525 1023 de
531 998 617 1030 quibus
624 999 663 1023 illa
670 998 714 1023 fuit
721 999 851 1024 admodum

132 1033 276 1066 praeclaralex
283 1049 290 1059 ,
305 1040 377 1063 quam
390 1030 593 1055 {Romule-laram
601 1030 724 1061 Dionysius
737 1032 761 1055 ὃ(
769 1032 851 1055 Plutar-

84 1066 141 1089 chus
155 1065 280 1097 prodidere
288 1080 294 1090 ,
308 1070 333 1088 ut
346 1071 405 1086 uxor
419 1064 469 1086 viro
483 1063 635 1093 pecuniarum
648 1061 812 1094 sacrorumque
825 1071 850 1086 o-

86 1098 183 1121 mnium
190 1097 245 1121 esset
253 1096 312 1119 socia
320 1113 326 1123 ‚
341 1096 412 1126 eique
424 1094 439 1117 fi
454 1094 500 1118 line
507 1094 587 1118 liberis
594 1096 617 1118 ὃς
626 1094 732 1118 intestato
738 1095 802 1118 diem
811 1095 852 1118 ob>

85 1127 145 1156 iiffet
152 1129 222 1152 haeres
228 1127 294 1152 esset:
302 1126 336 1150 fin
343 1127 405 1150 filios
411 1126 661 1158 reliquill‘et,oequalem
667 1133 721 1150 cum
729 1127 757 1150 iis
765 1133 852 1157 partem

84 1160 224 1192 penideret:
238 1167 289 1191 quae
296 1158 311 1181 fi
319 1157 424 1181 adversus
430 1158 507 1180 virum
516 1158 663 1189 delinqueret
671 1175 678 1187 ‚
691 1159 726 1181 vii·
739 1158 786 1189 ipse
798 1166 853 1182 cum

84 1192 226 1224 propinquis
232 1199 282 1214 eam
290 1191 399 1217 iudicaret
408 1205 415 1216 ,
424 1189 448 1212 ὅ(
457 1206 462 1216 ,
474 1188 491 1212 fi
500 1196 537 1212 aut
544 1190 662 1220 impudica
670 1188 748 1213 fuisset
756 1207 761 1216 ,
771 1198 807 1213 aut
816 1198 851 1214 ve-

85 1223 190 1247 neficain
197 1223 283 1247 liberos
290 1221 343 1246 suos
350 1238 356 1248 ‚
369 1222 484 1244 autetiam
492 1221 575 1245 vinum
583 1220 688 1245 ebibisset
696 1238 702 1247 ‚
716 1221 778 1250 (haec
785 1223 850 1246 enim

84 1255 167 1279 omnia
173 1255 290 1279 Romulus
295 1253 399 1283 capitalia
405 1252 448 1276 esse
456 1253 542 1282 voluit)
550 1259 626 1276 morte
634 1253 742 1286 multaret
751 1270 757 1279 ‚
770 1255 820 1280 vel,
834 1254 850 1277 si

77 1286 167 1313 ,mallet
175 1303 182 1313 ,
194 1286 324 1309 divortium
331 1284 423 1308 faceret.
437 1284 503 1316 quod
510 1284 526 1307 fi
534 1284 587 1315 quis
594 1285 635 1308 alia
648 1285 677 1308 de
683 1287 744 1307 caula
753 1292 850 1309 uxorem

84 1316 223 1348 repudiasset
230 1334 237 1344 ,
244 1317 293 1345 ejus
299 1315 419 1340 bonorum
427 1322 515 1346 partem
527 1315 556 1339 ad
563 1323 662 1340 uxorem
669 1318 782 1347 pertinere
790 1333 796 1344 ,
805 1325 851 1348 par-

84 1354 136 1372 tem
142 1356 197 1372 vero
204 1347 374 1373 Cererisacram
381 1346 425 1371 effe
437 1346 504 1376 juffit.
517 1346 563 1372 diis
576 1355 646 1379 porro
660 1348 740 1371 inseris
748 1364 754 1374 ,
768 1349 809 1379 qui
817 1349 851 1372 di-

82 1381 191 1404 vortium
198 1380 288 1407 faceret,
295 1378 507 1403 sacrificarevoluit.
515 1379 546 1402 ita
554 1379 636 1410 probas
643 1380 763 1406 mulieres,
770 1381 793 1403 ἃ
803 1382 853 1404 viro

81 1410 298 1443 obsequentes,tum
306 1411 465 1443 praemio,tum
472 1417 540 1441 poena
548 1412 666 1435 Romulus
673 1410 808 1442 affecit.quae
815 1413 853 1435 lex

83 1443 112 1467 ad
119 1444 266 1467 matrimonii
272 1442 423 1466 concordiam
437 1443 467 1465 ita
473 1442 545 1465 valuit
552 1459 558 1469 ,
565 1450 590 1465 ut
598 1450 638 1473 per
644 1450 717 1466 annos
724 1445 851 1466 Dxx,nu1-

84 1475 137 1499 lum
144 1475 274 1499 divortium
283 1475 307 1497 in
315 1474 377 1497 Urbe
384 1474 461 1496 fuerit.
474 1480 552 1496 mores
564 1475 630 1497 enim
644 1474 671 1497 ad
677 1474 801 1504 ingenium
809 1476 853 1498 viri

84 1513 227 1538 unaquaeque
235 1504 415 1537 fingebaueique
422 1505 446 1528 in
454 1504 566 1528 omnibus
572 1504 639 1528 rebus
646 1505 854 1536 morigera,fidem,

86 1537 243 1570 officiumque
251 1537 369 1568 praestabat.
384 1539 471 1568 Legem
479 1537 550 1559 etiarn
558 1537 628 1560 video
635 1536 713 1563 fuisse,
727 1537 791 1560 illam
800 1538 851 1568 qui-

85 1568 142 1593 dem
149 1570 217 1600 paulo
224 1567 414 1594 severiorem,sed
420 1567 447 1590 ad
455 1567 583 1598 augendam
590 1568 676 1592 viribus
683 1569 800 1592 civitatem
809 1570 851 1592 uti-

86 1600 207 1627 liffimam,
219 1607 243 1624 ut
251 1617 257 1626 ,
264 1601 409 1631 quicumque
416 1606 456 1630 per
463 1605 552 1622 statem
558 1607 658 1623 uxorem
666 1600 749 1623 ducere
755 1599 853 1631 possent,

87 1639 173 1655 omnes
179 1631 289 1655 ducerent
298 1648 303 1658 ‚
311 1638 408 1662 quaeque
415 1631 492 1660 genita
499 1630 571 1654 ess'ent
580 1647 587 1658 ,
600 1631 728 1654 educarent.
743 1639 787 1662 qua
803 1632 854 1662 lege

83 1662 170 1687 facium
177 1663 209 1687 est
217 1680 223 1690 ,
237 1669 262 1686 ut
269 1663 379 1686 maximis
385 1662 488 1685 cladibus
494 1662 573 1685 civitas
580 1661 656 1686 affesta
664 1679 670 1688 ,
688 1661 813 1694 praesertim
822 1665 853 1685 le-

84 1696 165 1719 cundo
173 1696 260 1719 Punico
267 1695 331 1718 bello
339 1711 345 1721 ,
359 1701 479 1725 nunquam
487 1700 564 1717 tamen
578 1694 669 1724 penitus
682 1694 839 1717 exhauriretur
848 1712 854 1722 ,

87 1727 128 1751 sed
135 1734 210 1751 novos
219 1726 308 1757 semper
315 1726 429 1749 exercitus
436 1724 591 1748 summitteret
600 1742 606 1752 ,
619 1725 677 1749 adeo
685 1743 691 1753 ,
707 1732 731 1748 ut
743 1727 854 1749 extremis

85 1758 151 1782 illius
158 1759 225 1782 caedis
231 1757 386 1789 temporibus,
396 1756 445 1788 post
453 1757 536 1780 multas
542 1757 647 1788 legiones
653 1757 778 1780 occidione
784 1756 856 1785 casas,

84 1796 165 1814 tamen
180 1790 243 1820 supra
255 1792 284 1813 C.
294 1790 368 1812 millia
381 1789 470 1811 civium
478 1791 645 1812 Romanorum
656 1790 681 1812 in
695 1789 764 1812 armis
776 1789 853 1812 suerit.

83 1821 137 1846 1³0st
143 1822 277 1846 Romulum
285 1823 362 1844 Numa
368 1820 481 1850 quiddam
489 1820 539 1850 lege
546 1819 627 1847 sanxit,
634 1820 700 1852 quod
708 1820 734 1844 ad
743 1821 853 1844 tuendam

86 1854 235 1877 matrimonii
243 1853 314 1876 fidem
321 1860 344 1876 ac
352 1852 494 1882 religionem
502 1852 631 1882 pertinuit,
644 1852 729 1883 scripsit
736 1852 801 1876 enim
808 1852 854 1877 lum:

85 1885 112 1908 in
118 1885 212 1916 pellices
220 1901 227 1911 ,
239 1885 428 1915 quaelegimusin
435 1883 514 1906 Gellio
526 1891 560 1907 rv.
571 1891 591 1909 ³-
610 1885 851 1909 Pellesummhmnb

85 1925 125 1940 non
133 1918 220 1947 tangito.
229 1917 324 1946 fitangit
332 1932 338 1942 ‚
346 1917 425 1943 junoni
433 1930 438 1939 ‚
446 1914 537 1936 crinibus
543 1915 630 1944 dermffis
638 1931 644 1941 ,
650 1924 730 1945 agnum
737 1917 852 1944 foeminam

85 1949 164 1972 cadite.
183 1949 238 1977 Qu
246 1947 319 1970 Festus
327 1947 350 1970 in
360 1946 458 1969 Pellites
465 1945 547 1968 eadem
556 1953 634 1969 narrat.
651 1948 748 1970 Fuitilla
759 1954 856 1978 quoque

83 1980 123 2004 lex
130 1979 281 2008 decorijugiis
289 1995 295 2005 ,
303 1985 374 2009 quam
381 1978 406 2001 in
413 1979 463 2001 XII.
471 1977 516 2000 tab.
523 1979 550 2000 X.
559 1978 603 2000 viti
611 1976 748 2007 scripserunt
756 1994 762 2004 ,
777 1985 808 2001 ne
815 1986 851 2009 pa-

84 2011 303 2036 triciislicetetcum
312 2008 378 2041 plebe
385 2009 507 2032 connubio
520 2009 593 2038 jungi.
606 2009 672 2040 quod
680 2017 709 2032 eo
716 2009 815 2032 consilio
823 2009 852 2033 fa-

84 2044 152 2068 stum
159 2042 190 2067 est
197 2059 203 2069 ‚
218 2050 246 2065 ne
254 2049 292 2073 per
299 2042 389 2073 nuptias
396 2041 539 2064 reconciliati
554 2039 638 2064 iisdem
646 2042 730 2064 animis
737 2047 817 2065 contra
826 2044 853 2066 X.

85 2076 164 2102 viros,
178 2074 220 2106 qui
228 2074 345 2104 deponere
357 2073 485 2104 imperium
495 2071 606 2096 nolebant
614 2089 621 2099 ,
636 2080 678 2104 pro
686 2073 792 2096 libertate
798 2080 855 2097 con—

83 2105 203 2131 sentirent.
211 2113 281 2136 quam
288 2106 366 2136 legem
374 2105 448 2134 paucis
454 2103 505 2135 post
511 2111 575 2127 annis
582 2105 610 2127 C.
619 2105 742 2132 Canuleius
748 2104 855 2128 tribunus

85 2138 162 2170 plebis
169 2138 294 2168 abrogavit,
303 2138 353 2168 lege
360 2138 412 2163 lata,
420 2142 445 2159 ut
452 2143 543 2168 patrum
550 2136 575 2159 δι’
581 2136 655 2167 plebis
663 2137 793 2167 promiicua
799 2144 855 2160 con-

84 2170 157 2194 nubia
163 2168 242 2193 essent.
255 2169 279 2192 in
286 2176 335 2199 quo
343 2176 419 2192 tamen
428 2175 499 2199 patres
505 2168 615 2191 acerrime
628 2175 799 2199 repugnarunt,
813 2169 854 2199 qui

84 2201 242 2226 contaminari
249 2200 384 2230 sanguinem
391 2200 459 2224 suum
468 2216 473 2225 ,
489 2198 603 2223 confundi
617 2200 662 2228 iura
669 2201 777 2232 gentium
785 2207 809 2223 ea
817 2207 853 2224 ro-

86 2234 182 2264 gatione
189 2232 364 2256 arbitrabantur:
378 2239 434 2255 curn
442 2238 520 2255 tamen
527 2231 554 2254 ad
560 2232 650 2256 civium
657 2232 808 2255 concordiam
817 2249 824 2259 ,
831 2232 855 2255 in

85 2273 132 2296 qua
144 2265 267 2288 civitatum
280 2263 318 2288 sita
325 2263 381 2288 salus
389 2263 434 2290 est,
452 2261 669 2288 nihilesserutilius,
688 2266 776 2295 Legem
785 2265 855 2287 etiam

83 2296 154 2320 video
160 2296 235 2323 fuiffe,
246 2304 275 2320 ne
281 2295 415 2320 libertinam
423 2295 545 2324 ingenuus,
553 2295 720 2319 autlibertinus
727 2297 854 2325 ingenuam

81 2335 182 2354 uxorem
189 2328 290 2353 duceret.
297 2335 352 2353 nam
358 2330 379 2353 s.
386 2330 417 2353 c.
424 2325 522 2359 Hispalae
528 2327 629 2353 Feceniae
635 2326 751 2353 libet-tina
758 2326 853 2353 conces-

886 218 1017 243 eotumque
1024 211 1120 239 liberos,
1129 220 1212 236 uxores
1220 213 1339 238 libertinas
1346 214 1427 238 habere
1434 216 1512 240 liceret
1521 224 1526 237 τ
1535 216 1579 240 lioc
1585 218 1659 248 Julia-

886 250 929 266 nus
938 243 1014 266 :addit
1021 244 1132 274 Ulpianus
1140 245 1245 275 Dig.xx1
1252 255 1261 270 1
1269 254 1277 268 1
1284 263 1289 270 .
1298 255 1319 270 2.
1330 254 1367 273 27.
1386 248 1412 269 Si
1419 249 1494 278 quirin
1500 250 1609 277 senatorio
1624 258 1657 271 ur-

884 276 932 297 dine
937 283 1000 306 agens
1008 274 1130 298 libertinam
1137 276 1237 299 [ml-ruerit
1244 280 1455 308 uxarem‚quamvis
1461 281 1548 303 inierim
1556 288 1611 302 uxor
1618 289 1657 303 non

924 313 1020 329 attamen
1026 308 1047 328 in
1055 315 1079 329 ea
1085 308 1200 330 [οηιίιιισηε
1207 309 1241 337 est,
1249 311 1404 340 ut‚stamrfinr
1411 311 1545 341 dtgm'tatem,
1556 320 1609 334 uxor
1617 312 1656 341 eff}

883 338 981 369 incipiat.
999 340 1027 360 Et
1034 338 1114 361 Paulus
1121 346 1148 362 cx
1155 339 1206 370 lege
1220 341 1279 370 julia
1293 340 1409 372 subjungit
1421 350 1493 369 n.44.
1510 343 1655 373 ‚Quisetmtor

885 370 924 395 esi,
933 369 1066 399 quivefilr'us
1074 386 1080 395 ‚
1087 371 1174 399 negasne
1181 372 1257 401 exfilm
1268 390 1272 398 ,
1287 376 1411 405 rrcn'eposve
1422 374 1500 403 exfilio
1510 391 1516 401 ,
1530 377 1568 397 vel
1574 374 1655 404 exfiliae

883 407 957 426 natus,
964 409 1025 430 tusus
1033 410 1107 423 eorum
1116 403 1142 430 eff*
1159 410 1198 424 en:
1205 411 1239 429 ve,
1249 412 1326 434 nequis
1334 405 1504 435 eorrcmfivnsam
1514 424 1519 431 ,
1528 414 1652 429 uxoremve
1670 421 1671 424 =

877 433 945 460 sciens
952 432 997 454 dolo
1004 433 1329 462 malolii2berol1herti›1am,am
1335 444 1391 462 eam,
1400 444 1445 466 quae
1453 438 1497 468 ipsa
1506 453 1512 463 ,
1519 438 1609 468 cujusve
1616 445 1656 466 pa-

883 469 914 484 ter
922 479 928 489 7
936 470 1034 485 minerve
1040 470 1109 486 artem
1116 466 1281 495 ludnramfairr
1290 483 1295 488 .
1305 468 1402 495 seriltve:
1418 469 1579 497 nevesenatori'r
1588 469 1639 497 stlta
1646 483 1654 494 ,

883 495 977 522 nepttsve
983 494 1063 523 exfilm
1074 498 1215 525 ,pronepti-fite
1222 506 1249 519 ex
1259 498 1399 528 ›repoie‚fiiro,
1408 507 1465 525 nato,
1477 507 1538 526 nara,
1546 499 1653 527 libertina,

883 527 939 551 cive,
949 526 988 556 qui
1002 528 1045 556 epse
1054 542 1060 552 ,
1067 527 1226 558 cujua'veparer
1234 545 1240 554 ,
1252 535 1351 551 materve
1357 536 1425 552 artem
1438 532 1601 560 ludicramfricir
1610 532 1656 560 ‚fe-

883 564 911 579 cit
916 557 1023 586 ve,sponfii
1031 573 1037 583 ,
1044 560 1208 587 nupravescrens
1216 560 1260 582 dolo
1268 562 1325 582 mah>
1332 560 1377 589 esto.
1396 565 1516 592 Propterea
1530 563 1654 593 reprehen-

884 588 919 611 dit
932 589 957 611 in
964 587 1110 611 orationibus
1117 590 1199 612 Cicero
1207 593 1240 614 M.
1251 592 1383 615 Antonium
1392 609 1398 619 ,
1412 594 1452 624 qui
1462 593 1565 618 libertini
1574 595 1653 617 homi-

885 620 929 646 nis,
938 619 1126 649 q.1=adii‚z.liam
1135 628 1233 644 uxorem
1241 622 1342 646 duxerat.
1361 624 1488 648 Mulierum
1497 625 1592 649 dotibus
1601 633 1653 649 cau-

885 658 936 675 tum
944 652 1024 675 eadem
1032 652 1083 682 lege
1090 652 1304 680 animadvertimus,
1312 662 1340 678 ne
1348 656 1409 685 quis,
1418 657 1489 680 invita
1497 665 1578 683 uxore?
1588 658 1653 680 dota-

883 684 906 706 le
913 683 1025 714 praedium
1035 700 1040 710 ‚
1048 683 1143 713 quodve
1151 684 1214 708 dotis
1221 686 1283 709 causa
1291 686 1369 709 datum
1377 687 1430 711 esset
1439 705 1444 715 ,
1462 689 1559 712 alienare
1572 688 1662 720 pollet.⁸

886 719 942 738 Non
950 715 1192 746 omittenduni‚quott
1201 717 1259 747 apud
1266 718 1421 742 Callistratum
1429 720 1537 751 legimus,
1546 721 1653 752 quinque

884 746 975 777 legibus
981 747 1088 770 mulieris
1095 747 1206 770 damnatae
1214 748 1294 772 dotem
1304 749 1443 779 publicatam
1450 768 1455 778 ‚
1471 751 1591 780 majestatis
1599 769 1605 778 ‚
1619 753 1654 775 vis

883 779 988 809 publicae,
997 778 1243 809 panicidiirveueiicii-
1251 781 1280 804 de
1287 780 1377 804 sicariis.
1394 785 1461 805 Nunc
1469 791 1561 814 agamus
1569 784 1655 811 dejure

883 818 907 832 ac
915 809 1019 833 libertate
1025 810 1114 833 civium
1122 813 1193 834 Rom.
1203 819 1251 842 quo
1260 813 1288 835 de
1297 820 1379 843 genere
1386 815 1489 844 piimum
1498 816 1590 838 Sacratis
1597 815 1655 846 legi—

885 841 934 868 bus,
942 841 1028 865 deinde
1035 841 1295 867 X11.rabulisllmcitum
1302 844 1333 867 est
1356 852 1380 867 ut
1389 853 1464 876 neque
1472 846 1564 877 privatis
1573 846 1652 869 homi-

878 873 952 896 *nibus
959 874 1021 905 leges
1029 874 1185 905 irrogarentur
1194 891 1199 900 ,
1209 874 1255 898 hoc
1263 875 1303 903 est,
1311 883 1339 898 ne
1347 877 1468 907 privilegia
1481 878 1535 900 r'erti
1546 877 1635 908 possent
1643 895 1650 905 ‚

883 912 925 928 nec
933 905 1119 937 decapitecivis,
1133 905 1177 930 nisi
1189 907 1296 931 comitiis
1310 908 1458 935 centuriatis,
1472 909 1548 939 rogati
1562 909 1651 932 liceret.

900 937 948 961 uod
956 943 1083 968 utrumque
1090 944 1205 961 memorat
1213 939 1299 962 Cicero
1307 939 1332 962 in
1339 940 1445 963 oratione
1453 947 1495 971 pto
1503 941 1590 967 Sextio,
1598 941 1620 963 ἃ
1629 941 1654 964 in

893 976 930 992 uas
938 968 1068 1000 legeslibro
1076 968 1202 1000 delegibus
1214 970 1411 994 tertiorranssulit.
1429 974 1518 1002 Legem
1533 979 1611 995 autem
1624 972 1654 996 de

881 1001 1047 1031 provocatione
1054 1000 1081 1024 ad
1087 1000 1204 1032 populum
1212 1008 1247 1025 ter
1259 1000 1271 1026 Ξι
1280 1002 1367 1026 Valeria
1373 1002 1460 1026 familia
1468 1004 1537 1027 latam
1550 1003 1653 1027 animad-

881 1033 952 1055 verti:
965 1033 1077 1062 primurn,
1086 1031 1112 1056 ab
1120 1040 1149 1056 eo
1157 1050 1164 1059 ‚
1171 1034 1209 1056 cui
1216 1034 1340 1065 Poplicolae
1347 1041 1483 1065 cognomen
1489 1034 1541 1059 fuit,
1560 1035 1579 1058 is
1586 1036 1652 1060 enim

881 1063 1058 1091 Consul‚eiet'.to
1065 1065 1198 1095 Tarquin10
1205 1067 1278 1097 Rege,
1286 1066 1309 1089 δι
1318 1066 1374 1089 hanc
1382 1066 1459 1097 legem
1467 1067 1496 1090 de
1503 1068 1651 1097 provocatio-

881 1103 911 1118 ne
919 1112 925 1122 ,
933 1096 956 1119 ὅ(
964 1095 1018 1119 duas
1029 1102 1133 1126 praeterea
1142 1113 1148 1122 ‚
1156 1103 1180 1119 ut
1189 1097 1212 1119 in
1220 1097 1269 1125 ejus
1276 1098 1320 1121 vita
1328 1096 1413 1128 scripfit
1421 1098 1552 1122 Plutarchus
1560 1105 1651 1130 ‚pertu-

879 1127 921 1150 lit:
937 1135 1035 1158 quarum
1043 1128 1106 1161 prior
1113 1128 1193 1158 capitis
1200 1136 1296 1159 poenam
1304 1129 1420 1160 irrogabat
1428 1146 1435 1157 ,
1449 1130 1464 1153 fi
1473 1130 1526 1161 quis
1540 1130 1567 1153 ad
1579 1131 1654 1162 magi-

880 1158 974 1182 stratum
981 1159 1064 1187 iniussu
1071 1160 1154 1189 populi
1161 1159 1239 1183 adisset
1247 1168 1252 1183 :
1266 1161 1333 1184 altera
1342 1178 1348 1188 ‚
1355 1161 1446 1184 civium
1452 1162 1573 1193 vestigalia
1581 1161 1651 1185 sustu-

880 1191 916 1214 lit.
934 1191 976 1214 scd
985 1208 991 1218 ,
1009 1198 1060 1222 qua:
1067 1191 1096 1214 de
1104 1193 1273 1222 provocatione
1284 1191 1330 1216 fuit
1338 1209 1344 1218 ‚
1362 1200 1413 1216 eam
1421 1194 1492 1216 tertio
1505 1196 1539 1216 M.
1547 1194 1651 1217 Valerius

880 1222 971 1246 Consul
979 1223 1115 1254 diligentius
1123 1222 1196 1246 lanxit
1204 1240 1210 1250 ,
1220 1223 1329 1255 adscripta
1336 1231 1408 1254 poena
1416 1241 1422 1251 ‚
1445 1223 1462 1247 fi
1469 1224 1522 1256 quis
1529 1231 1583 1248 eum
1592 1241 1598 1252 ,
1611 1225 1655 1257 qui

879 1253 1021 1284 provocasset
1028 1271 1035 1281 ,
1042 1254 1113 1285 virgis
1118 1253 1246 1281 cecidisset,
1262 1254 1363 1279 securive
1371 1255 1476 1280 necasset.
1487 1263 1506 1279 ar
1514 1263 1558 1287 qua
1567 1259 1651 1287 poena?

880 1286 919 1308 hac
926 1293 970 1309 una
978 1302 984 1312 ,
999 1286 1109 1317 improbe
1116 1285 1200 1309 fecisie.
1214 1294 1238 1310 ea
1245 1292 1297 1310 tum
1303 1286 1407 1319 probitas
1413 1294 1460 1310 erat
1468 1304 1473 1313 ,
1484 1294 1509 1311 ut
1517 1289 1651 1318 ignominia

880 1324 928 1340 non
943 1317 1020 1341 minus
1029 1333 1035 1344 ‚
1051 1324 1122 1349 quam
1136 1316 1276 1342 acerbiffima
1290 1325 1359 1348 poena
1371 1319 1503 1342 timeretur.
1522 1318 1599 1342 Postea
1612 1319 1650 1343 lex

879 1349 1038 1379 Porcia,quam
1044 1347 1136 1372 fortass'e
1142 1351 1178 1373 M.
1184 1350 1277 1373 Porcius
1284 1351 1354 1378 Cato,
1361 1350 1401 1374 ille
1408 1351 1482 1379 major
1490 1367 1497 1378 ‚
1505 1350 1530 1374 in
1538 1350 1653 1374 Consula-

879 1386 904 1404 tu
912 1381 976 1404 tulit:
985 1380 1025 1404 etfi
1032 1387 1108 1412 neque
1114 1381 1246 1404 Plutarchus
1257 1382 1282 1404 in
1290 1382 1337 1411 ejus
1344 1383 1390 1406 vita
1398 1399 1404 1408 ,
1412 1389 1490 1413 neque
1497 1382 1554 1405 alius
1564 1399 1569 1409 ‚
1583 1382 1650 1414 quod

878 1413 1045 1439 meminerim,
1059 1413 1132 1435 ullam
1144 1413 1293 1437 mentionem
1306 1413 1373 1440 facit,
1391 1421 1420 1436 ne
1427 1414 1503 1437 civem
1511 1416 1650 1439 Romanum

878 1444 1000 1470 verberari,
1008 1444 1111 1467 necarive
1117 1444 1209 1468 liceret:
1223 1443 1239 1467 si
1247 1445 1300 1476 quis
1306 1443 1393 1468 fecisset
1400 1461 1406 1471 ,
1414 1446 1475 1475 gravi
1483 1452 1552 1475 poena
1558 1447 1653 1476 punire-

879 1482 928 1498 tur:
942 1482 987 1505 qua
995 1475 1018 1501 in
1026 1473 1136 1500 sententia
1144 1476 1206 1506 leges
1214 1476 1267 1498 alias
1279 1475 1366 1499 deinde
1379 1475 1472 1507 scriptas
1482 1475 1527 1500 ess'e
1540 1475 1651 1507 fignificat

878 1506 902 1529 in
909 1507 1070 1533 conjuratione
1076 1506 1184 1529 Catilinae
1191 1506 1308 1530 Sallustius
1315 1514 1362 1538 cap.
1368 1515 1377 1533 5
1386 1515 1406 1530 1.
1412 1515 1467 1531 cum
1476 1508 1520 1531 ait:
1538 1512 1591 1535 Aa,
1598 1511 1653 1539 quia

878 1538 914 1560 lex
922 1539 995 1559 Poma
1001 1541 1080 1560 vetar?
1095 1544 1118 1560 at
1127 1539 1293 1568 aliaei'egesitem
1300 1540 1442 1561 condemnatis
1456 1538 1539 1561 civibus
1552 1548 1590 1561 non
1603 1541 1650 1562 ani-

878 1577 937 1591 mam
945 1570 1001 1600 eripi
1008 1586 1014 1596 ,
1024 1570 1062 1598 fid
1068 1570 1162 1592 exilium
1166 1570 1265 1601 permitti
1273 1569 1361 1600 jubent.
1378 1572 1498 1602 Propterea
1505 1571 1614 1595 videmus
1626 1572 1653 1596 in

877 1601 1007 1623 criminum
1013 1600 1145 1630 suspicione
1152 1600 1227 1624 servos
1234 1601 1262 1624 ad
1268 1601 1409 1625 eliciendam
1417 1602 1538 1625 veritatem
1546 1604 1652 1634 torqueri

879 1631 961 1655 solitos
968 1630 1012 1654 esse
1019 1649 1025 1658 ‚
1036 1639 1091 1656 cum
1099 1632 1128 1655 de
1135 1631 1215 1655 liberis
1222 1632 1362 1656 hominibus
1369 1633 1523 1665 quatstionem
1531 1633 1611 1657 haberi
1619 1635 1653 1658 le-

878 1670 918 1693 ges
925 1669 1035 1686 vetarent.
1049 1670 1098 1693 quo
1106 1663 1185 1689 fiebat,
1202 1664 1252 1687 utii
1260 1680 1266 1690 ‚
1280 1665 1322 1695 qui
1330 1664 1420 1695 aliquid
1427 1663 1542 1696 supplicio
1549 1665 1652 1696 dignum

878 1692 1053 1720 commiserant,
1060 1693 1163 1721 strvosAi
1170 1702 1230 1726 quos
1237 1695 1362 1727 eiusculpa:
1370 1696 1538 1726 participe52aut
1545 1696 1652 1721 conscios

879 1725 991 1748 habebant
1004 1725 1079 1749 statim
1090 1725 1227 1749 liberarent:
1248 1725 1335 1750 liberos
1348 1728 1414 1750 enim
1431 1728 1538 1759 torqueri
1550 1727 1652 1753 sciebant

880 1765 927 1781 non
935 1758 1012 1781 licere.
1021 1757 1087 1789 quod
1094 1765 1148 1781 cum
1157 1752 1299 1789 magistratus
1307 1775 1313 1785 ,
1322 1759 1363 1789 qui
1371 1758 1459 1788 judicio
1467 1766 1559 1790 praeetat
1567 1777 1573 1786 ‚
1588 1768 1653 1785 ante-

879 1797 950 1820 quam
957 1789 1020 1812 fieret
1027 1806 1033 1815 ,
1043 1788 1190 1820 suspicaretur
1197 1807 1204 1817 ,
1212 1789 1320 1813 mittebat
1327 1790 1354 1814 ad
1361 1798 1416 1814 eum
1424 1791 1487 1818 cujus
1494 1798 1584 1815 nomen
1591 1792 1654 1816 dela-

879 1827 931 1844 tum
937 1827 984 1844 etat
992 1838 998 1847 ,
1018 1827 1042 1844 ut
1049 1820 1127 1844 servos
1134 1821 1158 1845 in
1165 1821 1201 1845 sua
1209 1821 1320 1852 potestate
1326 1821 1419 1846 haberet
1428 1839 1434 1849 ‚
1448 1821 1487 1852 (fic
1494 1824 1559 1846 enim
1568 1824 1653 1855 loque-

879 1852 976 1883 bantur)
991 1852 1037 1876 hoc
1043 1851 1088 1879 est,
1103 1860 1133 1876 ne
1140 1854 1328 1880 manumitteret,
1342 1861 1396 1877 cum
1404 1860 1444 1877 eos
1458 1854 1485 1877 ad
1491 1854 1652 1881 confitendam

878 1885 999 1908 veritatem
1007 1885 1133 1908 tormentis
1144 1885 1199 1916 cogi
1207 1885 1283 1909 vellet.
1298 1885 1418 1909 hincillud
1426 1886 1485 1916 apud
1499 1887 1594 1911 Livium
1607 1888 1650 1912 lib.

878 1919 938 1940 VIII.
952 1923 1001 1946 cap.
1011 1924 1020 1939 1
1028 1923 1049 1942 ς.
1070 1918 1099 1938 Eo
1113 1924 1166 1938 annu
1178 1917 1280 1939 Minucia
1294 1918 1382 1945 Vestalis
1389 1917 1484 1947 sicsperst'a
1490 1925 1559 1949 primo
1568 1926 1653 1952 propter

877 1947 1069 1979 mundioremjusta
1076 1949 1169 1973 cultum,
1176 1948 1381 1978 infimulatadeimie
1387 1949 1554 1981 apudponttfires
1560 1949 1588 1973 ab
1594 1952 1651 1975 indi-

879 1980 975 2008 ceservo,
983 1987 1032 2000 cum
1038 1980 1118 2001 detrero
1125 1979 1188 2010 ejus]
1192 1978 1235 2006 uffiz
1242 1979 1292 2007 effit
1299 1980 1367 2009 fircm
1373 1979 1475 2008 abstinere
1482 1983 1651 2013 ‚familiamque

877 2010 1005 2041 inpotestate
1013 2009 1090 2033 habere
1099 2017 1104 2032 :
1112 2009 1258 2041 salla—judicio
1265 2011 1321 2033 viva
1330 2010 1457 2039 subterrant
1466 2013 1581 2042 adponam
1589 2011 1650 2037 Caur-

879 2049 929 2064 nam
941 2043 1018 2064 dextra
1032 2042 1071 2064 via
1079 2041 1150 2070 strata
1159 2042 1339 2071 desoffascelerato
1351 2049 1432 2074 campo.
1450 2044 1514 2067 Cum
1521 2044 1586 2068 enim
1592 2052 1652 2076 pon—

879 2072 952 2096 tifices
964 2071 1015 2096 fore
1027 2071 1192 2104 suspicarentur
1200 2090 1207 2100 ,
1225 2079 1250 2096 ut
1258 2073 1376 2100 Minucia,
1392 2073 1510 2099 indicium
1522 2082 1632 2101 metuens
1641 2095 1649 2105 ‚

880 2104 956 2128 servos
963 2121 970 2131 ,
987 2103 1000 2127 a
1007 2104 1092 2136 quibus
1099 2104 1168 2136 prodi
1174 2103 1248 2136 posset
1255 2121 1261 2130 ‚
1275 2106 1463 2130 manumitteret:
1475 2106 1559 2131 habere
1565 2115 1616 2133 eam
1624 2109 1651 2133 in

881 2136 990 2168 potestate
996 2136 1112 2160 familiam
1124 2134 1240 2164 iusserunt.
1253 2136 1308 2160 ideo
1316 2138 1340 2161 ὃς
1348 2137 1461 2161 Pedianus
1472 2138 1498 2162 in
1505 2146 1651 2164 commenta-

881 2169 917 2192 rio
990 2168 1044 2192 onis
1057 2175 1099 2199 pro
1112 2168 1205 2192 Milone
1219 2175 1270 2200 pag.
1279 2176 1333 2192 202.
1348 2170 1487 2200 Pompeium
1499 2173 1528 2194 ad
1541 2173 1651 2195 Milonem

881 2199 938 2231 sign*
999 2200 1072 2230 mrfiffb
1079 2217 1085 2227 ,
1100 2206 1124 2224 ut
1131 2199 1247 2231 quosdam
1254 2199 1331 2224 servos
1339 2218 1345 2228 ‚
1362 2208 1466 2232 quorum
1475 2209 1544 2234 opera
1557 2204 1582 2226 in
1590 2204 1652 2227 occi-

881 2231 961 2256 dendo
969 2231 1057 2255 Clodio
1064 2231 1117 2255 usus
1123 2231 1167 2256 effe
1173 2232 1290 2256 dicebatur
1298 2249 1305 2259 ‚
1311 2232 1333 2254 in
1337 2232 1480 2264 patestaresua
1488 2234 1573 2257 baberet
1580 2245 1587 2257 :
1601 2237 1629 2257 M
1632 2236 1651 2257 i-

881 2266 949 2286 Ionem
957 2264 1078 2296 resjundrsse
1087 2272 1126 2290 ,ex
1134 2265 1234 2294 iisset-vis
1243 2272 1309 2296 ,quas
1314 2265 1436 2293 nominaffit
1444 2268 1538 2298 ,partim
1547 2267 1652 2289 neminem

875 2296 900 2324 fe
908 2304 1004 2326 unquam
1012 2295 1202 2328 babuiss'e,partim
1209 2296 1358 2327 manumifisse.
1368 2297 1445 2320 Postea
1451 2304 1547 2328 quoque
1554 2298 1653 2329 legeJu-

879 2327 911 2352 lia
918 2326 1117 2359 Augusticautum
1124 2327 1155 2354 est
1161 2344 1170 2359 7
1183 2335 1213 2355 ne
1219 2327 1278 2386 sefii
1285 2328 1364 2351 uxoris
1371 2328 1478 2354 adulterii
1484 2327 1586 2355 accusatae
1593 2330 1653 2385 uitia

1273 2366 1300 2386 m
1306 2365 1333 2386 m
1339 2367 1365 2386 m
1372 2367 1399 2386 m
1414 2368 1430 2386 2
1646 2377 1653 2385 0
