2075 2734
376 137 428 166 454
670 108 1486 159 AuriquiraruuRoiiAuAnum
1526 123 1669 154 Liii.VI.

1053 198 1077 226 C
1098 208 1114 227 Λ
1136 208 1159 226 ι’.
1198 198 1273 226 v11.

880 259 931 293 De
944 254 1032 292 modo‘
1047 260 1236 293 comitiorum
1252 262 1446 295 curiatorum.

374 341 425 401 In
450 339 622 377 explicatione
648 336 715 364 modi
740 335 898 364 comitiorum
924 335 1078 365 curiatorum
1094 358 1100 369 ‚
1127 339 1246 377 primum
1267 339 1420 367 videbimus
1433 361 1441 372 ‚
1469 339 1532 376 quid
1553 345 1616 366 ante
1635 338 1677 368 illa
1695 338 1753 367 fieri
1773 345 1910 376 oporteret
1927 346 1958 370 ut

426 380 491 413 julla
508 377 607 404 ess'ent:
635 376 748 408 deinde,
769 385 817 414 quo
831 376 916 403 ordine
929 375 983 412 ipsa
996 374 1096 403 comitia
1111 385 1301 412 peragerentur
1315 388 1320 403 z
1343 385 1402 405 tum
1418 378 1500 405 etiarn
1515 378 1635 414 quaedam
1652 376 1817 414 particularia
1829 398 1837 409 ,
1858 386 1915 414 quae
1929 380 1962 412 in⁴

376 415 479 453 lingulis
500 415 634 442 observari
654 413 768 441 solerent
782 434 788 444 ‚
815 414 951 442 addemus,
992 415 1073 449 Qud
1095 415 1176 452 igitur
1197 415 1228 442 ad
1249 425 1279 442 ea
1294 436 1300 446 ,
1328 425 1385 452 quae
1400 423 1460 444 ante
1477 423 1584 452 tempus
1596 424 1751 442 comsttorum
1766 416 1895 443 initorum
1911 415 1956 443 fie-

374 454 435 481 bant
447 474 453 485 ‚
472 460 582 484 attinet,
601 453 718 479 noaanda
736 452 792 480 haec
812 453 922 479 veniunt
937 462 942 478 ;
968 452 1087 487 primum
1109 453 1280 481 edice-bantur
1297 453 1350 481 haec
1365 453 1465 481 comum
1478 453 1510 480 ab
1523 454 1612 490 aliquo
1624 462 1721 481 eorum
1737 454 1957 490 magistratuum,

374 492 467 528 quibus
488 492 513 518 id
527 501 569 526 Jus
587 490 660 517 fiiifle
673 490 751 526 paulo
764 498 824 518 ante
838 490 953 517 diximus
968 500 974 516 z
1001 491 1198 527 convocabatur
1212 492 1309 518 deinde
1320 492 1432 528 populus
1448 501 1494 528 per
1508 493 1618 528 triginta
1632 491 1746 519 lictores.
1786 491 1958 519 Habebantur

375 531 426 557 etia
452 549 454 554 .
475 528 596 563 auspicato
609 549 617 560 ‚
639 529 675 556 ita
696 535 723 555 ut
742 527 939 556 obnuntiationi
960 528 1106 564 parendum
1129 529 1208 560 estet,
1229 529 1247 556 fi
1267 531 1300 556 de
1320 530 1389 557 coelo
1409 529 1542 557 servatum
1563 529 1634 557 ess'et.
1675 530 1756 566 Qod
1778 536 1808 556 ut
1829 528 1958 566 intelliga-

374 576 417 595 tur
432 589 439 599 ,
467 567 588 603 quaedam
607 567 638 593 de
655 565 767 600 auspiciis
787 567 929 602 repetenda
948 566 1015 593 fiii-it.
1055 570 1080 592 T
1078 577 1116 593 rm
1137 566 1244 595 fuerunt
1263 567 1422 602 auspiciorum
1440 577 1558 604 genera:
1584 566 1672 594 avium
1691 566 1804 603 inspeHio
1818 579 1827 593 .-
1851 569 1882 594 de
1899 566 1959 594 coelo

372 605 521 639 os'glermtm:
542 604 583 636 &-
601 603 708 638 tripudii
726 603 908 642 animadverfio
921 617 928 630 ,Δ
949 604 1108 631 Observatio
1128 605 1161 631 de
1181 605 1251 633 coelo
1270 607 1301 633 ad
1322 607 1414 633 omnia
1433 605 1543 633 comitia
1561 605 1751 636 adhibebatur,
1773 607 1799 633 δε
1819 605 1854 632 fic
1874 605 1956 632 etiam

375 645 407 670 ad
422 652 528 670 curiata.
559 643 657 670 Avium
673 641 800 678 inspectio
815 643 846 669 ad
862 643 959 669 ciii-iata
973 645 998 669 ὃ(
1015 642 1159 669 centuriata
1173 650 1288 671 tanturn.
1321 645 1387 671 Eam
1402 643 1438 671 ob
1452 643 1554 672 caulam
1569 650 1679 679 propter
1694 642 1906 671 observationem
1922 643 1957 669 de

374 682 446 708 coelo
470 681 551 709 etiam
569 690 674 717 auguses
693 688 743 706 tres
762 680 903 716 oportebat
923 680 961 707 liis
981 680 1099 707 comitiis
1118 681 1204 708 adeffi:
1217 702 1223 712 ‚
1251 683 1296 719 qui
1315 682 1392 710 latori
1411 682 1476 720 legis
1495 682 1523 708 in
1542 681 1657 718 auspicio
1674 681 1767 710 effent.
1806 680 1957 715 Trtpua'ium

377 728 468 747 rerum
487 718 666 756 gerendarum
688 726 744 745 erat
762 717 910 754 proprium.
951 718 1000 745 Sed
1021 718 1054 745 de
1073 718 1186 755 auguriis
1205 720 1247 747 vel
1266 720 1385 756 auspiciis
1404 720 1456 747 alio
1474 720 1535 747 loco
1557 719 1661 746 dietum
1681 719 1717 745 est
1730 717 1864 754 prolixius.
1896 720 1957 745 Hoc

377 764 482 785 tantum
498 757 593 784 addere
608 756 693 783 Visum
709 755 773 786 fuit.
794 756 867 792 quod
879 754 940 783 ante
954 757 1081 793 praeterii,
1103 759 1129 784 δε
1143 758 1170 784 in
1179 757 1248 785 hunc
1263 758 1353 786 locum
1369 758 1508 789 reservavi,
1521 766 1583 786 cuni
1599 757 1701 794 legatur
1715 758 1742 784 &
1756 756 1790 784 de
1803 754 1957 793 magistrati-

375 794 420 822 bus
439 795 498 832 ipfis
516 794 633 831 patriciis
645 815 654 826 ,
683 796 709 822 ὃ(
728 793 863 831 augurabus
876 813 883 824 ‚
910 794 983 830 quod
1004 793 1127 830 auspicati
1147 795 1268 828 fuerunt,
1287 805 1378 825 utrum
1399 796 1494 824 similia
1512 804 1607 824 eorum
1626 793 1759 830 auspicia,
1779 804 1812 822 ati
1832 803 1897 821 vero
1916 794 1958 821 di·

379 832 450 860 versa
464 833 578 862 fuerint5
601 834 645 863 ὃς,
665 831 683 858 fi
697 832 799 864 divertet
814 831 920 858 fuerunt
939 833 1075 868 quodnam
1092 833 1162 860 inter
1176 843 1205 860 ea
1215 834 1246 861 fit
1256 834 1411 862 discrimen.
1451 837 1513 862 Hoc
1526 834 1571 862 ubi
1587 833 1770 869 explicavero,
1790 840 1850 860 tum
1865 832 1898 859 ad
1911 840 1958 861 ea.

378 879 435 907 quae
447 879 551 897 commu
564 869 662 896 curmnl
679 869 815 896 observata
830 868 936 897 fuci-unt
949 890 956 901 ,
976 871 1137 906 pertexenda
1150 879 1276 900 revertar.
1313 874 1421 900 Tractat
1436 873 1503 900 hanc
1516 873 1602 910 quaest.
1617 871 1806 898 eruditiffimus
1819 869 1885 896 ΑΜ.
1897 873 1957 897 Ma·

374 917 430 935 unt.
452 908 523 935 Pauli
539 909 565 935 F.
580 907 596 934 l.
608 918 632 944 3.
652 907 761 943 quaesitis
776 916 822 942 pei·
835 908 907 942 epist.
924 908 996 942 epist.
1015 918 1039 942 9.
1055 908 1156 944 prolixe
1172 930 1178 940 ,
1203 918 1236 936 ex
1250 920 1304 947 quo
1324 911 1410 947 capita
1425 918 1531 938 tantum
1546 910 1676 946 praecipua
1690 909 1733 936 hic
1747 906 1857 935 afferam
1872 928 1879 939 ‚
1908 908 1958 936 stu-

378 946 482 974 diosum
504 946 631 973 lectorem
641 965 648 978 ‚
668 945 686 971 si
708 945 855 979 pleniorem
871 944 927 979 ejus
939 944 1145 981 explicationem
1160 946 1248 978 volet,
1267 958 1301 976 eo
1314 949 1464 977 remittetis.
1505 948 1585 984 Qiod
1600 949 1681 984 igitur
1694 947 1726 974 ad
1741 946 1907 982 propositum
1919 952 1959 972 at-

376 985 445 1011 tinet
455 1005 462 1015 ,
487 983 579 1011 multis
600 983 688 1009 modis
703 981 803 1009 diversa
820 982 925 1009 fuci-unt
939 992 1064 1019 augurum
1079 986 1106 1011 ὃ(
1121 983 1314 1022 magistratuum
1327 985 1433 1022 auspicia
1447 1006 1454 1018 ‚
1481 987 1611 1023 pi-aecipiia
1624 994 1720 1012 eorum
1735 983 1886 1012 discrimina
1898 982 1959 1010 Ald.

378 1026 482 1049 Manus.
497 1022 590 1049 recitat
604 1020 654 1048 sex.
1577 1028 1580 1031 ⁴
1748 1020 1752 1022 ’

418 1064 534 1086 Primum
552 1068 657 1095 augures
676 1054 882 1092 auspicabantur,
904 1064 935 1085 ut
956 1066 988 1085 ex
1006 1057 1084 1095 signis
1103 1059 1258 1097 quibusdam
1274 1081 1281 1091 ,
1303 1060 1345 1088 vel
1364 1060 1508 1097 probarent
1527 1060 1642 1097 aliquid,
1662 1059 1705 1088 vel
1724 1066 1865 1087 vetarent:
1885 1058 1958 1096 quod

380 1096 464 1123 Cicero
479 1097 598 1133 pluribus
612 1096 675 1123 locis
689 1096 743 1122 aliis
757 1116 766 1126 ,
792 1104 850 1124 tum
866 1096 985 1122 maxime
998 1095 1014 1123 l.
1026 1106 1051 1123 2.
1064 1097 1097 1125 de
1112 1098 1206 1135 Legib.
1220 1099 1343 1126 ostendit.
1383 1099 1548 1137 Magstratus
1563 1108 1628 1126 vero
1640 1099 1739 1126 caeteris
1752 1098 1861 1134 quidem
1876 1098 1905 1124 in
1918 1105 1959 1123 re—

379 1135 442 1166 bus,
463 1136 528 1163 teste
546 1134 643 1162 eodem
664 1133 742 1160 Cicer.
762 1133 781 1160 l.
796 1143 820 1160 2.
838 1133 873 1160 de
893 1133 984 1160 Divin.
1007 1134 1078 1171 signa
1098 1136 1286 1167 observabant,
1305 1146 1337 1164 ex
1357 1137 1451 1174 quibus
1471 1145 1515 1166 aut
1535 1136 1721 1173 prohiberent,
1741 1142 1785 1163 aut
1798 1134 1956 1171 probarent:

379 1172 486 1200 somniis
497 1181 584 1200 autem
601 1192 608 1204 ,
636 1171 678 1198 vel
691 1171 709 1197 fi
723 1171 792 1198 nulla
805 1171 924 1198 iiistru&i
937 1171 1044 1199 scientia
1057 1173 1138 1202 essent
1150 1194 1159 1206 ‚
1185 1173 1256 1201 nulla
1270 1175 1407 1212 fignorum
1421 1175 1605 1202 observatione
1619 1195 1628 1206 ,
1640 1174 1691 1207 Jblo
1703 1172 1804 1208 auspicio
1818 1172 1959 1203 vetabant,

379 1210 432 1237 sive
446 1211 543 1247 aliquid
561 1217 724 1237 contrarium
739 1209 877 1240 vidiss'ent,
898 1209 951 1236 five
966 1219 1022 1237 non
1036 1211 1166 1239 vidiffent.
1194 1214 1286 1249 Itaque
1299 1214 1328 1239 in
1342 1213 1472 1240 Oratione
1483 1222 1528 1246 pro
1540 1212 1666 1246 domofim
1682 1223 1690 1238 .-
1710 1212 1834 1247 Negant‚
1855 1211 1959 1246 inquit,

379 1258 484 1285 augures
499 1248 535 1275 sas
551 1248 601 1274 esse
615 1248 658 1284 agi
673 1256 735 1274 cum
754 1248 870 1285 populo,
890 1256 952 1275 cum
967 1248 1001 1275 de
1013 1248 1084 1276 coelo
1097 1248 1223 1278 servatur.
1249 1249 1307 1287 ipsa
1319 1251 1402 1288 igitur
1415 1252 1500 1282 aetio,
1520 1259 1577 1277 non
1589 1259 1618 1277 ea
1631 1258 1688 1286 quae
1700 1256 1807 1286 agentes
1821 1248 1960 1281 vidiss'ent,

382 1287 547 1322 impediendi
562 1286 619 1312 vim
634 1285 755 1313 habebat.

420 1324 539 1351 Alterum
561 1322 703 1351 discrimen
715 1323 768 1351 hoc
783 1324 819 1351 est
832 1343 840 1355 ,
865 1334 971 1362 augures
984 1325 1169 1353 nuntiationem
1175 1326 1257 1362 filum
1271 1324 1393 1353 habebant
1405 1345 1412 1355 ,
1438 1326 1492 1354 fine
1505 1324 1639 1363 speffione
1655 1335 1662 1351 ι
1687 1321 1846 1361 magistratus
1860 1331 1961 1351 utram-

380 1372 428 1401 que
441 1382 449 1392 ,
475 1363 546 1399 quod
561 1362 675 1389 ostendit
690 1365 742 1391 Clc.
757 1363 785 1389 in
800 1373 824 1388 2.
839 1361 934 1399 Philip.
948 1363 1041 1390 iisdem
1056 1374 1123 1402 pene
1138 1365 1226 1392 verbis
1241 1375 1247 1392 ι
1275 1366 1334 1392 Nos
1349 1385 1356 1396 ‚
1383 1365 1469 1401 inquit
1484 1363 1532 1398 (de
1546 1362 1681 1401 auguribus
1693 1362 1811 1399 loquitur
1823 1381 1832 1393 ,
1857 1362 1918 1399 quia
1932 1364 1960 1390 δί

380 1400 433 1437 ipse
458 1411 541 1437 augur
566 1401 635 1434 erat)
662 1400 858 1428 nuntiationem
883 1400 968 1428 solum
988 1401 1116 1430 habemus
1131 1422 1138 1434 ‚
1168 1402 1295 1431 Consules
1307 1423 1314 1433 ,
1341 1404 1368 1430 ὅ(
1387 1403 1482 1439 reliqui
1500 1403 1667 1439 magistratus
1686 1401 1768 1428 etiam
1788 1399 1962 1436 spectionem.

379 1437 532 1472 Spefflonem
552 1447 642 1465 autem
658 1437 761 1468 habere,
781 1438 853 1465 idem
869 1439 919 1469 est,
941 1439 1014 1476 quod
1028 1438 1130 1468 servare
1144 1441 1178 1468 de
1192 1441 1276 1472 coelo,
1296 1439 1339 1468 vel
1350 1440 1487 1475 auspicari:
1506 1441 1628 1468 nuntiare
1643 1448 1722 1470 vero,
1743 1438 1784 1466 vel
1796 1437 1961 1469 obnuntiare,

382 1477 434 1507 est,
456 1476 507 1503 viia
522 1476 563 1503 vel
575 1476 664 1503 audita
677 1475 788 1511 auspicia
801 1472 925 1504 indicare.

421 1513 509 1540 Tertia
530 1512 678 1541 differentia
698 1514 734 1540 est
744 1534 752 1545 ,
780 1514 852 1550 quod
870 1525 976 1551 augures
990 1513 1117 1552 neceffiirio
1130 1515 1330 1543 adhtbebantur:
1353 1525 1409 1543 non
1422 1516 1496 1543 enim
1510 1515 1710 1551 magistratuum
1722 1511 1824 1540 comitia
1837 1532 1846 1545 ‚
1870 1521 1960 1550 neque

381 1551 473 1588 legum
493 1550 582 1578 haberi
603 1558 741 1586 poterant,
762 1551 808 1579 nifi
828 1561 932 1589 auguses
952 1553 1081 1584 adessent,
1103 1555 1129 1581 St
1150 1554 1316 1589 probassent,
1335 1554 1400 1581 teste
1421 1558 1474 1580 Crc.
1495 1553 1510 1580 1.
1526 1562 1549 1589 3.
1569 1553 1602 1581 de
1617 1551 1710 1589 Legib.
1725 1554 1751 1579 Sc
1764 1551 1796 1578 :id
1812 1551 1893 1578 Attic.
1905 1551 1922 1577 l.
1931 1560 1960 1586 4.

382 1589 456 1626 epist.
476 1589 522 1617 ult.
543 1588 587 1615 ubi
606 1589 659 1620 ait,
678 1598 784 1625 augures
801 1597 852 1616 tres
871 1591 898 1617 in
919 1590 1026 1618 ferenda
1045 1590 1104 1627 lege
1123 1590 1220 1618 curiati:
1238 1592 1323 1618 adess'e
1342 1598 1482 1628 oportere:
1511 1591 1677 1626 magistiatus
1696 1597 1786 1616 autem
1806 1587 1908 1615 servare
1927 1589 1962 1616 de

383 1627 453 1656 coelo
467 1626 537 1654 nulla
552 1636 592 1654 res
605 1626 726 1663 cogebat.
758 1628 808 1654 Sed
824 1627 869 1655 ubi
880 1628 987 1655 somniis
1001 1629 1200 1664 impedimento
1213 1629 1265 1656 effe
1279 1630 1434 1665 cupiebant,
1454 1636 1518 1656 tunc
1533 1629 1566 1654 de
1581 1627 1652 1655 coelo
1664 1626 1810 1653 servabant.
1849 1628 1911 1653 Hoc
1923 1633 1962 1653 ta-

385 1674 449 1693 men
463 1675 516 1692 non
533 1665 569 1691 est.
583 1665 798 1700 praetereundum
811 1685 818 1696 ‚
840 1667 943 1693 nemini
959 1667 1162 1702 magistratuum
1176 1667 1276 1695 licuisse
1289 1666 1409 1699 commis,
1429 1667 1629 1704 magistratuum
1642 1665 1820 1692 creandorum
1833 1663 1905 1692 causa
1921 1664 1960 1691 in-

384 1704 495 1734 stitutis,
516 1703 549 1730 de
564 1701 635 1730 coelo
649 1702 765 1734 servate,
785 1706 811 1732 ὅ(
824 1704 860 1731 ita
874 1713 903 1730 ea
915 1713 1015 1731 comma
1028 1705 1171 1741 impedire.

422 1745 525 1779 Qarta
550 1741 699 1768 differentia
722 1741 758 1768 est
773 1761 780 1772 ‚
805 1752 911 1778 augures
929 1752 984 1769 non
1003 1742 1196 1770 obnuntiabant
1215 1743 1310 1771 futuris
1329 1750 1434 1771 tantum
1453 1740 1559 1770 comitiis
1572 1763 1579 1774 ‚
1605 1750 1699 1770 verum
1718 1741 1799 1769 etiam
1820 1740 1960 1772 institutis,

385 1788 428 1808 aut
441 1789 496 1816 Jam
512 1778 606 1806 habitis
618 1798 626 1810 ‚
647 1777 719 1815 quod
733 1779 813 1807 docet
826 1783 910 1806 thero
923 1780 939 1808 1.
952 1790 976 1807 2.
992 1781 1025 1807 de
1040 1780 1164 1817 Legibus,
1177 1790 1239 1808 cum
1253 1781 1339 1818 inquit
1349 1792 1357 1808 ι
1378 1782 1450 1818 Qid
1467 1781 1553 1815 majus
1566 1781 1603 1807 est
1616 1800 1623 1810 ,
1644 1788 1724 1816 quam
1738 1778 1811 1814 posse
1821 1777 1834 1804 a
1847 1776 1961 1806 summis
1985 1809 1987 1812 ,

384 1818 504 1855 imperiis
519 1820 545 1845 ὃς
559 1817 672 1843 summis
684 1817 855 1851 potestatibus
866 1817 967 1844 comitia
981 1817 1074 1845 tollere
1087 1838 1094 1849 ‚
1120 1819 1226 1846 confilia
1241 1839 1247 1850 ‚
1275 1820 1316 1846 vel
1330 1820 1445 1846 instituta
1457 1818 1594 1845 dimittere
1608 1837 1615 1848 ,
1636 1816 1678 1844 vel
1692 1816 1780 1843 habita
1793 1814 1961 1843 rescindere?

384 1858 447 1893 quid
468 1856 574 1893 gravius
587 1875 593 1886 ‚
621 1863 703 1892 quam
724 1864 783 1882 rem
804 1854 948 1891 susceptam
969 1856 1081 1887 dirimi,
1105 1865 1172 1883 unus
1192 1857 1210 1883 li
1227 1867 1325 1893 augur,
1347 1856 1398 1883 alio
1418 1857 1462 1884 die
1476 1877 1482 1887 ‚
1502 1856 1621 1883 dixerit?
1646 1855 1709 1891 quid
1730 1853 1959 1891 magnificentius,

384 1903 465 1931 quam
481 1893 553 1930 posse
566 1893 708 1920 decernere
722 1913 729 1923 ‚
755 1900 785 1920 ut
800 1894 952 1930 magistratu
965 1893 990 1920 se
1005 1893 1127 1922 abdicent
1141 1894 1255 1926 Consules
1269 1898 1280 1921 ?
1305 1895 1368 1931 quid
1383 1894 1526 1932 religiosius
1539 1914 1546 1925 ,
1573 1901 1654 1929 quam
1669 1902 1730 1920 cum
1746 1891 1847 1928 popuIO
1861 1912 1868 1923 ‚
1896 1901 1961 1931 cum

385 1932 461 1968 plebe
475 1932 570 1969 agendi
583 1931 626 1967 jus
638 1938 681 1958 aut
695 1940 750 1957 non
762 1931 824 1958 dare
839 1933 848 1958 ?
873 1934 937 1958 Haec
950 1930 1041 1958 Cicero.
1077 1933 1246 1967 Magistratus
1258 1940 1348 1960 autem
1361 1932 1520 1960 obnuntiare
1534 1931 1650 1959 solebant
1663 1951 1672 1962 ‚
1694 1929 1845 1967 priusquam
1859 1930 1971 1957 comnia.

384 1970 558 2000 haberentur,
586 1969 658 2006 quod
672 1968 840 2004 perspicuum
854 1969 890 1996 cst
903 1978 935 1996 ex
951 1980 977 1998 2.
990 1969 1134 2006 Philippica
1149 1990 1155 2001 ,
1183 1969 1227 1997 ubi
1241 1970 1306 1998 dicit
1316 1969 1398 1997 Cicero
1411 1982 1419 1996 :
1447 1970 1628 2008 Qisquaiiine
1643 1969 1763 1996 divinare
1775 1968 1877 2004 potest,
1897 1968 1962 2005 quid

387 2009 442 2035 vitii
457 2010 483 2035 in
498 2008 615 2042 auspiciis
629 2006 747 2034 futurum
763 2007 808 2036 fit,
828 2007 875 2034 nili
890 2008 934 2044 qui
950 2008 983 2035 dc
996 2007 1067 2035 coelo
1081 2006 1182 2036 servare
1196 2008 1330 2036 constituit
1344 2010 1353 2035 ?
1381 2009 1452 2045 quod
1466 2017 1552 2045 neque
1566 2007 1627 2034 licet
1640 2005 1747 2033 comitiis
1760 2015 1808 2042 pei·
1820 2005 1891 2042 leges
1904 2026 1912 2037 ‚
1934 2008 1961 2034 &

389 2045 406 2071 si
427 2047 483 2082 quis
501 2045 655 2076 servaverit,
676 2054 731 2071 non
749 2044 844 2073 habitis
858 2044 977 2077 caminis,
998 2046 1040 2073 sed
1055 2046 1208 2083 priuiquam
1221 2045 1379 2077 habeantur,
1400 2047 1480 2074 debet
1494 2046 1624 2073 nuntiare.
1664 2045 1742 2072 Idem
1756 2042 1912 2081 intelligitur
1927 2053 1960 2072 ex

387 2084 500 2117 epistolis
512 2084 542 2109 ad
559 2083 680 2110 Atticum
695 2083 769 2118 epist.
781 2093 805 2120 3.
819 2083 834 2110 l.
845 2093 873 2117 4.

425 2120 551 2157 Qintum
577 2120 719 2147 discrimen
745 2121 780 2147 est
794 2132 799 2147 ·.
827 2130 932 2158 augures
958 2121 1150 2154 obnuntiabant
1163 2142 1170 2153 ,
1198 2130 1260 2150 cum
1286 2121 1410 2158 auspicati
1428 2121 1510 2150 essent
1523 2133 1529 2149 z
1556 2128 1631 2148 eraut
1651 2121 1724 2148 enim
1743 2118 1848 2154 auspicia
1872 2121 1958 2157 priora

386 2156 605 2184 obnuntiatione:
631 2157 813 2195 mitgtstmtibus
838 2167 926 2186 autem
954 2158 1058 2195 semper
1084 2159 1290 2196 impedientibus
1305 2180 1312 2191 ‚
1338 2158 1487 2187 observatio
1507 2160 1643 2197 lignorum
1664 2159 1802 2186 necessaria
1822 2167 1878 2185 non
1897 2163 1959 2184 erat.

388 2189 512 2222 Ita'enim
527 2195 718 2224 olinuntiabant
732 2217 739 2228 ,
760 2196 830 2233 quasi
843 2196 950 2224 adversa
965 2197 1035 2235 tigna
1049 2197 1152 2234 semper
1166 2197 1256 2225 ess'ent.
1296 2199 1438 2233 Propterea
1452 2197 1563 2225 liberum
1579 2197 1629 2224 illis
1642 2196 1708 2229 fuit,
1729 2206 1785 2224 non
1802 2196 1886 2222 modo
1898 2194 1968 2231 post*

386 2231 520 2267 auspicium
536 2251 542 2262 ,
568 2232 610 2259 sed
626 2242 687 2261 ante
701 2236 782 2261 ctiam
796 2234 941 2262 obnuntmre
954 2255 962 2267 ,
982 2235 1052 2273 quafi
1067 2236 1236 2268 divinarent,
1255 2235 1294 2263 uti
1308 2235 1406 2273 aliquid
1422 2236 1449 2263 in
1463 2236 1583 2273 auspiciis
1595 2236 1727 2262 futurum.
1746 2233 1801 2262 Cic.
1816 2232 1957 2268 Philippica

389 2280 413 2297 2.
428 2274 454 2299 δι
468 2278 519 2306 pro
531 2269 626 2300 Sestio,
648 2273 679 2297 δῦ
689 2272 750 2300 Dio.
762 2272 779 2300 l.
792 2283 834 2309 39.

425 2313 532 2336 Sextum
550 2308 576 2334 &
595 2308 719 2348 ultimum
739 2310 880 2337 discrimen
900 2311 950 2342 est,
970 2319 1021 2339 tres
1038 2321 1144 2350 augures
1162 2311 1312 2343 interdum,
1332 2318 1362 2340 ut
1381 2313 1408 2340 iri
1428 2311 1537 2340 fei-enda
1556 2310 1616 2349 lege
1634 2311 1747 2343 curiata,
1767 2309 1832 2348 teste
1844 2306 1958 2335 Cicerone

385 2347 417 2375 ad
432 2346 514 2374 Attic.
527 2344 578 2378 l.4.
593 2344 664 2379 epist·
679 2345 724 2372 ult.
734 2348 897 2386 -quandoque
909 2358 990 2382 unus,
1010 2350 1241 2388 quemadmodum
1259 2350 1286 2377 in
1299 2349 1406 2377 comitiis
1418 2351 1636 2388 magistratuum,
1655 2356 1684 2377 ut
1697 2348 1769 2374 idem
1782 2349 1864 2373 thero
1878 2345 1923 2372 lib·
1934 2356 1960 2373 2·

385 2385 419 2413 de
439 2382 552 2421 Legibus
572 2382 671 2415 docet,
693 2386 806 2421 autpicio
825 2385 973 2416 utebantur.
1012 2387 1179 2426 Magistratus
1197 2395 1286 2418 autem
1306 2387 1350 2417 vel
1367 2398 1451 2423 unus,
1473 2388 1518 2426 qui
1537 2388 1572 2416 de
1590 2386 1660 2416 coelo
1679 2384 1807 2416 servaret,
1829 2384 1960 2448 imfl’cdise

1886 2432 1959 2459 fgllnfl
