2075 2734
406 149 463 175 172
733 132 1171 165 'AuerU1TATUM
1210 122 1548 156 RouAuAnuu
1590 129 1720 159 Lrn.11.

448 188 468 213 F
478 196 494 213 A
503 196 516 212 B
528 192 545 212 υ
556 193 571 210 L
581 192 589 209 1
598 189 617 208 N
626 190 644 208 υ
653 190 664 208 s
688 180 760 207 Deus
781 177 917 206 dicebatur
930 196 938 208 ‚
966 177 1012 212 qui
1027 174 1163 216 colebatur
1178 184 1240 202 cum
1249 174 1305 211 fari
1319 178 1393 212 pueri
1407 176 1610 212 auspicarentur.
1650 179 1694 206 De
1706 178 1746 207 his
1760 180 1861 209 duobus
1876 183 1933 210 Diis
1947 182 1986 212 ita*

408 224 529 251 Nonius.-
548 218 712 249 gratianum,
734 219 761 244 Sc
781 220 935 244 stamnum,
956 215 983 241 ὃς
1004 213 1156 241 Fabulmum
1177 213 1296 249 praefijes
1317 216 1403 247 Deos,
1427 219 1504 242 Varro
1526 215 1560 242 de
1574 215 1662 244 liberis
1675 217 1816 245 educandis
1830 221 1986 254 puerilitatis

408 260 538 290 affirmat,
559 257 590 285 ab
603 260 710 282 Statano
724 257 750 282 ὃ(
762 252 896 284 Statilino,
917 260 1034 288 quorum
1048 252 1159 280 nomina
1172 250 1271 280 habent
1284 250 1380 289 scripta
1396 252 1547 281 Pontifices.
1574 253 1618 281 Sic
1631 264 1694 283 cum
1707 255 1798 291 primo
1813 256 1862 284 fari
1874 259 1986 296 incipie-

408 297 486 329 bant,
505 294 682 324 sacrificabant
695 293 759 320 divo
773 289 901 318 Fabulino-

450 336 469 361 P
479 345 494 362 A
504 346 520 362 v
531 345 544 362 Ε
553 346 568 361 x
579 343 612 360 τι
624 343 639 358 a
648 341 668 358 M
691 332 778 357 Deam
799 329 901 366 antiqui
921 328 1112 356 constituerunt
1124 335 1154 355 ut
1169 335 1300 356 averteret
1314 327 1346 356 ab
1361 327 1505 357 infantibus
1512 337 1639 364 pavorem.
1680 329 1840 368 Augustinus
1853 331 1897 360 lib.
1912 342 1939 368 4.
1953 334 1988 361 de

411 373 529 400 civitate
543 371 609 401 Dei,
632 377 687 405 caP·
707 378 746 396 11·

452 412 475 437 C
487 421 501 437 A
513 420 551 438 ar<
563 419 576 436 ε
586 418 601 435 A
623 407 664 434 vel
684 406 773 442 potius
795 405 818 432 C
828 415 844 432 A
854 415 868 432 n
877 415 896 432 N
905 415 922 432 A
936 404 994 432 Dea
1008 424 1016 436 ,
1043 404 1164 432 vitalibus
1179 404 1301 433 humanis
1313 405 1419 442 praeeffe
1432 405 1574 442 putabatur
1589 427 1596 439 ‚
1624 406 1657 434 ab
1673 416 1756 444 eaque
1768 407 1909 444 petebatur
1923 430 1930 441 ,
1955 417 1986 439 ut

410 448 529 485 jecinora
538 467 545 477 ,
567 448 593 474 &
615 445 709 475 corda,
730 453 840 481 quaeque
858 442 917 470 sunt
936 441 1092 480 intrinsecus
1114 442 1224 474 viscera,
1245 443 1313 470 lalva
1337 443 1511 472 conservaret.
1551 445 1601 472 Cui
1615 445 1764 481 templum,
1784 445 1860 482 pulso
1874 449 1986 484 Tarqui-

411 488 470 517 nio,
490 483 584 517 sanius
603 486 700 510 Brutus
722 483 751 509 in
766 481 855 509 Coelio
869 488 965 508 monte
977 481 1134 512 construxit,
1157 480 1324 519 Calendisq'ue
1339 480 1433 516 Junzzh·
1444 482 1547 510 ster-um
1570 484 1636 511 Voti
1651 493 1710 511 reus
1724 483 1796 511 fecit,
1836 485 1907 512 Huic
1922 487 1985 513 Deae

411 522 485 559 pulte
499 522 618 553 fabacca,
639 523 665 549 &
680 520 765 548 larido
777 528 818 546 res
832 519 902 546 fiicra
917 519 973 546 fieri
986 517 1095 546 solebat.
1115 520 1188 555 Qun
1202 521 1228 546 ἃ
1244 520 1366 546 Calendae
1379 518 1439 556 ipfie
1452 519 1532 551 ‚Iunia
1545 519 1654 548 Fabaria
1667 521 1829 549 dicebantur.
1847 522 1989 550 Mam-obius

409 561 427 588 1.
441 571 461 588 1.
477 560 602 588 Saturnal.
617 569 640 586 c.
651 568 676 586 2.
695 562 730 586 D.
744 555 896 594 Augustinus
910 556 927 584 l.
939 566 967 592 4.
979 557 1013 584 de
1029 557 1145 584 Civitate
1163 556 1230 588 Dei,
1251 566 1308 593 cap.
1317 560 1342 586 S.
1358 560 1383 585 3:
1397 556 1471 588 alibi,
1491 558 1618 585 Cardeam
1632 568 1693 586 eam
1707 559 1837 595 appellat,
1856 559 1903 587 nifi
1911 570 1986 589 men-

412 599 468 626 doli
482 598 532 626 sint
544 599 658 626 codices.

457 638 467 671 1
479 646 518 664 υν
529 646 567 664 EN
578 647 594 664 τ
605 646 621 663 υ
630 645 659 666 s,
679 635 732 662 five
751 635 816 670 Juv
826 643 864 660 ru
874 643 891 660 τ
901 643 917 659 A
928 643 940 660 s
953 652 960 663 ,
981 632 1053 669 quod
1073 629 1198 658 Ludovico
1221 630 1292 663 Viri,
1314 634 1340 660 ἃ
1364 632 1452 659 Carolo
1472 632 1570 670 sigonio
1591 635 1677 671 magis
1696 633 1795 669 placet,
1817 635 1903 672 inquit
1925 639 1987 663 Au-

407 670 522 712 gustinus
539 672 556 702 l.
567 684 595 710 4.
609 684 632 701 c.
649 682 689 700 ιι.
703 675 730 700 &
744 671 819 703 alibi,
839 671 896 697 Dea
916 670 966 701 est,
987 679 1044 706 quae
1056 668 1107 705 post
1115 677 1265 704 pratea-mm
1279 671 1378 707 excipit
1389 671 1512 706 juvenilis
1526 672 1608 698 aetatis
1622 672 1738 700 exordia.
1777 675 1854 700 Hanc
1868 675 1988 702 Rotnani

409 716 424 740 ἐι
447 713 540 740 Servio
561 711 651 740 Tullio
669 710 750 747 usque
770 711 799 736 in
816 708 951 745 Capitolio
967 708 1105 735 coluerunt
1118 719 1123 734 z
1151 716 1230 744 quare
1243 717 1306 735 cum
1322 709 1481 745 Tarquinius
1495 707 1594 736 Priscus
1607 710 1742 746 templum
1756 711 1818 747 Jovi
1835 712 1987 747 Capitolino

412 758 534 778 extruere
548 749 627 778 vellet
638 769 646 780 ,
674 751 701 777 &
714 756 854 784 propterea
868 746 993 774 omniurn
1006 746 1120 773 aliorum
1134 746 1274 774 Deorum,
1304 748 1350 784 qui
1364 747 1391 774 in
1407 746 1542 783 Capitolio
1556 747 1710 776 colebantur
1724 768 1731 779 ,
1758 747 1860 784 templa
1874 758 1988 787 exaugu-

411 796 482 816 raret
494 809 502 821 ,
523 787 653 815 Terminus
668 789 694 815 δε
708 790 830 818 ,lm-emas
843 786 937 812 cedere
950 784 1092 812 noluerunt
1105 804 1113 815 ,
1134 784 1205 820 quod
1222 785 1342 812 Romani
1356 786 1383 812 in
1397 794 1481 812 omen
1495 793 1646 818 traxerunt,
1670 785 1728 813 fore
1743 793 1772 813 ut
1786 795 1924 823 nunquam
1937 798 1990 814 ter-

411 824 477 854 mini
496 825 570 854 Urbis
588 830 763 853 moverentur
775 843 783 853 ,
810 832 860 851 nec
879 832 998 860 unquam
1013 820 1135 856 juvenilis
1153 820 1223 858 rigor
1242 822 1345 850 deeilet.
1377 821 1507 860 Dios-,yfius
1528 822 1730 860 Halicarnaſsus
1743 823 1762 851 l.
1777 834 1800 861 3.
1830 824 1988 862 Augustmus

411 865 447 892 de
467 864 582 892 Civitate
595 863 663 895 Dei,
684 862 701 890 l.
715 865 739 890 6.
755 870 812 898 cap.
831 871 851 888 1.
869 865 993 893 ,Iuventas
1007 864 1067 887 Dea
1081 869 1143 886 curn
1159 859 1265 886 termino
1277 865 1330 887 Deo
1343 861 1408 897 Jovi
1422 860 1508 889 noluit
1520 861 1667 889 concedere
1680 862 1706 889 in
1723 861 1857 897 Capitolio
1871 864 1988 892 conden-

411 903 458 930 do.
483 901 572 929 Livius
586 901 604 928 l.
620 908 643 937 5.
657 908 789 928 extremo.
827 898 916 927 Aliam
929 897 1076 931 Juvemutis
1089 898 1163 924 adem
1179 899 1254 925 vovit
1264 901 1306 926 121.
1319 897 1408 924 Livius
1422 898 1536 930 Consul,
1558 908 1612 935 quo
1626 900 1669 927 die
1683 899 1874 927 Hasdrubalem
1889 903 1989 930 exerci-

411 948 526 977 tumque
540 939 596 976 ejus
611 939 707 967 cecidit
719 960 726 970 ‚
754 946 834 974 quam
848 937 922 964 idem
935 935 1035 964 Censor
1047 940 1086 961 M.
1100 935 1212 961 Cornes'm
1226 956 1234 967 ‚
1262 940 1292 963 P.
1305 940 1445 970 Sempronto
1459 937 1530 964 Coss]
1544 936 1693 965 faciendam
1709 938 1817 969 locavit,
1832 942 1862 965 C.
1875 938 1988 966 Licinius

411 979 529 1005 Lucullm
556 978 690 1005 Duumvir
706 975 853 1006 dedicavit,
883 984 944 1002 xvi.
958 975 1032 1002 annis
1045 973 1116 1009 post,
1137 982 1219 1010 quam
1235 981 1296 1001 vota
1310 981 1372 1000 erat.
1392 973 1483 1001 Livius
1495 974 1541 1002 lib.
1551 980 1593 1011 3⁶-
1609 977 1635 1003 ὃς
1649 977 1693 1013 qui
1708 976 1796 1007 addit,
1816 976 1892 1003 ludos
1908 978 1988 1005 etiarn

411 1015 490 1052 hujus
503 1017 564 1044 aedis
577 1015 730 1043 dedicandae
744 1012 818 1042 causa
832 1012 916 1040 saeros
932 1033 940 1044 ,
968 1015 995 1041 Ex·
1008 1011 1118 1049 quidem
1133 1020 1196 1038 cum
1211 1012 1315 1048 majore
1329 1011 1458 1049 religione
1471 1033 1479 1044 ,
1506 1013 1578 1050 quod
1592 1022 1695 1041 novum
1709 1023 1772 1042 cum
1787 1014 1922 1043 Antiocho
1937 1015 1990 1044 bel-

410 1053 469 1081 lum
485 1062 545 1082 tum
558 1055 673 1082 instaret.

454 1094 479 1119 O
488 1102 504 1119 R
513 1103 551 1120 Bo
560 1101 578 1119 Ν
589 1103 604 1119 A
622 1094 680 1120 Dea
701 1089 848 1121 colebatur,
869 1099 903 1117 ne
919 1089 990 1116 'orbos
1003 1089 1110 1117 faceret.
1138 1086 1265 1115 Arnobius
1278 1088 1297 1116 l.
1309 1098 1339 1125 4.
1350 1090 1401 1122 ait,
1422 1090 1450 1117 in
1463 1088 1540 1126 hujus
1552 1088 1635 1119 tutela
1649 1088 1723 1116 fuisse
1735 1088 1829 1117 orbatos
1841 1089 1929 1118 liberis
1943 1100 1988 1128 pa-

413 1137 512 1157 renteS.
529 1132 581 1158 Ara
593 1130 650 1166 ejus
664 1130 731 1156 Pltn.
746 1128 763 1156 l.
772 1138 795 1154 2.
810 1138 832 1155 c.
841 1139 864 1164 7.
879 1129 943 1156 teste
956 1128 989 1156 ad
1003 1128 1112 1155 Larium
1128 1127 1212 1154 aedcm
1228 1136 1291 1155 erat.
1318 1129 1491 1167 Qarnquam
1504 1127 1667 1156 vocabulum
1681 1126 1782 1156 orbana
1795 1128 1857 1156 inde
1871 1129 1989 1166 ejectum

414 1175 479 1196 erat.
500 1168 625 1196 Restituit
638 1175 728 1195 autern
742 1164 873 1193 Adrianus
885 1169 976 1198 junius
991 1165 1008 1192 l.
1022 1176 1046 1202 3.
1066 1164 1336 1195 Animadversorum,
1358 1175 1414 1202 cap.
1433 1177 1454 1193 1.

454 1209 479 1232 V
488 1215 504 1232 o
515 1215 530 1232 L
539 1215 556 1232 u
566 1214 596 1232 Μ
605 1215 620 1231 A
646 1206 702 1231 Dea
714 1224 722 1235 ‚
748 1202 762 1230 ὲ
781 1204 908 1237 voluptate
927 1204 997 1231 dieta
1018 1203 1054 1229 est
1067 1221 1074 1232 ‚
1101 1202 1173 1238 quod
1186 1201 1340 1236 voluptatem
1352 1202 1507 1229 hominibus
1521 1203 1636 1230 afferret.
1660 1203 1812 1239 Aiga-(linus
1825 1203 1842 1232 l.
1856 1214 1883 1240 4.
1897 1205 1930 1232 de
1943 1206 1989 1232 Ci-

412 1244 498 1271 vitate
512 1243 579 1273 Dei,
600 1250 656 1277 cap.
665 1243 690 1269 S.
713 1239 789 1267 Nihil
804 1241 838 1267 de
851 1250 881 1268 ea
893 1242 963 1277 apud
976 1240 1123 1274 Scriptores
1136 1246 1238 1265 veteres
1253 1240 1400 1271 invenitur,
1421 1240 1468 1266 nili
1482 1239 1554 1274 quod
1567 1238 1692 1266 sacellum
1704 1241 1825 1267 habuerit
1837 1250 1921 1276 prope
1929 1250 1989 1277 por-

414 1288 472 1308 tam
494 1280 691 1310 Romanulam,
711 1279 739 1305 in
754 1277 797 1304 via
809 1287 888 1305 nova.
920 1276 964 1306 Sic
978 1278 1052 1304 enim
1066 1276 1177 1310 Jostphus
1191 1276 1315 1314 Scaliger,
1335 1276 1379 1304 ubi
1394 1277 1493 1314 vulgati
1506 1276 1619 1309 habent,
1638 1276 1750 1304 navalia.
1793 1278 1823 1304 In
1837 1287 1870 1304 eo
1882 1279 1992 1311 ucello,

413 1318 479 1346 teste
499 1317 637 1349 Murobio,
658 1318 686 1344 in
700 1325 743 1343 ara
755 1315 855 1350 Volupiae
869 1316 920 1343 fiait
933 1315 1123 1343 fimulachrum
1137 1316 1308 1351 Angeroniae,
1329 1316 1363 1342 de
1377 1324 1427 1352 qua
1441 1316 1498 1342 Dea
1512 1315 1581 1342 alibi.
1607 1314 1739 1342 Sacellum
1754 1315 1854 1350 Volupiae
1868 1314 1882 1342 a
1897 1318 1925 1343 P.
1941 1318 1992 1345 Vi-

416 1356 492 1384 ‹Slore
513 1356 658 1383 collocatur
679 1354 789 1391 regione
811 1353 891 1380 Urbis
904 1363 930 1380 x.
944 1363 1001 1390 quae
1015 1353 1112 1380 dicitur
1127 1352 1264 1380 Palatium.
1303 1354 1346 1379 De
1356 1352 1517 1380 simulachro
1530 1352 1607 1388 hujus
1623 1354 1687 1380 Deae
1700 1352 1780 1381 Lilius
1794 1353 1916 1391 Gyraldus
1930 1354 1991 1383 scri-

413 1393 455 1422 bit
469 1394 536 1424 effe,
556 1395 601 1431 qui
617 1392 742 1427 Volupiam
757 1391 918 1428 effingerent
930 1392 956 1418 in
972 1390 1085 1420 throno,
1105 1390 1184 1416 instar
1197 1391 1308 1426 reginae,
1328 1390 1370 1418 sed
1385 1390 1517 1426 pallidiori
1531 1389 1651 1426 aspestu,
1672 1392 1698 1418 ἃ
1713 1399 1771 1427 quae
1784 1389 1895 1419 virtutes
1902 1392 1991 1421 subtus

371 1436 373 1438 ’
411 1431 506 1459 habere
528 1433 680 1459 videretur:
707 1438 788 1467 quam
808 1436 900 1456 tamen
921 1429 1078 1465 opinionem
1099 1426 1153 1462 ipse
1173 1437 1228 1455 non
1243 1429 1335 1465 magni
1348 1428 1420 1456 facit.
1459 1429 1588 1457 Meminit
1601 1431 1627 1457 ὃς
1644 1432 1727 1455 Cicero
1743 1428 1844 1464 Volupiae
1856 1429 1901 1458 lib.
1915 1441 1940 1459 2.
1957 1432 1992 1458 de

413 1470 478 1498 Nat.
493 1471 625 1497 Deorum.

454 1509 477 1534 L
485 1517 501 1533 u
510 1517 523 1534 Β
535 1517 548 1534 ε
557 1519 573 1535 x
584 1518 600 1534 τ
611 1518 644 1535 m
655 1516 670 1533 A
684 1526 690 1537 ‚
711 1505 764 1532 five
780 1506 802 1532 L
811 1515 827 1532 u
837 1515 851 1532 Β
862 1515 876 1534 ε
885 1516 903 1533 N
912 1515 928 1532 τ
939 1516 948 1533 1
956 1516 971 1533 A
987 1526 994 1537 ‚
1013 1503 1028 1532 a
1041 1503 1144 1531 labendo
1157 1504 1228 1532 dieta
1237 1524 1244 1536 ‚
1265 1504 1330 1533 teste
1345 1508 1467 1536 murone,
1488 1504 1533 1542 qui
1545 1507 1572 1534 ὃς
1581 1509 1701 1532 Venerem
1714 1513 1775 1532 eam
1790 1505 1841 1533 esse
1853 1506 1990 1544 fignificat.

415 1543 575 1581 Atcguslmus
589 1543 602 1571 ἐι
616 1544 723 1571 libidine
738 1552 798 1570 eam
811 1553 914 1571 nomen
925 1543 1022 1572 habere
1036 1543 1124 1570 docet.

455 1586 477 1609 A
487 1593 502 1609 N
513 1591 552 1609 cu
563 1592 592 1609 L!
617 1585 643 1610 ἃ
665 1583 714 1610 ΑΝ
724 1590 788 1607 ειη
798 1591 822 1607 a:
844 1583 911 1614 Dei,
932 1583 1046 1618 Deaeque
1066 1588 1140 1608 erant
1160 1579 1330 1613 ancillarum,
1349 1581 1380 1609 ab
1397 1580 1479 1619 iisque
1495 1581 1657 1610 colebantur.
1693 1580 1824 1617 Appellati
1836 1581 1871 1608 fic
1884 1580 1943 1610 sunt
1958 1582 1991 1611 ab

414 1618 528 1652 mullis,
549 1621 621 1657 quod
632 1621 663 1647 iis
675 1617 825 1656 praeess'eut:
848 1620 890 1648 vel
905 1618 919 1647 a
933 1620 1016 1648 verbo
1028 1619 1158 1650 immane,
1179 1628 1234 1655 quo
1246 1620 1349 1657 antiqui
1361 1620 1517 1651 utebantur,
1537 1629 1587 1656 pro
1600 1618 1753 1656 ministrare.
1773 1619 1869 1647 Festus.

1069 1701 1133 1734 Dii
1150 1701 1330 1749 Nuptiales.

420 1790 425 1792 -
454 1776 484 1802 Iu
500 1775 597 1813 nuptiis
616 1776 698 1804 etiam
710 1774 855 1812 peculiares
867 1773 912 1801 Dii
925 1773 1004 1801 multi
1015 1772 1206 1801 adhibebantur
1220 1774 1247 1801 ὃς
1262 1771 1417 1799 colebantur
1431 1792 1438 1803 ‚
1465 1779 1531 1808 quos
1543 1770 1601 1806 jam
1615 1769 1837 1799 enumerabimus.
1861 1770 1989 1799 Plutarch.

414 1813 441 1840 in
457 1815 552 1852 Qacst.
569 1816 652 1841 Rom.
668 1823 695 1850 q.
712 1823 736 1841 2.
748 1813 845 1841 author
857 1813 908 1844 est,
927 1813 1135 1839 matrimonium
1149 1810 1335 1839 contrahentes
1348 1809 1495 1837 secundum
1509 1808 1582 1844 vulgi
1597 1808 1768 1847 opinionem,
1788 1808 1905 1844 quinque
1918 1811 1990 1837 Deo.

415 1860 477 1878 rum
496 1861 548 1888 ope
568 1851 718 1889 indigum&
737 1851 806 1883 soz-js
818 1850 936 1886 peyfi’c‘ffi,
957 1852 1010 1879 five
1024 1850 1118 1878 adulti:
1138 1853 1244 1881 Jcmoms
1256 1846 1381 1883 peq‘ec't'ae,
1402 1847 1454 1874 five
1474 1847 1579 1874 adultae:
1603 1848 1715 1876 Veneris,
1736 1847 1837 1877 Suada,
1856 1855 1886 1873 ac
1900 1851 1989 1874 Dmnae

416 1888 459 1920 (zea
476 1889 571 1916 Lucina
584 1890 632 1925 est)
647 1899 728 1927 quam
741 1891 916 1925 parturientes
928 1890 1064 1917 invocant.
1104 1888 1154 1914 Sed
1169 1888 1196 1915 ὃς
1211 1886 1291 1914 multi
1305 1885 1348 1913 alii
1360 1883 1550 1912 adhibebantur
1563 1903 1571 1915 ‚
1598 1891 1716 1919 quorum
1729 1882 1784 1910 haze
1796 1885 1907 1912 nomina
1921 1885 1990 1921 apud

417 1927 588 1963 augustanam
602 1930 628 1955 ὃς
642 1928 706 1955 alios
719 1928 894 1963 reperiuntur.

457 1966 496 2000 Ju
505 1975 519 1991 e
530 1975 543 1992 A
554 1976 587 1993 τι
598 1977 612 1993 A
623 1976 640 1994 u
648 1975 658 1992 s
678 1965 814 1993 dicebatur
826 1985 834 1996 ,
861 1965 934 2002 quod
953 1966 1062 2001 conjuges
1080 1966 1235 2000 conjungeret
1248 1973 1256 1988 .-
1282 1961 1326 1989 hic
1339 1961 1474 1990 colebatur
1487 1969 1551 1988 cum
1564 1968 1622 1987 mas
1635 1960 1662 1987 &
1677 1958 1790 1987 fcemina
1802 1959 1990 1997 jungebantur.

416 2001 524 2038 Aug-‘Ast-
538 2003 616 2035 lib.4.
631 2013 686 2041 cap.
698 2014 707 2030 1
716 2013 739 2030 1.
755 2005 782 2031 ὃς
795 2002 812 2029 l.
821 2006 845 2030 6.
855 2012 910 2040 cap.
920 2015 944 2039 9.
1607 2035 1612 2039 ,
1975 2035 1979 2039 ,

459 2041 483 2065 D
492 2050 507 2066 o
516 2050 538 2067 M
548 2052 553 2067 2
565 2051 582 2068 1)
591 2051 607 2068 u
616 2051 674 2069 cus
698 2042 770 2068 Deus
787 2040 937 2073 colebatur,
956 2051 1019 2069 cum
1034 2041 1137 2068 domum
1147 2039 1260 2066 ducenda
1274 2046 1343 2070 erat,
1363 2047 1420 2076 quae
1433 2036 1558 2065 nubebat.
1577 2035 1722 2064 Dicebatur
1735 2036 1817 2064 etiam
1831 2041 1898 2069 Juno
1910 2036 1990 2064 domt-

415 2075 479 2101 duca
492 2078 604 2105 eandem
616 2079 652 2106 ob
665 2078 778 2106 cauzam.

457 2114 508 2140 Do
517 2124 538 2141 M
548 2125 555 2142 1
565 2126 580 2142 τ
592 2127 597 2142 ι
608 2126 643 2144 us
658 2116 851 2149 celebrabatur,
870 2126 900 2145 ut
914 2117 976 2146 effet
990 2118 1016 2145 in
1030 2118 1100 2144 domo
1115 2126 1179 2143 nora
1194 2123 1284 2153 nupta.

460 2152 491 2178 M
501 2161 515 2177 Α
526 2161 541 2178 r.
553 2162 568 2178 T
578 2162 594 2179 u
603 2163 642 2180 RN
654 2165 670 2181 A
686 2156 741 2181 Dea
754 2155 939 2187 adhibebatur,
960 2165 989 2184 ut
1003 2166 1072 2183 nova
1085 2162 1166 2190 nupta
1181 2164 1244 2182 cum
1259 2155 1318 2181 viro
1332 2160 1461 2182 maneret.

458 2190 482 2214 V
493 2199 501 2215 1
512 2199 526 2215 n
535 2199 552 2215 o
562 2198 569 2215 x
579 2201 595 2217 N
608 2199 621 2216 ε
630 2202 647 2218 N
656 2202 667 2218 s
680 2202 685 2218 ι
696 2203 708 2219 s
732 2193 787 2219 Dea
808 2192 978 2221 adhibebatur
990 2214 999 2225 ‚
1026 2203 1089 2221 cum
1103 2192 1199 2228 virgini
1213 2201 1282 2220 zona
1295 2191 1449 2219 solveretur.
1488 2191 1531 2218 De
1544 2189 1585 2218 his
1599 2190 1725 2218 omnibus
1738 2189 1869 2228 Augustin.
1882 2189 1900 2217 1.
1912 2198 1939 2225 4.
1953 2190 1988 2218 de

418 2224 539 2254 civitate
554 2228 618 2256 Dei,
638 2230 664 2255 ὅ(
679 2227 696 2254 l.
710 2231 733 2255 6.
747 2239 802 2264 cap.
815 2241 841 2265 9.

457 2265 481 2291 C
493 2274 501 2291 1
513 2274 555 2292 xx
569 2275 578 2291 1
591 2274 603 2291 A
627 2266 707 2292 etiam
729 2267 800 2302 juno
818 2268 952 2300 colebatur
965 2290 972 2300 ‚
999 2270 1032 2297 de
1051 2278 1103 2306 qua
1121 2268 1156 2298 sic
1176 2266 1268 2304 festus.
1307 2265 1403 2294 cinxia
1422 2265 1537 2304 Junonis
1555 2276 1657 2295 nomen
1671 2265 1791 2294 finCtum
1805 2265 1947 2294 habebatur
1959 2268 1988 2295 in

418 2302 515 2337 nuptiis
524 2322 532 2333 ,
553 2303 624 2339 quod
642 2303 719 2329 initio
734 2303 851 2339 conjugii
865 2305 960 2332 solutio
974 2315 1028 2334 erat
1041 2307 1134 2344 cmgzclr
1143 2329 1150 2339 ‚
1171 2316 1224 2343 quo
1237 2315 1308 2333 nova
1321 2312 1402 2341 nupta
1415 2314 1470 2332 crat
1484 2306 1578 2332 cineta.

414 2375 420 2380 ⁴
456 2341 510 2367 Mu
519 2350 535 2367 τ
549 2350 558 2367 1
572 2350 588 2367 N
598 2350 633 2368 us
643 2361 651 2371 ‚
672 2341 717 2376 qui
740 2342 764 2367 ἃ
782 2344 903 2374 Pmpus,
925 2342 1000 2378 snper
1013 2348 1087 2381 cujus
1099 2344 1324 2372 immanissimum
1339 2345 1365 2371 Sc
1379 2343 1560 2379 turpiffimum
1574 2343 1704 2371 fascinum
1716 2342 1806 2370 ledere
1819 2351 1890 2369 nova
1903 2350 1985 2379 nupta

411 2376 565 2411 jubebatur,
587 2387 664 2406 more
675 2378 859 2409 honesxiss‘imo
874 2382 902 2407 ὃς.
914 2381 1105 2416 religioiialimo
1120 2391 1314 2412 matronarum.
1332 2382 1452 2409 Ladam.
1466 2380 1484 2410 l.
1501 2391 1522 2409 1.
1537 2389 1648 2418 cap-20.
1665 2378 1816 2418 Augustinus
1829 2379 1846 2407 l.
1855 2383 1880 2408 6.
1893 2390 1950 2416 cap.
1960 2391 1987 2416 9.

1892 2420 1917 2446 D
1925 2427 1940 2446 ε
1949 2429 1967 2447 u
1975 2430 1987 2447 s
