2075 2734
482 0 484 3 ’
518 0 554 18 ,[ἵῖ
563 0 601 19 ἦν(

486 22 497 31 4
516 26 527 35 ,;
538 20 546 29 Υι
555 21 566 26 --

383 105 435 132 Dr:
459 111 624 134 iza-riom:
650 109 958 132 DEDUCENDARUM
983 98 1247 134 'Communia-
1288 102 1368 134 Cn]
1387 102 1432 145 33.
1639 115 1709 153 745*

111 161 222 200 regione,
242 160 270 188 in
285 166 337 196 qua
350 157 450 186 bellum
464 160 606 186 Romanus
621 157 774 193 Imperator
785 156 996 194 administraret:
1017 156 1100 187 tertio
1114 178 1122 190 ,
1136 166 1182 192 pro
1195 166 1344 199 quacunque
1353 158 1449 194 publici
1461 160 1572 191 muneris
1579 159 1699 200 μνη-αὴ.

111 199 187 228 tione.
210 199 270 226 Nos
284 197 328 225 hic
340 197 374 224 de
386 197 474 233 prima
486 195 678 234 fignificatione
690 195 811 223 dicemus
820 216 826 226 .
848 204 900 233 qua
908 194 1037 229 provincia
1053 197 1129 233 regio
1143 197 1209 229 fuit,
1229 206 1287 234 quae
1301 206 1360 226 tum
1376 199 1515 235 vectigalia
1526 204 1628 239 populo
1641 208 1697 235 Ro,

112 246 194 265 mano
207 237 338 273 pependit
350 256 356 267 ,
377 243 435 263 tum
451 234 613 271 magistratui
626 232 718 269 popuii
736 234 856 260 Romani
871 243 902 261 ex
916 233 1025 262 foederis
1038 233 1096 272 lege
1111 234 1309 272 obtemperavit
1325 257 1333 269 ,
1354 237 1470 273 exceptis
1483 239 1633 271 civitatibus
1649 246 1693 277 iis,

110 284 168 311 quae
179 282 291 311 propter
306 274 400 301 merita
414 273 468 303 sua,
490 280 535 300 aut
548 272 785 302 immunitate‚aut
794 271 915 299 libertate
928 273 1044 304 donatae,
1065 280 1145 309 atque
1157 273 1184 300 in
1192 274 1344 301 amicorum
1357 274 1487 303 formulas
1501 276 1589 306 relatae
1601 282 1694 311 essem.

109 314 182 340 Cum
195 314 269 341 enim
283 313 358 340 unius
369 311 484 347 regionis
497 309 590 346 populi
603 318 634 336 ac
648 309 768 337 civitates
785 319 839 337 non
855 310 953 337 eodem
968 311 1053 338 modo
1066 309 1092 337 se
1104 311 1227 338 adversus
1239 312 1369 348 populum
1387 314 1545 343 Romanum
1558 319 1691 355 geffiss'ent

107 360 218 383 omnes,
240 359 380 387 propterea
394 358 480 385 neque
493 349 589 376 eodem
605 357 701 375 omnes
717 348 797 384 pasto
810 348 928 376 trac‘tatae
940 347 1014 379 sunt,
1035 358 1128 376 verum
1144 358 1194 385 pro
1208 349 1258 377 suis
1271 350 1397 387 cujusque
1412 353 1518 381 meritis
1530 353 1603 393 leges
1617 366 1691 386 acce-
1734 368 1737 370 ’

106 397 214 426 perunt.
254 390 318 427 Qo
331 387 430 414 faetum
446 387 481 413 est
490 408 496 417 ,
517 394 547 414 ut
560 386 615 413 aliae
626 386 746 413 civitates
759 386 891 424 vediigales
903 407 912 418 ‚
932 386 987 413 aliae
998 397 1124 414 immunes
1135 387 1232 414 rehstae
1243 407 1252 417 ‚
1272 388 1327 416 aliae
1337 388 1467 423 servitute
1479 412 1488 422 ‚
1505 392 1560 420 aliae
1573 393 1691 423 liberm„

105 425 201 466 ιιῇὲὲῗι
216 427 274 455 fint.
312 424 443 462 subg-vles
457 426 549 456 diiiae,
571 424 665 462 quibus
679 425 792 461 vectigal
804 425 909 461 aliquod
922 424 1080 460 impolitum
1094 425 1142 453 est:
1162 425 1304 459 immunes,
1324 428 1418 464 quibus
1430 429 1542 458 nullum.
1561 433 1692 471 Secvituse

105 463 200 531 csaffecJae
214 485 222 497 ‚
249 474 311 502 quas
332 463 492 499 magistratui
509 466 635 490 Romano
656 464 749 499 partire
768 463 910 491 voluerunt
925 473 930 490 :
949 461 1066 490 libertate
1079 483 1088 497 ,
1114 472 1178 500 quas
1192 465 1358 501 magistratus
1374 467 1494 495 Romani
1506 469 1689 503 jurisdictione

118 502 250 531 olverunt.
291 500 404 539 veffigal
414 510 496 537 porro
509 501 595 538 ipsum
612 508 656 529 aut
672 509 777 530 certum
793 501 844 529 fuit
857 522 864 533 ‚
891 509 935 528 aut
950 501 1094 529 incertum.
1135 503 1248 529 Certum
1261 522 1269 531 ,
1290 502 1398 531 delinita
1413 504 1467 533 fere
1482 507 1604 543 stipendii
1617 510 1688 538 fiun-

106 551 152 569 ma
165 561 173 571 ,
193 543 219 569 &
234 540 284 568 hoc
295 538 422 566 tributum
435 561 442 571 ,
463 540 516 567 live
523 539 678 577 stipendium
691 559 700 573 ‚
727 542 752 568 ὃ(
767 541 811 576 qui
828 539 879 567 hoc
892 540 1076 575 pependerunt
1089 560 1096 570 ‚
1122 539 1254 566 tributam
1269 561 1277 572 ,
1305 540 1357 568 five
1369 540 1533 577 stipendmrti
1555 548 1689 577 nominati

104 579 165 606 sunt
175 599 184 610 ,
205 579 337 606 incertum
353 579 423 615 quod
439 579 569 614 portubus
581 576 710 614 rebusque
720 578 871 610 venalibus,
891 577 991 614 pascuis
1004 598 1012 609 ‚
1038 577 1158 614 agrisque
1170 578 1345 605 constitutum
1362 580 1398 606 est
1412 601 1419 612 ‚
1448 583 1518 619 quod
1526 586 1683 619 portorium,

95 617 235 652 firiptum,
255 618 282 644 δ’,
293 617 398 643 decuma
412 616 515 645 dic-”tum
530 617 574 644 est.
613 615 750 643 Trsbmum
763 624 853 645 autem
868 616 966 652 duplex
979 615 1045 647 fuit,
1065 625 1150 643 unum
1160 614 1265 649 pecunia
1276 616 1448 651 ordinanu'm,
1468 624 1541 656 quod
1555 623 1582 651 in
1593 632 1684 660 caput,

102 662 182 692 atque
196 655 223 684 in
237 654 324 682 solum
339 655 494 691 impolitum
504 676 511 686 ,
532 653 673 692 quotannis
686 654 852 691 exigebatur:
873 653 987 681 alterum
1000 652 1250 684 extraordinarium,
1271 655 1343 690 quod
1358 663 1402 683 aut
1417 666 1449 684 ex
1463 657 1535 695 lege,
1557 670 1602 690 aut
1614 663 1687 691 stm-

102 692 267 722 tusconsulto
279 702 330 730 pro
344 693 388 720 usu
401 695 546 728 provinciae
558 692 699 730 aliquando
713 692 893 729 imperabatur
907 713 915 724 ,
937 691 1020 719 veluti
1032 701 1095 720 cum
1111 701 1191 719 naves
1204 713 1213 724 ,
1233 701 1325 720 nautas
1337 713 1345 724 ,
1366 694 1481 727 milites,
1501 707 1531 725 ac
1545 699 1684 737 sumptum

103 732 132 759 in
142 741 188 760 ecs
201 732 264 759 dare
276 733 419 767 provinciae
430 731 599 767 jubebantur.
637 729 780 758 eortarim
793 739 883 759 autem
895 730 947 759 fuit
964 730 1076 767 veffigal
1089 750 1098 763 ‚
1123 731 1195 767 quod
1210 740 1241 757 ex
1255 731 1448 766 importatione
1461 736 1487 762 ἃ
1501 740 1686 774 exportatione

102 779 194 798 rerum
208 770 343 797 venalium
357 770 524 807 capiebatur:
552 769 680 804 Scriptum
693 790 701 801 ‚
727 770 800 806 quod
814 779 846 796 ex
866 769 991 805 pac'tione
1008 767 1166 804 pascuorum
1187 769 1365 804 publicorum.
1405 775 1519 800 Decuma
1532 794 1539 803 ,
1566 778 1638 813 quod
1652 788 1686 806 cx

102 810 189 846 agris,
209 809 254 845 qui
268 807 398 836 frumenti
412 809 553 836 decumam
563 828 570 839 ,
590 808 644 835 five
659 809 781 844 quamvis
794 807 870 834 aliam
885 814 990 842 partem
1008 807 1110 834 darent.
1152 807 1285 833 Ftumemi
1300 816 1363 835 vero
1377 828 1384 840 ‚
1405 811 1477 845 quod
1492 821 1525 839 ex
1538 815 1684 849 provinciis
1705 816 1707 818 ’

103 846 289 875 extrahebatur
302 867 309 878 ,
335 847 387 873 tria
393 856 489 882 genera
502 847 646 873 extiterunt
660 855 665 871 z
686 845 856 872 decumam-:m
869 865 876 876 ‚
895 853 1011 879 emptum
1025 865 1032 875 ‚
1055 847 1081 873 ἃ
1094 843 1251 881 astimatum.
1290 848 1471 874 Decumanum
1488 858 1544 878 erat
1557 852 1684 886 decuma,

102 893 184 921 quam
198 884 307 920 quisque
318 892 406 911 arator
419 884 473 911 line
486 884 573 919 pretio
587 884 649 910 dare
664 883 810 919 cogebatur
825 894 830 910 z
857 892 914 920 quse
928 883 1035 910 summa
1048 892 1098 919 pro
1114 884 1190 918 copia
1206 903 1213 914 ,
1235 884 1360 919 impiare
1373 885 1503 914 frumenti
1520 889 1547 914 in
1567 889 1681 927 singulos

100 931 184 950 annos
197 929 253 948 erat
270 923 371 948 incerza
386 942 393 953 ‚
416 931 498 958 eaque
520 928 566 948 aut
587 923 684 948 Romae
699 922 712 948 a
726 920 878 949 censoribus
891 942 900 953 ‚
919 930 964 949 aut
980 922 1007 949 in
1023 922 1161 957 provincia
1177 921 1190 948 a
1205 921 1358 958 magistratu
1373 924 1501 951 Romano
1518 929 1682 957 vendebatur

98 960 258 996 publicanis,
279 960 324 996 qui
337 968 368 987 ex
383 969 415 987 eo
428 960 561 987 desumant·
573 959 743 991 dicebantur,
765 966 793 987 ut
806 969 857 996 pro
870 968 900 987 ea
921 967 1021 988 certam
1038 960 1179 996 pecuniam
1195 958 1299 996 populo·
1316 961 1444 989 Romano
1457 964 1684 999 repraefentarent.

99 1001 235 1032 Emptum,
255 996 361 1026 summa
374 997 466 1029 altera,
489 1007 567 1035 quam
581 1007 698 1027 aratores
712 999 842 1029 vendere,
864 1004 976 1034 accepto
989 1007 1022 1025 ex
1033 997 1257 1026 senatusconsulto
1270 999 1359 1034 pretio
1373 1020 1381 1031 ,
1402 1000 1566 1038 cogebantur
1577 1024 1587 1035 ‚
1608 1007 1682 1042 quod

97 1035 267 1065 frumentum
286 1037 406 1064 Romam
425 1037 456 1064 ad
471 1037 596 1064 alendum
611 1035 743 1073 populum
765 1036 778 1063 a
793 1036 948 1074 magistratu
961 1037 1090 1063 Romano
1110 1035 1275 1064 mittebatur.
1313 1035 1476 1073 AEstimatum
1492 1038 1600 1070 summa
1619 1044 1683 1077 alia,

95 1083 178 1112 quam
191 1074 336 1103 :estimabat
349 1075 517 1112 magistratus
534 1074 562 1102 in
575 1075 669 1103 cellam
684 1073 757 1102 suam
771 1095 781 1107 ‚
803 1075 830 1102 in
844 1073 920 1102 usum
935 1073 1043 1102 familiae
1055 1073 1106 1101 suae
1118 1095 1127 1106 ‚
1149 1084 1213 1102 cum
1227 1074 1364 1103 interdum
1382 1076 1433 1112 pro
1445 1077 1586 1108 frumento
1601 1090 1682 1117 pecu-

96 1114 170 1141 niam
186 1115 334 1150 acciperet(
369 1114 527 1151 Qinetiam
542 1134 549 1144 ,
569 1122 681 1148 emptum
694 1112 786 1147 duplex
799 1113 848 1141 fuit
862 1133 869 1144 ,
888 1122 973 1140 unum
986 1113 1154 1140 decumanum
1167 1114 1239 1150 quod
1253 1122 1286 1140 ex
1300 1112 1388 1141 alteris
1406 1116 1472 1143 item
1489 1117 1609 1146 decumis
1619 1130 1682 1157 pre-

94 1152 135 1180 tio
149 1151 283 1189 persoluto
295 1151 437 1189 aliquando
453 1151 649 1187 accipiebatur:
670 1151 783 1179 alterum
799 1150 968 1185 imperatum,
988 1152 1060 1188 quod
1072 1159 1167 1187 praeter
1182 1152 1245 1179 duas
1259 1152 1386 1179 decumas
1404 1154 1540 1190 aequaliter
1554 1160 1680 1187 omnibus

93 1190 258 1222 civitatibus,
279 1198 367 1227 pretio
380 1191 446 1218 item
459 1190 546 1217 soluto
559 1190 753 1226 imperabatur,
774 1189 1006 1226 quemadmodum
1020 1189 1157 1225 perspicue
1170 1199 1201 1217 ex
1214 1189 1388 1217 frumentaria
1401 1193 1581 1229 cognoscitur.
1604 1198 1678 1225 Nam

93 1227 168 1257 fuisse
182 1230 264 1257 etiam
278 1229 414 1266 quoddam
431 1249 439 1263 ,
460 1228 532 1266 quod
550 1228 708 1255 honorarium
720 1228 852 1255 diceretur
863 1248 869 1259 ‚
896 1228 982 1255 cicero
994 1228 1021 1255 in
1036 1228 1159 1255 Pisonem
1174 1227 1289 1255 ostendit
1300 1248 1309 1259 ‚
1331 1226 1393 1255 cum
1408 1230 1487 1258 dixit:
1511 1233 1566 1269 Qi
1580 1236 1680 1264 modus

94 1266 145 1294 tibi
158 1268 208 1295 fuit
220 1266 350 1295 frumenti
363 1267 483 1295 aestimaei
494 1288 502 1298 ,
522 1267 568 1303 qui
580 1265 727 1293 honorarii?
746 1265 876 1303 liquidem
890 1266 976 1302 potest
990 1266 1037 1298 vi,
1059 1267 1085 1294 δε
1100 1274 1176 1295 metu
1195 1273 1332 1293 extortum
1351 1266 1512 1297 honorarium
1530 1273 1676 1302 nominari.

93 1307 210 1332 Seri-itur
229 1313 318 1333 autem
333 1326 340 1337 ,
361 1314 441 1342 quam
453 1305 508 1332 dixi
519 1325 527 1337 ‚
550 1305 690 1333 civitatum
704 1325 710 1335 ,
732 1312 789 1331 tota
801 1305 828 1331 in
841 1313 874 1331 eo
888 1304 972 1340 pofita
985 1303 1035 1331 fuit
1047 1324 1054 1336 ‚
1075 1312 1104 1332 ut
1117 1303 1219 1341 legibus
1231 1306 1257 1333 &
1270 1304 1468 1340 magistratibus
1483 1308 1615 1338 Romanis
1628 1312 1677 1340 ob-

92 1349 283 1379 temperarent.
325 1345 385 1381 Qa
400 1344 433 1371 de
449 1342 522 1371 causa
534 1343 562 1370 in
577 1342 683 1380 fingulis
698 1343 843 1380 provinciis
858 1342 964 1369 diversae
977 1341 1100 1377 dioecefts,
1120 1342 1173 1370 five
1187 1341 1282 1370 diversi
1296 1351 1443 1372 conventus
1455 1354 1485 1372 ac
1498 1346 1600 1376 diversa
1616 1349 1674 1378 fora

91 1382 333 1414 constituebantur,
354 1381 443 1420 eisque
459 1381 509 1410 suae
521 1381 616 1419 cuique
629 1388 748 1411 Clvltates
760 1380 987 1413 attribuebantur,
1007 1389 1064 1419 qua:
1079 1379 1112 1409 eo
1125 1381 1192 1418 juris
1207 1378 1221 1408 a
1234 1381 1390 1418 magistratu
1407 1383 1536 1412 Romano
1547 1386 1676 1422 poscendi

89 1419 163 1448 causa
177 1421 360 1449 convenirent.

129 1459 169 1486 Ut
181 1466 271 1486 autem
288 1468 380 1487 earum
395 1460 535 1488 civitatum
544 1481 553 1492 ,
573 1469 631 1497 quae
643 1459 771 1489 servitute
785 1460 912 1498 oppress‘ae
925 1459 984 1488 sunt
997 1480 1004 1492 ,
1016 1457 1185 1497 stipendiaria
1198 1455 1308 1494 proprie
1321 1458 1415 1493 dietae,
1439 1469 1497 1498 quae
1511 1461 1609 1500 aliquid
1624 1473 1673 1501 1:0-

90 1495 154 1534 pulo
166 1498 294 1524 Romano
301 1499 501 1534 pependerunt:
523 1497 664 1530 immunes,
673 1508 729 1535 quae
742 1499 821 1526 nihil:
842 1499 877 1526 sic
891 1508 982 1526 earum
997 1507 1054 1534 quae
1066 1497 1188 1524 libertate
1202 1497 1306 1523 donatae
1319 1496 1391 1528 sunt,
1404 1497 1530 1532 [wderatae
1543 1502 1676 1539 praecipue

91 1534 242 1571 appellatae,
262 1545 319 1572 quae
333 1536 430 1573 aliquid
447 1546 479 1564 ex
491 1537 592 1564 foedere
605 1536 753 1565 debuerunt
766 1547 771 1563 :
791 1536 869 1563 [ψει-α
880 1557 886 1566 ,
917 1545 974 1573 quae
988 1536 1103 1563 omnino
1116 1534 1191 1562 nihil.
1228 1534 1316 1569 Hujus
1329 1542 1420 1562 autem
1434 1538 1517 1565 totius
1531 1538 1670 1572 beneficii.

90 1580 169 1608 atque
182 1572 292 1600 honoris
304 1574 445 1602 arbitrium
460 1575 492 1601 ab
507 1575 585 1602 initio
600 1584 681 1610 penes
684 1575 805 1609 senatum
820 1574 870 1602 fuit
884 1573 1046 1601 universum.
1066 1575 1092 1601 Is
1104 1574 1179 1600 enim
1193 1572 1307 1612 acceptis
1320 1572 1352 1599 ab
1364 1573 1533 1609 Imperatore
1549 1577 1583 1605 de
1597 1577 1671 1615 supe-

89 1611 151 1637 ratis
165 1609 294 1641 hostibus,
313 1613 340 1638 &
353 1613 464 1648 regione
480 1613 508 1639 in
522 1613 682 1648 potestatem
696 1613 823 1645 adducta,
843 1612 940 1644 literis,
960 1612 1051 1640 secum
1064 1612 1098 1639 de
1115 1610 1215 1638 nauidia
1228 1631 1233 1639 ,
1256 1619 1288 1637 ac
1300 1612 1415 1646 praemiis
1432 1622 1527 1642 eorum
1542 1636 1549 1646 ,
1570 1617 1616 1651 qui
1633 1617 1671 1644 vi,

89 1648 127 1675 eti
140 1649 236 1679 effem,
257 1647 432 1681 consultavit,
453 1659 484 1677 ac
497 1650 560 1686 quid
575 1649 621 1677 fibi
635 1650 692 1677 fieri
706 1650 836 1686 placeret,
857 1652 1056 1686 Imperatorem
1071 1650 1228 1679 admonuit,
1249 1648 1344 1675 decem
1358 1669 1365 1679 ,
1387 1657 1430 1677 aut
1443 1652 1560 1688 quinque
1576 1654 1670 1691 legatis

86 1685 249 1714 senatoribus
264 1687 296 1714 ad
310 1696 373 1714 eum
388 1688 484 1719 miffis,
504 1695 534 1715 ut
545 1697 578 1715 ex
592 1697 686 1715 eorum
701 1688 830 1716 sententia
843 1689 876 1716 de
888 1688 1004 1716 hostibus
1019 1690 1045 1716 &
1057 1697 1152 1715 eorum
1166 1688 1276 1724 regione
1289 1686 1420 1714 statueret.
1441 1690 1544 1724 Qibus
1558 1693 1667 1720 manda-

87 1724 121 1751 tis
133 1726 261 1761 acceptis,
280 1727 419 1758 Imperator
433 1733 477 1753 aut
490 1736 521 1754 ex
539 1734 610 1753 certa
623 1725 726 1754 1enatus
742 1747 750 1757 ,
771 1726 788 1753 fi
804 1729 840 1754 ita
852 1725 1034 1762 praescriptum
1050 1726 1136 1753 fuerat
1148 1746 1156 1757 ,
1176 1725 1315 1752 voluntate
1327 1744 1336 1755 ‚
1355 1733 1400 1752 aut
1414 1725 1448 1753 de
1464 1731 1607 1757 communi
1621 1731 1667 1758 dc-

86 1771 146 1790 cem
162 1763 312 1800 legatorum
326 1763 455 1792 sententia
468 1784 475 1795 ,
502 1764 580 1791 vietis
590 1763 714 1801 gentibus
730 1772 777 1791 aut
789 1763 885 1802 ignovit
897 1785 904 1796 ‚
924 1772 969 1792 aut
983 1765 1010 1791 in
1018 1762 1266 1799 proi-inciaeformam
1278 1762 1392 1799 redegit.
1430 1764 1564 1801 Ignoviffe
1578 1768 1666 1798 dietus

85 1801 138 1833 est,
160 1800 222 1829 cum
236 1800 333 1828 liberos
345 1802 466 1838 reliquit,
486 1811 517 1829 ac
528 1801 577 1828 suis
592 1801 630 1829 uti
645 1801 747 1838 legibus
760 1801 870 1839 suosque
882 1811 971 1829 creare
986 1812 1064 1829 more
1076 1803 1178 1837 patrio,
1187 1801 1355 1837 magistratus
1368 1802 1505 1836 permifit:
1526 1805 1553 1831 in
1562 1806 1663 1839 provin.

83 1837 122 1865 cia
137 1838 255 1867 formam
269 1838 407 1875 redigere,
427 1849 489 1867 cum
504 1839 651 1876 ademptis,
672 1848 716 1868 aut
727 1841 879 1868 immutatis
890 1840 990 1878 legibus
1000 1850 1045 1868 eos
1057 1840 1173 1867 omnino
1184 1836 1343 1876 magstratm
1356 1842 1469 1867 Romano
1478 1842 1619 1878 quotannis
1631 1845 1665 1873 ab

84 1877 158 1904 Urbe
170 1878 306 1905 mittendo
324 1877 434 1913 subjecit
450 1898 457 1909 ‚
477 1886 508 1905 ac
519 1877 678 1914 vestigalia,
698 1877 895 1915 conventusque
910 1879 1055 1908 constituit.
1094 1879 1159 1914 Qio
1172 1878 1199 1904 in
1211 1886 1309 1914 genere
1328 1876 1390 1904 illud
1403 1877 1577 1908 humanitatis
1589 1882 1666 1911 adhi-

84 1914 156 1946 buit,
176 1924 206 1943 ut
219 1925 273 1942 non
286 1924 383 1942 ornnes
397 1914 517 1950 ejusdem
528 1915 660 1949 provincia
673 1917 793 1944 civitates
806 1917 905 1944 eodem
920 1917 1005 1944 modo
1019 1917 1144 1945 tractaret
1156 1936 1163 1947 ‚
1185 1913 1278 1942 verum
1294 1923 1344 1950 pro
1363 1916 1489 1953 cujustJue
1502 1920 1606 1948 meritis
1617 1929 1663 1951 aut

84 1953 247 1990 majoribus,
268 1961 312 1980 aut
325 1953 473 1980 minoribus
484 1954 639 1981 commodis
651 1963 682 1981 ac
693 1955 862 1982 detrimentis
872 1954 998 1982 afficeret.
1031 1955 1099 1990 Qae
1113 1952 1178 1980 vero
1191 1951 1254 1979 cum
1267 1953 1302 1980 de
1317 1953 1438 1981 universa
1452 1956 1561 1993 regione
1571 1978 1579 1991 ‚
1600 1967 1659 1988 tum

81 1991 116 2019 de
131 1991 237 2028 lingulis
250 1990 399 2018 civitatibus
411 2012 418 2022 ‚
437 1990 593 2028 populisque
608 1992 751 2019 constituta
763 2000 838 2020 erant
851 2013 859 2023 ‚
879 2001 909 2019 ea
922 1992 948 2019 in
960 1992 1091 2019 concione
1104 1991 1207 2018 silentio
1221 1998 1282 2017 ante
1296 1998 1344 2026 per
1355 1994 1507 2026 praeconem
1520 1994 1592 2024 fa&o
1609 1999 1661 2025 Im-

74 2038 178 2064 perator
192 2028 246 2057 fere
260 2029 374 2066 praeconi
386 2030 581 2066 pronuntianda
594 2029 737 2057 mandabat
750 2050 757 2061 ‚
782 2039 813 2058 ac
824 2030 960 2066 postremo
975 2031 1097 2057 Romam
1115 2028 1209 2056 relisto
1221 2028 1310 2065 aliquo
1320 2030 1430 2066 praefhfio
1439 2031 1569 2065 provincia
1582 2035 1659 2064 dece.

80 2068 166 2096 debat.
188 2070 251 2095 Haec
265 2068 292 2094 in
301 2075 400 2103 genere
410 2068 443 2095 de
448 2066 595 2101 proi-incas,
618 2070 644 2096 ἃ
659 2077 712 2104 quo
724 2068 810 2096 modo
823 2078 859 2095 eae
875 2068 1004 2095 confestae
1019 2067 1088 2097 sunt·
1107 2068 1149 2095 De
1163 2065 1321 2095 differentiis
1334 2063 1351 2100 ‚'
1361 2076 1441 2107 atque
1452 2069 1658 2103 administratio-

79 2116 114 2135 ne
129 2115 221 2134 earum
239 2108 265 2134 ὃς
282 2104 356 2141 supra
369 2106 502 2138 dix-imm,
521 2108 548 2135 δε
560 2104 640 2142 paulo
654 2106 713 2143 post
728 2107 850 2144 quaedam
865 2114 1027 2143 repetemus.

707 2177 731 2204 C
758 2185 773 2204 Α
800 2187 823 2204 r‘.
869 2176 1002 2205 XXIII·

518 2231 572 2265 De
595 2232 713 2265 ratione
736 2229 981 2266 deducendarum
1004 2230 1203 2265 coloniarum.

143 2299 265 2328 uomodo
279 2297 375 2326 colonia
387 2297 486 2328 fuerint
497 2299 617 2328 deduetae
630 2320 637 2332 ,
658 2299 848 2336 explicavimus
859 2299 933 2337 supra
943 2321 951 2333 ‚
973 2310 1036 2328 cum
1049 2301 1082 2329 de
1094 2299 1239 2328 triurmririt
1250 2298 1259 2333 ζ
1276 2298 1467 2341 quinqueviris,
1478 2303 1584 2337 fiptemz
1592 2300 1655 2336 iris,

163 2340 216 2367 &c-
237 2346 328 2366 earum
345 2337 557 2365 deducendarum
571 2347 721 2376 ageremus.
741 2338 814 2375 Qid
827 2348 892 2366 vero
907 2340 1022 2376 impedit
1033 2360 1043 2374 ,
1062 2349 1092 2367 ea
1102 2338 1226 2367 hocloco
1238 2338 1331 2367 iisdem
1346 2349 1414 2376 pene
1430 2341 1529 2374 verbis,
1550 2350 1608 2377 quae
1621 2349 1655 2368 ex

166 2375 254 2405 Caroli
263 2374 358 2413 Sigomi
371 2375 530 2417 doctiffirnis
543 2377 747 2416 commentariis
753 2380 818 2408 *tum
829 2377 1020 2445 desmpfimss'i,
1022 2385 1180 2447 ‚biffp’eterffi
1200 2377 1323 2417 quaedam
1331 2380 1428 2412 etiam,
1449 2387 1505 2416 quae
1514 2378 1609 2445 omis?
1619 2378 1657 2406 ibi

1594 2425 1643 2450 unt
1652 2436 1660 2448 2
