<?xml version="1.0" encoding="UTF-8"?>
<!DOCTYPE html PUBLIC "-//W3C//DTD XHTML 1.0 Transitional//EN"
    "http://www.w3.org/TR/xhtml1/DTD/xhtml1-transitional.dtd">
<html xmlns="http://www.w3.org/1999/xhtml" xml:lang="en" lang="en">
 <head>
  <title>
</title>
<meta http-equiv="Content-Type" content="text/html;charset=utf-8" />
  <meta name='ocr-system' content='tesseract 3.04.00' />
  <meta name='ocr-capabilities' content='ocr_page ocr_carea ocr_par ocr_line ocrx_word'/>
</head>
<body>
  <div class='ocr_page' id='page_1' title='image "./johannisrosinian00rosi/johannisrosinian00rosi_0587.png"; bbox 0 0 2075 2734; ppageno 0'>
   <div class='ocr_carea' id='block_1_1' title="bbox 383 92 1645 144">
    <p class='ocr_par' dir='ltr' id='par_1_1' title="bbox 383 92 1645 144">
     <span class='ocr_line' id='line_1_1' title="bbox 383 92 1645 144; baseline 0.003 -20"><span class='ocrx_word' id='word_1_1' title='bbox 383 96 620 125; x_wconf 63' lang='lat' dir='ltr'>DrLoco</span> <span class='ocrx_word' id='word_1_2' title='bbox 659 102 712 121; x_wconf 76' lang='grc' dir='ltr'>ετ</span> <span class='ocrx_word' id='word_1_3' title='bbox 752 92 1100 128; x_wconf 64' lang='lat' dir='ltr'>&#39;ferirent-:2810</span> <span class='ocrx_word' id='word_1_4' title='bbox 1152 94 1299 137; x_wconf 56' lang='lat'>05:233:</span> <span class='ocrx_word' id='word_1_5' title='bbox 1586 114 1645 144; x_wconf 80' lang='lat'>553</span> 
     </span>
    </p>
   </div>
   <div class='ocr_carea' id='block_1_2' title="bbox 50 146 1634 564">
    <p class='ocr_par' dir='ltr' id='par_1_2' title="bbox 55 146 1634 265">
     <span class='ocr_line' id='line_1_2' title="bbox 58 146 1634 188; baseline 0.004 -9"><span class='ocrx_word' id='word_1_6' title='bbox 58 149 167 185; x_wconf 62' lang='lat' dir='ltr'>hot-ato}</span> <span class='ocrx_word' id='word_1_7' title='bbox 186 151 242 188; x_wconf 80' lang='lat' dir='ltr'>ejus</span> <span class='ocrx_word' id='word_1_8' title='bbox 255 149 335 179; x_wconf 75' lang='lat' dir='ltr'>tribas</span> <span class='ocrx_word' id='word_1_9' title='bbox 349 171 356 183; x_wconf 90' lang='lat'>,</span> <span class='ocrx_word' id='word_1_10' title='bbox 378 158 422 178; x_wconf 86' lang='lat' dir='ltr'>aut</span> <span class='ocrx_word' id='word_1_11' title='bbox 435 146 548 177; x_wconf 61' lang='lat' dir='ltr'>centuria</span> <span class='ocrx_word' id='word_1_12' title='bbox 561 146 683 175; x_wconf 89' lang='lat' dir='ltr'>voluntas</span> <span class='ocrx_word' id='word_1_13' title='bbox 701 147 911 185; x_wconf 77' lang='lat' dir='ltr'>cognoscebatur</span> <span class='ocrx_word' id='word_1_14' title='bbox 924 167 932 180; x_wconf 87' lang='lat'>‚</span> <span class='ocrx_word' id='word_1_15' title='bbox 953 157 1036 186; x_wconf 87' lang='lat' dir='ltr'>eaque</span> <span class='ocrx_word' id='word_1_16' title='bbox 1050 151 1062 177; x_wconf 72' lang='grc' dir='ltr'>Ξ]</span> <span class='ocrx_word' id='word_1_17' title='bbox 1076 157 1179 186; x_wconf 62' lang='lat' dir='ltr'>precone</span> <span class='ocrx_word' id='word_1_18' title='bbox 1199 151 1406 182; x_wconf 79' lang='lat' dir='ltr'>renuntiabatur.</span> <span class='ocrx_word' id='word_1_19' title='bbox 1440 155 1479 184; x_wconf 75' lang='lat' dir='ltr'>Et</span> <span class='ocrx_word' id='word_1_20' title='bbox 1494 157 1587 185; x_wconf 88' lang='lat' dir='ltr'>eadem</span> <span class='ocrx_word' id='word_1_21' title='bbox 1605 157 1634 187; x_wconf 91' lang='lat' dir='ltr'>in</span> 
     </span>
     <span class='ocr_line' id='line_1_3' title="bbox 55 185 1634 233; baseline 0.009 -23"><span class='ocrx_word' id='word_1_22' title='bbox 55 193 160 229; x_wconf 35' lang='lat' dir='ltr'>reliqum</span> <span class='ocrx_word' id='word_1_23' title='bbox 172 189 280 218; x_wconf 61' lang='lat' dir='ltr'>tribubu,</span> <span class='ocrx_word' id='word_1_24' title='bbox 290 210 297 220; x_wconf 83' lang='lat'>,</span> <span class='ocrx_word' id='word_1_25' title='bbox 317 196 362 217; x_wconf 86' lang='lat' dir='ltr'>aut</span> <span class='ocrx_word' id='word_1_26' title='bbox 376 187 493 215; x_wconf 77' lang='lat' dir='ltr'>centuriis</span> <span class='ocrx_word' id='word_1_27' title='bbox 504 187 607 214; x_wconf 87' lang='lat' dir='ltr'>ratione</span> <span class='ocrx_word' id='word_1_28' title='bbox 620 185 736 217; x_wconf 80' lang='lat' dir='ltr'>servata,</span> <span class='ocrx_word' id='word_1_29' title='bbox 757 195 789 213; x_wconf 89' lang='lat' dir='ltr'>ex</span> <span class='ocrx_word' id='word_1_30' title='bbox 810 195 913 225; x_wconf 69' lang='lat' dir='ltr'>n-a¹ore</span> <span class='ocrx_word' id='word_1_31' title='bbox 926 186 1039 214; x_wconf 76' lang='lat' dir='ltr'>tribuum</span> <span class='ocrx_word' id='word_1_32' title='bbox 1052 209 1057 215; x_wconf 83' lang='grc'><strong>.</strong></span> <span class='ocrx_word' id='word_1_33' title='bbox 1078 197 1123 217; x_wconf 85' lang='lat' dir='ltr'>aut</span> <span class='ocrx_word' id='word_1_34' title='bbox 1135 198 1311 217; x_wconf 79' lang='lat' dir='ltr'>centurmrum</span> <span class='ocrx_word' id='word_1_35' title='bbox 1326 202 1440 220; x_wconf 77' lang='lat' dir='ltr'>numero</span> <span class='ocrx_word' id='word_1_36' title='bbox 1452 214 1459 225; x_wconf 88' lang='lat'><em>‚</em></span> <span class='ocrx_word' id='word_1_37' title='bbox 1480 196 1634 233; x_wconf 84' lang='lat' dir='ltr'>antiquaba-</span> 
     </span>
     <span class='ocr_line' id='line_1_4' title="bbox 57 222 1460 265; baseline 0.001 -8"><span class='ocrx_word' id='word_1_38' title='bbox 57 237 110 260; x_wconf 82' lang='lat' dir='ltr'>tur.</span> <span class='ocrx_word' id='word_1_39' title='bbox 135 228 174 256; x_wconf 82' lang='lat' dir='ltr'>vel</span> <span class='ocrx_word' id='word_1_40' title='bbox 187 228 363 256; x_wconf 78' lang='lat' dir='ltr'>sciscitabatur</span> <span class='ocrx_word' id='word_1_41' title='bbox 377 226 426 254; x_wconf 85' lang='lat' dir='ltr'>lex.</span> <span class='ocrx_word' id='word_1_42' title='bbox 445 228 508 254; x_wconf 86' lang='lat' dir='ltr'>Hoc</span> <span class='ocrx_word' id='word_1_43' title='bbox 519 232 608 250; x_wconf 86' lang='lat' dir='ltr'>autem</span> <span class='ocrx_word' id='word_1_44' title='bbox 618 244 624 253; x_wconf 94' lang='lat'><strong>‚</strong></span> <span class='ocrx_word' id='word_1_45' title='bbox 645 223 762 262; x_wconf 71' lang='lat' dir='ltr'>oltrtmere</span> <span class='ocrx_word' id='word_1_46' title='bbox 769 222 910 262; x_wconf 63' lang='lat' dir='ltr'>fizffiuigm,</span> <span class='ocrx_word' id='word_1_47' title='bbox 932 223 974 257; x_wconf 48' lang='grc' dir='ltr'>ᾧ</span> <span class='ocrx_word' id='word_1_48' title='bbox 985 224 1303 265; x_wconf 72' lang='lat' dir='ltr'>dirempttoficffi·agiorum</span> <span class='ocrx_word' id='word_1_49' title='bbox 1317 229 1460 259; x_wconf 83' lang='lat' dir='ltr'>dicebatur.</span> 
     </span>
    </p>

    <p class='ocr_par' dir='ltr' id='par_1_3' title="bbox 50 261 1632 564">
     <span class='ocr_line' id='line_1_5' title="bbox 90 261 1632 308; baseline 0.005 -16"><span class='ocrx_word' id='word_1_50' title='bbox 90 267 233 301; x_wconf 66' lang='lat' dir='ltr'>Deremptio·</span> <span class='ocrx_word' id='word_1_51' title='bbox 246 267 327 303; x_wconf 81' lang='lat' dir='ltr'>igitur</span> <span class='ocrx_word' id='word_1_52' title='bbox 331 265 362 299; x_wconf 66' lang='lat' dir='ltr'>fia</span> <span class='ocrx_word' id='word_1_53' title='bbox 398 263 460 301; x_wconf 68' lang='lat' dir='ltr'>,agiis</span> <span class='ocrx_word' id='word_1_54' title='bbox 469 282 476 291; x_wconf 89' lang='lat'>.</span> <span class='ocrx_word' id='word_1_55' title='bbox 495 261 535 289; x_wconf 85' lang='lat' dir='ltr'>vel</span> <span class='ocrx_word' id='word_1_56' title='bbox 549 262 582 289; x_wconf 88' lang='lat' dir='ltr'>de</span> <span class='ocrx_word' id='word_1_57' title='bbox 594 269 730 300; x_wconf 73' lang='lat' dir='ltr'>anttquata</span> <span class='ocrx_word' id='word_1_58' title='bbox 740 262 804 302; x_wconf 67' lang='lat' dir='ltr'>lege,</span> <span class='ocrx_word' id='word_1_59' title='bbox 825 264 866 289; x_wconf 83' lang='lat' dir='ltr'>vel</span> <span class='ocrx_word' id='word_1_60' title='bbox 880 262 914 289; x_wconf 88' lang='lat' dir='ltr'>de</span> <span class='ocrx_word' id='word_1_61' title='bbox 927 271 1023 297; x_wconf 80' lang='lat' dir='ltr'>accepta</span> <span class='ocrx_word' id='word_1_62' title='bbox 1040 264 1258 302; x_wconf 73' lang='lat' dir='ltr'>cognoscebatur.</span> <span class='ocrx_word' id='word_1_63' title='bbox 1279 269 1317 295; x_wconf 89' lang='lat' dir='ltr'>Ac</span> <span class='ocrx_word' id='word_1_64' title='bbox 1332 268 1365 295; x_wconf 88' lang='lat' dir='ltr'>de</span> <span class='ocrx_word' id='word_1_65' title='bbox 1379 269 1529 308; x_wconf 75' lang='lat' dir='ltr'>antiquam,</span> <span class='ocrx_word' id='word_1_66' title='bbox 1551 271 1576 298; x_wconf 79' lang='lat' dir='ltr'>id</span> <span class='ocrx_word' id='word_1_67' title='bbox 1587 272 1632 304; x_wconf 84' lang='lat' dir='ltr'>est,</span> 
     </span>
     <span class='ocr_line' id='line_1_6' title="bbox 54 299 1631 343; baseline 0.003 -11"><span class='ocrx_word' id='word_1_68' title='bbox 54 305 181 342; x_wconf 70' lang='lat' dir='ltr'>ihi-fragiis</span> <span class='ocrx_word' id='word_1_69' title='bbox 189 304 341 341; x_wconf 85' lang='lat' dir='ltr'>improbata</span> <span class='ocrx_word' id='word_1_70' title='bbox 363 311 412 339; x_wconf 85' lang='lat' dir='ltr'>ege</span> <span class='ocrx_word' id='word_1_71' title='bbox 424 299 493 328; x_wconf 76' lang='lat' dir='ltr'>nihil</span> <span class='ocrx_word' id='word_1_72' title='bbox 507 300 542 326; x_wconf 89' lang='lat' dir='ltr'>est</span> <span class='ocrx_word' id='word_1_73' title='bbox 555 300 708 326; x_wconf 82' lang='lat' dir='ltr'>dicendum.</span> <span class='ocrx_word' id='word_1_74' title='bbox 745 304 842 326; x_wconf 71' lang='lat' dir='ltr'>Suram</span> <span class='ocrx_word' id='word_1_75' title='bbox 855 306 944 327; x_wconf 84' lang='lat' dir='ltr'>autem</span> <span class='ocrx_word' id='word_1_76' title='bbox 962 321 970 332; x_wconf 86' lang='lat'>,</span> <span class='ocrx_word' id='word_1_77' title='bbox 989 309 1068 338; x_wconf 87' lang='lat' dir='ltr'>atque</span> <span class='ocrx_word' id='word_1_78' title='bbox 1087 311 1223 338; x_wconf 79' lang='lat' dir='ltr'>acceptam</span> <span class='ocrx_word' id='word_1_79' title='bbox 1236 324 1243 336; x_wconf 81' lang='lat'>‚</span> <span class='ocrx_word' id='word_1_80' title='bbox 1264 315 1360 334; x_wconf 86' lang='lat' dir='ltr'>omnes</span> <span class='ocrx_word' id='word_1_81' title='bbox 1374 308 1445 334; x_wconf 88' lang='lat' dir='ltr'>cives</span> <span class='ocrx_word' id='word_1_82' title='bbox 1457 308 1631 343; x_wconf 75' lang='lat' dir='ltr'>jurejurando</span> 
     </span>
     <span class='ocr_line' id='line_1_7' title="bbox 53 337 1628 376; baseline 0.003 -6"><span class='ocrx_word' id='word_1_83' title='bbox 53 343 256 372; x_wconf 63' lang='lat' dir='ltr'>confirmabant.</span> <span class='ocrx_word' id='word_1_84' title='bbox 277 341 336 368; x_wconf 87' lang='lat' dir='ltr'>Post</span> <span class='ocrx_word' id='word_1_85' title='bbox 347 339 542 376; x_wconf 66' lang='lat' dir='ltr'>jusjurandum„</span> <span class='ocrx_word' id='word_1_86' title='bbox 564 338 591 364; x_wconf 89' lang='lat' dir='ltr'>in</span> <span class='ocrx_word' id='word_1_87' title='bbox 604 347 650 369; x_wconf 79' lang='lat' dir='ltr'>aes,</span> <span class='ocrx_word' id='word_1_88' title='bbox 672 337 725 365; x_wconf 85' lang='lat' dir='ltr'>five</span> <span class='ocrx_word' id='word_1_89' title='bbox 737 339 764 365; x_wconf 88' lang='lat' dir='ltr'>in</span> <span class='ocrx_word' id='word_1_90' title='bbox 777 347 859 365; x_wconf 85' lang='lat' dir='ltr'>aeneas</span> <span class='ocrx_word' id='word_1_91' title='bbox 874 338 972 365; x_wconf 87' lang='lat' dir='ltr'>tabulas</span> <span class='ocrx_word' id='word_1_92' title='bbox 986 340 1166 372; x_wconf 73' lang='lat' dir='ltr'>incidebatur,</span> <span class='ocrx_word' id='word_1_93' title='bbox 1188 343 1324 370; x_wconf 87' lang='lat' dir='ltr'>interdurn</span> <span class='ocrx_word' id='word_1_94' title='bbox 1340 346 1420 372; x_wconf 83' lang='lat' dir='ltr'>etiam</span> <span class='ocrx_word' id='word_1_95' title='bbox 1437 347 1463 373; x_wconf 86' lang='lat' dir='ltr'>in</span> <span class='ocrx_word' id='word_1_96' title='bbox 1478 346 1628 376; x_wconf 84' lang='lat' dir='ltr'>columnas.</span> 
     </span>
     <span class='ocr_line' id='line_1_8' title="bbox 52 375 1630 416; baseline 0.003 -8"><span class='ocrx_word' id='word_1_97' title='bbox 52 380 107 409; x_wconf 82' lang='lat' dir='ltr'>111ae</span> <span class='ocrx_word' id='word_1_98' title='bbox 119 380 212 408; x_wconf 80' lang='lat' dir='ltr'>tabulae</span> <span class='ocrx_word' id='word_1_99' title='bbox 220 380 356 407; x_wconf 76' lang='lat' dir='ltr'>interdum</span> <span class='ocrx_word' id='word_1_100' title='bbox 370 377 397 403; x_wconf 83' lang='lat' dir='ltr'>in</span> <span class='ocrx_word' id='word_1_101' title='bbox 405 375 500 410; x_wconf 69' lang='lat' dir='ltr'>publico</span> <span class='ocrx_word' id='word_1_102' title='bbox 513 376 745 412; x_wconf 86' lang='lat' dir='ltr'>proponebantur,</span> <span class='ocrx_word' id='word_1_103' title='bbox 764 383 794 403; x_wconf 87' lang='lat' dir='ltr'>ut</span> <span class='ocrx_word' id='word_1_104' title='bbox 806 376 890 416; x_wconf 71' lang='lat' dir='ltr'>oculis</span> <span class='ocrx_word' id='word_1_105' title='bbox 904 377 1004 403; x_wconf 80' lang='lat' dir='ltr'>civium</span> <span class='ocrx_word' id='word_1_106' title='bbox 1021 386 1152 412; x_wconf 82' lang='lat' dir='ltr'>paterent:</span> <span class='ocrx_word' id='word_1_107' title='bbox 1174 380 1308 408; x_wconf 87' lang='lat' dir='ltr'>interdum</span> <span class='ocrx_word' id='word_1_108' title='bbox 1324 392 1390 410; x_wconf 89' lang='lat' dir='ltr'>vero</span> <span class='ocrx_word' id='word_1_109' title='bbox 1403 383 1440 409; x_wconf 78' lang='lat' dir='ltr'>ad</span> <span class='ocrx_word' id='word_1_110' title='bbox 1452 384 1567 411; x_wconf 70' lang='lat' dir='ltr'>amrium</span> <span class='ocrx_word' id='word_1_111' title='bbox 1581 386 1630 414; x_wconf 88' lang='lat' dir='ltr'>de-</span> 
     </span>
     <span class='ocr_line' id='line_1_9' title="bbox 54 413 1628 456; baseline 0 -9"><span class='ocrx_word' id='word_1_112' title='bbox 54 418 205 447; x_wconf 86' lang='lat' dir='ltr'>ferebantur</span> <span class='ocrx_word' id='word_1_113' title='bbox 216 439 225 450; x_wconf 93' lang='lat'>,</span> <span class='ocrx_word' id='word_1_114' title='bbox 245 420 271 446; x_wconf 88' lang='lat'>&amp;</span> <span class='ocrx_word' id='word_1_115' title='bbox 284 417 320 444; x_wconf 84' lang='lat' dir='ltr'>ibi</span> <span class='ocrx_word' id='word_1_116' title='bbox 333 415 445 443; x_wconf 74' lang='lat' dir='ltr'>conditce</span> <span class='ocrx_word' id='word_1_117' title='bbox 458 413 660 442; x_wconf 69' lang='lat' dir='ltr'>asservabantur.</span> <span class='ocrx_word' id='word_1_118' title='bbox 701 416 789 450; x_wconf 83' lang='lat' dir='ltr'>Atque</span> <span class='ocrx_word' id='word_1_119' title='bbox 803 413 859 441; x_wconf 83' lang='lat' dir='ltr'>haec</span> <span class='ocrx_word' id='word_1_120' title='bbox 871 417 930 441; x_wconf 70' lang='lat' dir='ltr'>lunt</span> <span class='ocrx_word' id='word_1_121' title='bbox 944 434 951 444; x_wconf 87' lang='lat'>‚</span> <span class='ocrx_word' id='word_1_122' title='bbox 972 423 1028 450; x_wconf 78' lang='lat' dir='ltr'>quae</span> <span class='ocrx_word' id='word_1_123' title='bbox 1044 416 1070 442; x_wconf 87' lang='lat' dir='ltr'>in</span> <span class='ocrx_word' id='word_1_124' title='bbox 1083 416 1240 451; x_wconf 79' lang='lat' dir='ltr'>perferenda</span> <span class='ocrx_word' id='word_1_125' title='bbox 1261 419 1318 455; x_wconf 77' lang='lat' dir='ltr'>lege</span> <span class='ocrx_word' id='word_1_126' title='bbox 1337 422 1406 456; x_wconf 86' lang='lat' dir='ltr'>apud</span> <span class='ocrx_word' id='word_1_127' title='bbox 1424 423 1564 451; x_wconf 80' lang='lat' dir='ltr'>Romanos</span> <span class='ocrx_word' id='word_1_128' title='bbox 1578 424 1628 451; x_wconf 80' lang='lat' dir='ltr'>ob-</span> 
     </span>
     <span class='ocr_line' id='line_1_10' title="bbox 51 451 1630 496; baseline 0.006 -17"><span class='ocrx_word' id='word_1_129' title='bbox 51 455 234 487; x_wconf 66' lang='lat' dir='ltr'>servabantur,</span> <span class='ocrx_word' id='word_1_130' title='bbox 254 464 310 491; x_wconf 81' lang='lat' dir='ltr'>quae</span> <span class='ocrx_word' id='word_1_131' title='bbox 324 452 416 480; x_wconf 79' lang='lat' dir='ltr'>omnia</span> <span class='ocrx_word' id='word_1_132' title='bbox 430 452 519 479; x_wconf 87' lang='lat' dir='ltr'>multis</span> <span class='ocrx_word' id='word_1_133' title='bbox 532 451 674 480; x_wconf 86' lang='lat' dir='ltr'>authorum</span> <span class='ocrx_word' id='word_1_134' title='bbox 689 452 847 480; x_wconf 78' lang='lat' dir='ltr'>testimoniis</span> <span class='ocrx_word' id='word_1_135' title='bbox 861 451 973 492; x_wconf 71' lang='lat' dir='ltr'>prpbare</span> <span class='ocrx_word' id='word_1_136' title='bbox 992 461 1047 480; x_wconf 91' lang='lat' dir='ltr'>non</span> <span class='ocrx_word' id='word_1_137' title='bbox 1066 453 1208 482; x_wconf 81' lang='lat' dir='ltr'>difficulter</span> <span class='ocrx_word' id='word_1_138' title='bbox 1221 456 1322 490; x_wconf 69' lang='lat' dir='ltr'>possem</span> <span class='ocrx_word' id='word_1_139' title='bbox 1339 468 1343 484; x_wconf 92' lang='lat'>:</span> <span class='ocrx_word' id='word_1_140' title='bbox 1371 458 1414 486; x_wconf 83' lang='lat' dir='ltr'>sed</span> <span class='ocrx_word' id='word_1_141' title='bbox 1430 460 1491 496; x_wconf 87' lang='lat' dir='ltr'>quia</span> <span class='ocrx_word' id='word_1_142' title='bbox 1512 460 1544 488; x_wconf 84' lang='lat' dir='ltr'>ab</span> <span class='ocrx_word' id='word_1_143' title='bbox 1559 461 1630 494; x_wconf 82' lang='lat' dir='ltr'>aliis,</span> 
     </span>
     <span class='ocr_line' id='line_1_11' title="bbox 52 489 1629 533; baseline 0.004 -11"><span class='ocrx_word' id='word_1_144' title='bbox 52 503 182 531; x_wconf 71' lang='lat' dir='ltr'>praecipue</span> <span class='ocrx_word' id='word_1_145' title='bbox 201 496 214 520; x_wconf 77' lang='lat' dir='ltr'>a</span> <span class='ocrx_word' id='word_1_146' title='bbox 235 491 312 519; x_wconf 80' lang='lat' dir='ltr'>Paulo</span> <span class='ocrx_word' id='word_1_147' title='bbox 332 489 451 517; x_wconf 73' lang='lat' dir='ltr'>Mmusio</span> <span class='ocrx_word' id='word_1_148' title='bbox 463 510 470 521; x_wconf 85' lang='lat'>,</span> <span class='ocrx_word' id='word_1_149' title='bbox 495 491 639 527; x_wconf 70' lang='lat' dir='ltr'>praestitum</span> <span class='ocrx_word' id='word_1_150' title='bbox 659 490 696 519; x_wconf 89' lang='lat' dir='ltr'>est</span> <span class='ocrx_word' id='word_1_151' title='bbox 709 511 717 522; x_wconf 89' lang='lat'>‚</span> <span class='ocrx_word' id='word_1_152' title='bbox 744 500 777 518; x_wconf 86' lang='lat' dir='ltr'>eo</span> <span class='ocrx_word' id='word_1_153' title='bbox 796 490 924 518; x_wconf 71' lang='lat' dir='ltr'>studiosos</span> <span class='ocrx_word' id='word_1_154' title='bbox 943 491 1056 518; x_wconf 85' lang='lat' dir='ltr'>remitto</span> <span class='ocrx_word' id='word_1_155' title='bbox 1076 511 1084 525; x_wconf 87' lang='lat'>,</span> <span class='ocrx_word' id='word_1_156' title='bbox 1116 500 1179 519; x_wconf 85' lang='lat' dir='ltr'>cum</span> <span class='ocrx_word' id='word_1_157' title='bbox 1200 492 1284 520; x_wconf 89' lang='lat' dir='ltr'>multa</span> <span class='ocrx_word' id='word_1_158' title='bbox 1302 496 1383 524; x_wconf 83' lang='lat' dir='ltr'>etiam</span> <span class='ocrx_word' id='word_1_159' title='bbox 1403 498 1498 533; x_wconf 82' lang='lat' dir='ltr'>paffim</span> <span class='ocrx_word' id='word_1_160' title='bbox 1519 498 1532 526; x_wconf 72' lang='lat' dir='ltr'>a</span> <span class='ocrx_word' id='word_1_161' title='bbox 1551 499 1629 528; x_wconf 79' lang='lat' dir='ltr'>nobis</span> 
     </span>
     <span class='ocr_line' id='line_1_12' title="bbox 50 528 490 564; baseline -0.009 -4"><span class='ocrx_word' id='word_1_162' title='bbox 50 533 96 561; x_wconf 82' lang='lat' dir='ltr'>lib.</span> <span class='ocrx_word' id='word_1_163' title='bbox 114 533 145 559; x_wconf 75' lang='lat' dir='ltr'>de</span> <span class='ocrx_word' id='word_1_164' title='bbox 161 529 267 564; x_wconf 63' lang='lat' dir='ltr'>⁴comitii-t</span> <span class='ocrx_word' id='word_1_165' title='bbox 287 528 490 557; x_wconf 83' lang='lat' dir='ltr'>confirmentur.</span> 
     </span>
    </p>
   </div>
   <div class='ocr_carea' id='block_1_3' title="bbox 96 599 1575 721">
    <p class='ocr_par' dir='ltr' id='par_1_4' title="bbox 96 599 1575 721">
     <span class='ocr_line' id='line_1_13' title="bbox 636 599 1023 627; baseline -0.003 0"><span class='ocrx_word' id='word_1_166' title='bbox 636 600 660 627; x_wconf 95' lang='lat' dir='ltr'>C</span> <span class='ocrx_word' id='word_1_167' title='bbox 701 610 718 626; x_wconf 81' lang='lat' dir='ltr'>A</span> <span class='ocrx_word' id='word_1_168' title='bbox 759 608 774 625; x_wconf 85' lang='lat' dir='ltr'>r·</span> <span class='ocrx_word' id='word_1_169' title='bbox 814 609 832 627; x_wconf 86' lang='grc' dir='ltr'><strong>υ</strong></span> <span class='ocrx_word' id='word_1_170' title='bbox 872 609 890 627; x_wconf 80' lang='lat' dir='ltr'>&#39;r</span> <span class='ocrx_word' id='word_1_171' title='bbox 948 600 960 627; x_wconf 88' lang='lat'>1</span> <span class='ocrx_word' id='word_1_172' title='bbox 976 600 988 626; x_wconf 92' lang='grc' dir='ltr'>Ι</span> <span class='ocrx_word' id='word_1_173' title='bbox 1000 599 1023 626; x_wconf 90' lang='lat' dir='ltr'>I.</span> 
     </span>
     <span class='ocr_line' id='line_1_14' title="bbox 96 667 1575 721; baseline 0.001 -16"><span class='ocrx_word' id='word_1_174' title='bbox 96 670 219 705; x_wconf 88' lang='lat' dir='ltr'>Deloco</span> <span class='ocrx_word' id='word_1_175' title='bbox 230 677 428 718; x_wconf 42' lang='lat' dir='ltr'>&amp;tempora</span> <span class='ocrx_word' id='word_1_176' title='bbox 439 668 542 717; x_wconf 86' lang='lat' dir='ltr'>quibus</span> <span class='ocrx_word' id='word_1_177' title='bbox 550 670 626 719; x_wconf 79' lang='lat' dir='ltr'>leges</span> <span class='ocrx_word' id='word_1_178' title='bbox 636 670 703 704; x_wconf 70' lang='lat' dir='ltr'>lata</span> <span class='ocrx_word' id='word_1_179' title='bbox 711 671 790 716; x_wconf 77' lang='lat' dir='ltr'>fint:</span> <span class='ocrx_word' id='word_1_180' title='bbox 807 667 910 715; x_wconf 84' lang='lat' dir='ltr'>quibus</span> <span class='ocrx_word' id='word_1_181' title='bbox 917 667 955 703; x_wconf 83' lang='lat' dir='ltr'>de</span> <span class='ocrx_word' id='word_1_182' title='bbox 962 671 1055 714; x_wconf 75' lang='lat' dir='ltr'>caufis</span> <span class='ocrx_word' id='word_1_183' title='bbox 1062 669 1128 704; x_wconf 73' lang='lat' dir='ltr'>latae</span> <span class='ocrx_word' id='word_1_184' title='bbox 1135 696 1145 712; x_wconf 92' lang='lat'>‚</span> <span class='ocrx_word' id='word_1_185' title='bbox 1157 675 1203 704; x_wconf 54' lang='grc' dir='ltr'>(γ’</span> <span class='ocrx_word' id='word_1_186' title='bbox 1212 682 1272 717; x_wconf 80' lang='lat' dir='ltr'>quae</span> <span class='ocrx_word' id='word_1_187' title='bbox 1280 672 1426 716; x_wconf 74' lang='lat' dir='ltr'>earumsit</span> <span class='ocrx_word' id='word_1_188' title='bbox 1437 674 1575 721; x_wconf 71' lang='lat' dir='ltr'>potestas.</span> 
     </span>
    </p>
   </div>
   <div class='ocr_carea' id='block_1_4' title="bbox 0 755 1630 2318">
    <p class='ocr_par' dir='ltr' id='par_1_5' title="bbox 44 755 1628 1429">
     <span class='ocr_line' id='line_1_15' title="bbox 49 755 1624 819; baseline 0.001 -34"><span class='ocrx_word' id='word_1_189' title='bbox 49 756 170 819; x_wconf 81' lang='lat' dir='ltr'>Locus</span> <span class='ocrx_word' id='word_1_190' title='bbox 183 758 351 785; x_wconf 85' lang='lat' dir='ltr'>ferendarum</span> <span class='ocrx_word' id='word_1_191' title='bbox 365 758 472 795; x_wconf 86' lang='lat' dir='ltr'>legum,</span> <span class='ocrx_word' id='word_1_192' title='bbox 492 758 724 794; x_wconf 88' lang='lat' dir='ltr'>quemadmodum</span> <span class='ocrx_word' id='word_1_193' title='bbox 737 766 770 785; x_wconf 89' lang='lat' dir='ltr'>ex</span> <span class='ocrx_word' id='word_1_194' title='bbox 786 755 913 792; x_wconf 83' lang='lat' dir='ltr'>superiori</span> <span class='ocrx_word' id='word_1_195' title='bbox 928 757 960 784; x_wconf 86' lang='lat' dir='ltr'>de</span> <span class='ocrx_word' id='word_1_196' title='bbox 972 756 1080 784; x_wconf 53' lang='lat' dir='ltr'>comitii}-</span> <span class='ocrx_word' id='word_1_197' title='bbox 1093 756 1162 784; x_wconf 77' lang='lat' dir='ltr'>libro</span> <span class='ocrx_word' id='word_1_198' title='bbox 1177 756 1275 794; x_wconf 86' lang='lat' dir='ltr'>liquet,</span> <span class='ocrx_word' id='word_1_199' title='bbox 1296 759 1383 786; x_wconf 87' lang='lat' dir='ltr'>varius</span> <span class='ocrx_word' id='word_1_200' title='bbox 1397 757 1454 786; x_wconf 89' lang='lat' dir='ltr'>fuit.</span> <span class='ocrx_word' id='word_1_201' title='bbox 1473 761 1624 789; x_wconf 81' lang='lat' dir='ltr'>Sicutenim</span> 
     </span>
     <span class='ocr_line' id='line_1_16' title="bbox 123 793 1625 828; baseline 0.003 -6"><span class='ocrx_word' id='word_1_202' title='bbox 123 797 178 824; x_wconf 76' lang='lat' dir='ltr'>aliae</span> <span class='ocrx_word' id='word_1_203' title='bbox 191 795 338 824; x_wconf 59' lang='lat' dir='ltr'>centuriam</span> <span class='ocrx_word' id='word_1_204' title='bbox 347 817 354 828; x_wconf 87' lang='lat'>,</span> <span class='ocrx_word' id='word_1_205' title='bbox 376 797 431 823; x_wconf 83' lang='lat' dir='ltr'>aliae</span> <span class='ocrx_word' id='word_1_206' title='bbox 443 794 544 822; x_wconf 64' lang='lat' dir='ltr'>tributis</span> <span class='ocrx_word' id='word_1_207' title='bbox 558 816 567 827; x_wconf 92' lang='lat'><em>‚</em></span> <span class='ocrx_word' id='word_1_208' title='bbox 587 796 642 823; x_wconf 83' lang='lat' dir='ltr'>aliae</span> <span class='ocrx_word' id='word_1_209' title='bbox 654 795 756 823; x_wconf 79' lang='lat' dir='ltr'>curiatis</span> <span class='ocrx_word' id='word_1_210' title='bbox 768 793 875 821; x_wconf 68' lang='lat' dir='ltr'>comitiis</span> <span class='ocrx_word' id='word_1_211' title='bbox 888 794 945 822; x_wconf 81' lang='lat' dir='ltr'>latae</span> <span class='ocrx_word' id='word_1_212' title='bbox 965 795 1071 823; x_wconf 84' lang='lat' dir='ltr'>fuerunt</span> <span class='ocrx_word' id='word_1_213' title='bbox 1085 807 1090 822; x_wconf 84' lang='lat' dir='ltr'>z</span> <span class='ocrx_word' id='word_1_214' title='bbox 1112 795 1211 822; x_wconf 78' lang='lat' dir='ltr'>comitia</span> <span class='ocrx_word' id='word_1_215' title='bbox 1224 803 1315 823; x_wconf 86' lang='lat' dir='ltr'>autem</span> <span class='ocrx_word' id='word_1_216' title='bbox 1337 795 1379 823; x_wconf 81' lang='lat' dir='ltr'>illa</span> <span class='ocrx_word' id='word_1_217' title='bbox 1395 796 1500 824; x_wconf 78' lang='lat' dir='ltr'>diverfis</span> <span class='ocrx_word' id='word_1_218' title='bbox 1520 799 1545 825; x_wconf 91' lang='lat' dir='ltr'>in</span> <span class='ocrx_word' id='word_1_219' title='bbox 1560 799 1625 827; x_wconf 85' lang='lat' dir='ltr'>locis</span> 
     </span>
     <span class='ocr_line' id='line_1_17' title="bbox 47 830 1623 873; baseline 0.003 -15"><span class='ocrx_word' id='word_1_220' title='bbox 47 830 136 861; x_wconf 80' lang='lat' dir='ltr'>habita</span> <span class='ocrx_word' id='word_1_221' title='bbox 150 834 209 862; x_wconf 89' lang='lat' dir='ltr'>sunt</span> <span class='ocrx_word' id='word_1_222' title='bbox 223 845 228 861; x_wconf 91' lang='lat'>:</span> <span class='ocrx_word' id='word_1_223' title='bbox 248 835 285 862; x_wconf 86' lang='lat' dir='ltr'>ita</span> <span class='ocrx_word' id='word_1_224' title='bbox 300 835 383 862; x_wconf 86' lang='lat' dir='ltr'>etiarn</span> <span class='ocrx_word' id='word_1_225' title='bbox 397 834 469 869; x_wconf 81' lang='lat' dir='ltr'>leges</span> <span class='ocrx_word' id='word_1_226' title='bbox 479 833 585 861; x_wconf 79' lang='lat' dir='ltr'>diverfis</span> <span class='ocrx_word' id='word_1_227' title='bbox 603 834 631 861; x_wconf 90' lang='lat' dir='ltr'>in</span> <span class='ocrx_word' id='word_1_228' title='bbox 644 833 709 861; x_wconf 90' lang='lat' dir='ltr'>locis</span> <span class='ocrx_word' id='word_1_229' title='bbox 727 833 784 861; x_wconf 88' lang='lat' dir='ltr'>latae</span> <span class='ocrx_word' id='word_1_230' title='bbox 797 832 911 860; x_wconf 85' lang='lat' dir='ltr'>fuerunt.</span> <span class='ocrx_word' id='word_1_231' title='bbox 950 832 1003 860; x_wconf 83' lang='lat' dir='ltr'>111ae</span> <span class='ocrx_word' id='word_1_232' title='bbox 1017 835 1125 870; x_wconf 86' lang='lat' dir='ltr'>quidem</span> <span class='ocrx_word' id='word_1_233' title='bbox 1143 854 1150 864; x_wconf 93' lang='lat'>‚</span> <span class='ocrx_word' id='word_1_234' title='bbox 1171 843 1228 870; x_wconf 86' lang='lat' dir='ltr'>quae</span> <span class='ocrx_word' id='word_1_235' title='bbox 1247 833 1393 860; x_wconf 65' lang='lat' dir='ltr'>centuriatis</span> <span class='ocrx_word' id='word_1_236' title='bbox 1405 834 1513 861; x_wconf 64' lang='lat' dir='ltr'>comitas</span> <span class='ocrx_word' id='word_1_237' title='bbox 1526 845 1623 873; x_wconf 70' lang='lat' dir='ltr'>rogatae</span> 
     </span>
     <span class='ocr_line' id='line_1_18' title="bbox 47 868 1625 910; baseline 0.003 -14"><span class='ocrx_word' id='word_1_238' title='bbox 47 868 121 903; x_wconf 88' lang='lat' dir='ltr'>sunt,</span> <span class='ocrx_word' id='word_1_239' title='bbox 143 881 173 900; x_wconf 79' lang='lat' dir='ltr'>ut</span> <span class='ocrx_word' id='word_1_240' title='bbox 185 872 331 910; x_wconf 85' lang='lat' dir='ltr'>plurimum</span> <span class='ocrx_word' id='word_1_241' title='bbox 347 874 374 899; x_wconf 86' lang='lat' dir='ltr'>in</span> <span class='ocrx_word' id='word_1_242' title='bbox 387 881 484 907; x_wconf 88' lang='lat' dir='ltr'>campo</span> <span class='ocrx_word' id='word_1_243' title='bbox 497 872 607 899; x_wconf 73' lang='lat' dir='ltr'>Martia:</span> <span class='ocrx_word' id='word_1_244' title='bbox 629 881 686 909; x_wconf 86' lang='lat' dir='ltr'>quae</span> <span class='ocrx_word' id='word_1_245' title='bbox 698 880 788 900; x_wconf 83' lang='lat' dir='ltr'>antem</span> <span class='ocrx_word' id='word_1_246' title='bbox 801 870 923 904; x_wconf 74' lang='lat' dir='ltr'>tributis,</span> <span class='ocrx_word' id='word_1_247' title='bbox 944 872 971 899; x_wconf 67' lang='grc' dir='ltr'>ὃς</span> <span class='ocrx_word' id='word_1_248' title='bbox 983 870 1101 903; x_wconf 75' lang='lat' dir='ltr'>curiatis,</span> <span class='ocrx_word' id='word_1_249' title='bbox 1120 870 1147 897; x_wconf 82' lang='lat' dir='ltr'>&#39;m</span> <span class='ocrx_word' id='word_1_250' title='bbox 1158 871 1227 907; x_wconf 79' lang='lat' dir='ltr'>soro,</span> <span class='ocrx_word' id='word_1_251' title='bbox 1246 880 1324 910; x_wconf 76' lang='lat' dir='ltr'>atque</span> <span class='ocrx_word' id='word_1_252' title='bbox 1337 871 1442 899; x_wconf 80' lang='lat' dir='ltr'>comitio.</span> <span class='ocrx_word' id='word_1_253' title='bbox 1471 874 1520 900; x_wconf 84' lang='lat' dir='ltr'>Sed</span> <span class='ocrx_word' id='word_1_254' title='bbox 1531 883 1625 910; x_wconf 72' lang='lat' dir='ltr'>praeter</span> 
     </span>
     <span class='ocr_line' id='line_1_19' title="bbox 47 907 1628 946; baseline 0.003 -12"><span class='ocrx_word' id='word_1_255' title='bbox 47 907 104 935; x_wconf 81' lang='lat' dir='ltr'>haec</span> <span class='ocrx_word' id='word_1_256' title='bbox 117 919 308 946; x_wconf 78' lang='lat' dir='ltr'>nonnunquam</span> <span class='ocrx_word' id='word_1_257' title='bbox 323 911 405 937; x_wconf 79' lang='lat' dir='ltr'>ctiam</span> <span class='ocrx_word' id='word_1_258' title='bbox 426 909 484 936; x_wconf 76' lang='lat' dir='ltr'>latae</span> <span class='ocrx_word' id='word_1_259' title='bbox 497 910 664 945; x_wconf 87' lang='lat' dir='ltr'>reperiuntur</span> <span class='ocrx_word' id='word_1_260' title='bbox 678 910 747 946; x_wconf 84' lang='lat' dir='ltr'>apud</span> <span class='ocrx_word' id='word_1_261' title='bbox 768 908 907 945; x_wconf 76' lang='lat' dir='ltr'>scriptores</span> <span class='ocrx_word' id='word_1_262' title='bbox 921 909 1037 936; x_wconf 86' lang='lat' dir='ltr'>vetustos</span> <span class='ocrx_word' id='word_1_263' title='bbox 1058 911 1084 937; x_wconf 90' lang='lat' dir='ltr'>in</span> <span class='ocrx_word' id='word_1_264' title='bbox 1096 917 1178 943; x_wconf 70' lang='lat' dir='ltr'>pra-m</span> <span class='ocrx_word' id='word_1_265' title='bbox 1194 909 1331 936; x_wconf 73' lang='lat' dir='ltr'>Flaminiis</span> <span class='ocrx_word' id='word_1_266' title='bbox 1342 930 1350 942; x_wconf 91' lang='lat'><em>‚</em></span> <span class='ocrx_word' id='word_1_267' title='bbox 1377 919 1433 946; x_wconf 78' lang='lat' dir='ltr'>quae</span> <span class='ocrx_word' id='word_1_268' title='bbox 1448 912 1536 946; x_wconf 86' lang='lat' dir='ltr'>postea</span> <span class='ocrx_word' id='word_1_269' title='bbox 1550 911 1628 938; x_wconf 79' lang='lat' dir='ltr'>circus</span> 
     </span>
     <span class='ocr_line' id='line_1_20' title="bbox 49 944 1626 984; baseline 0.002 -11"><span class='ocrx_word' id='word_1_270' title='bbox 49 944 190 974; x_wconf 77' lang='lat' dir='ltr'>Flaminius</span> <span class='ocrx_word' id='word_1_271' title='bbox 201 947 260 975; x_wconf 86' lang='lat' dir='ltr'>sunt</span> <span class='ocrx_word' id='word_1_272' title='bbox 272 947 411 984; x_wconf 84' lang='lat' dir='ltr'>appellata:</span> <span class='ocrx_word' id='word_1_273' title='bbox 429 948 566 975; x_wconf 84' lang='lat' dir='ltr'>interdum</span> <span class='ocrx_word' id='word_1_274' title='bbox 582 947 610 975; x_wconf 76' lang='lat' dir='ltr'>in</span> <span class='ocrx_word' id='word_1_275' title='bbox 620 947 672 974; x_wconf 82' lang='lat' dir='ltr'>luco</span> <span class='ocrx_word' id='word_1_276' title='bbox 687 945 812 978; x_wconf 78' lang='lat' dir='ltr'>Petelino,</span> <span class='ocrx_word' id='word_1_277' title='bbox 832 947 992 984; x_wconf 85' lang='lat' dir='ltr'>quandoque</span> <span class='ocrx_word' id='word_1_278' title='bbox 1005 948 1032 974; x_wconf 92' lang='lat' dir='ltr'>in</span> <span class='ocrx_word' id='word_1_279' title='bbox 1045 946 1174 981; x_wconf 70' lang='lat' dir='ltr'>Capitolio.</span> <span class='ocrx_word' id='word_1_280' title='bbox 1214 948 1281 984; x_wconf 83' lang='lat' dir='ltr'>Qae</span> <span class='ocrx_word' id='word_1_281' title='bbox 1296 948 1387 975; x_wconf 85' lang='lat' dir='ltr'>omnia</span> <span class='ocrx_word' id='word_1_282' title='bbox 1402 958 1434 976; x_wconf 82' lang='lat' dir='ltr'>ex</span> <span class='ocrx_word' id='word_1_283' title='bbox 1448 948 1533 978; x_wconf 69' lang='lat' dir='ltr'>Livio,</span> <span class='ocrx_word' id='word_1_284' title='bbox 1555 948 1626 976; x_wconf 79' lang='lat' dir='ltr'>Cice-</span> 
     </span>
     <span class='ocr_line' id='line_1_21' title="bbox 48 984 1625 1023; baseline 0.004 -14"><span class='ocrx_word' id='word_1_285' title='bbox 48 993 119 1016; x_wconf 81' lang='lat' dir='ltr'>rone,</span> <span class='ocrx_word' id='word_1_286' title='bbox 139 987 165 1013; x_wconf 73' lang='grc' dir='ltr'>δε</span> <span class='ocrx_word' id='word_1_287' title='bbox 178 985 234 1013; x_wconf 81' lang='lat' dir='ltr'>aliis</span> <span class='ocrx_word' id='word_1_288' title='bbox 248 985 400 1013; x_wconf 81' lang='lat' dir='ltr'>authoribus</span> <span class='ocrx_word' id='word_1_289' title='bbox 413 984 472 1013; x_wconf 73' lang='lat' dir='ltr'>satis</span> <span class='ocrx_word' id='word_1_290' title='bbox 486 986 622 1016; x_wconf 87' lang='lat' dir='ltr'>constant,</span> <span class='ocrx_word' id='word_1_291' title='bbox 632 985 743 1022; x_wconf 83' lang='lat' dir='ltr'>&amp;supra</span> <span class='ocrx_word' id='word_1_292' title='bbox 757 984 816 1012; x_wconf 88' lang='lat' dir='ltr'>sunt</span> <span class='ocrx_word' id='word_1_293' title='bbox 831 984 844 1012; x_wconf 73' lang='lat' dir='ltr'>a</span> <span class='ocrx_word' id='word_1_294' title='bbox 858 984 934 1011; x_wconf 90' lang='lat' dir='ltr'>nobis</span> <span class='ocrx_word' id='word_1_295' title='bbox 949 984 1051 1021; x_wconf 87' lang='lat' dir='ltr'>plenius</span> <span class='ocrx_word' id='word_1_296' title='bbox 1064 985 1200 1022; x_wconf 82' lang='lat' dir='ltr'>explicata.</span> <span class='ocrx_word' id='word_1_297' title='bbox 1219 986 1273 1012; x_wconf 82' lang='lat' dir='ltr'>Hic</span> <span class='ocrx_word' id='word_1_298' title='bbox 1286 995 1350 1013; x_wconf 89' lang='lat' dir='ltr'>vero</span> <span class='ocrx_word' id='word_1_299' title='bbox 1367 987 1506 1023; x_wconf 80' lang='lat' dir='ltr'>quaeritur,</span> <span class='ocrx_word' id='word_1_300' title='bbox 1527 987 1625 1016; x_wconf 83' lang='lat' dir='ltr'>Iocone</span> 
     </span>
     <span class='ocr_line' id='line_1_22' title="bbox 46 1021 1625 1062; baseline 0.003 -14"><span class='ocrx_word' id='word_1_301' title='bbox 46 1021 137 1054; x_wconf 67' lang='lat' dir='ltr'>fiacro,</span> <span class='ocrx_word' id='word_1_302' title='bbox 155 1033 187 1051; x_wconf 84' lang='lat' dir='ltr'>an</span> <span class='ocrx_word' id='word_1_303' title='bbox 199 1024 313 1060; x_wconf 90' lang='lat' dir='ltr'>profano</span> <span class='ocrx_word' id='word_1_304' title='bbox 331 1023 388 1051; x_wconf 79' lang='lat' dir='ltr'>latae</span> <span class='ocrx_word' id='word_1_305' title='bbox 410 1024 479 1060; x_wconf 83' lang='lat' dir='ltr'>leges</span> <span class='ocrx_word' id='word_1_306' title='bbox 491 1024 552 1052; x_wconf 86' lang='lat' dir='ltr'>fint.</span> <span class='ocrx_word' id='word_1_307' title='bbox 592 1025 633 1051; x_wconf 85' lang='lat' dir='ltr'>Ad</span> <span class='ocrx_word' id='word_1_308' title='bbox 647 1033 728 1061; x_wconf 87' lang='lat' dir='ltr'>quam</span> <span class='ocrx_word' id='word_1_309' title='bbox 742 1023 913 1060; x_wconf 79' lang='lat' dir='ltr'>quaestionem</span> <span class='ocrx_word' id='word_1_310' title='bbox 924 1044 933 1055; x_wconf 89' lang='lat'><em>‚</em></span> <span class='ocrx_word' id='word_1_311' title='bbox 954 1023 1000 1051; x_wconf 86' lang='lat' dir='ltr'>etsi</span> <span class='ocrx_word' id='word_1_312' title='bbox 1013 1032 1074 1051; x_wconf 88' lang='lat' dir='ltr'>ante</span> <span class='ocrx_word' id='word_1_313' title='bbox 1094 1024 1130 1050; x_wconf 87' lang='lat' dir='ltr'>cst</span> <span class='ocrx_word' id='word_1_314' title='bbox 1144 1021 1298 1058; x_wconf 83' lang='lat' dir='ltr'>responsum</span> <span class='ocrx_word' id='word_1_315' title='bbox 1314 1045 1322 1056; x_wconf 90' lang='lat'>,</span> <span class='ocrx_word' id='word_1_316' title='bbox 1344 1033 1435 1052; x_wconf 88' lang='lat' dir='ltr'>tamen</span> <span class='ocrx_word' id='word_1_317' title='bbox 1448 1024 1491 1052; x_wconf 89' lang='lat' dir='ltr'>hic</span> <span class='ocrx_word' id='word_1_318' title='bbox 1504 1033 1625 1062; x_wconf 87' lang='lat' dir='ltr'>repetere</span> 
     </span>
     <span class='ocr_line' id='line_1_23' title="bbox 47 1060 1624 1100; baseline 0.003 -13"><span class='ocrx_word' id='word_1_319' title='bbox 47 1069 103 1087; x_wconf 88' lang='lat' dir='ltr'>non</span> <span class='ocrx_word' id='word_1_320' title='bbox 112 1062 226 1099; x_wconf 87' lang='lat' dir='ltr'>pigebit,</span> <span class='ocrx_word' id='word_1_321' title='bbox 246 1062 307 1089; x_wconf 90' lang='lat' dir='ltr'>loco</span> <span class='ocrx_word' id='word_1_322' title='bbox 322 1062 396 1090; x_wconf 86' lang='lat' dir='ltr'>sacro</span> <span class='ocrx_word' id='word_1_323' title='bbox 409 1062 512 1098; x_wconf 87' lang='lat' dir='ltr'>potius,</span> <span class='ocrx_word' id='word_1_324' title='bbox 533 1071 613 1098; x_wconf 86' lang='lat' dir='ltr'>quam</span> <span class='ocrx_word' id='word_1_325' title='bbox 627 1061 742 1097; x_wconf 84' lang='lat' dir='ltr'>profano</span> <span class='ocrx_word' id='word_1_326' title='bbox 752 1062 814 1089; x_wconf 88' lang='lat' dir='ltr'>latas</span> <span class='ocrx_word' id='word_1_327' title='bbox 828 1061 920 1089; x_wconf 89' lang='lat' dir='ltr'>videri.</span> <span class='ocrx_word' id='word_1_328' title='bbox 949 1062 1071 1090; x_wconf 86' lang='lat' dir='ltr'>Primum</span> <span class='ocrx_word' id='word_1_329' title='bbox 1085 1062 1159 1088; x_wconf 86' lang='lat' dir='ltr'>enim</span> <span class='ocrx_word' id='word_1_330' title='bbox 1173 1061 1201 1088; x_wconf 92' lang='lat' dir='ltr'>in</span> <span class='ocrx_word' id='word_1_331' title='bbox 1215 1060 1308 1096; x_wconf 77' lang='lat' dir='ltr'>rostris,</span> <span class='ocrx_word' id='word_1_332' title='bbox 1329 1063 1375 1099; x_wconf 89' lang='lat' dir='ltr'>qui</span> <span class='ocrx_word' id='word_1_333' title='bbox 1388 1062 1460 1090; x_wconf 85' lang='lat' dir='ltr'>locus</span> <span class='ocrx_word' id='word_1_334' title='bbox 1473 1072 1526 1091; x_wconf 85' lang='lat' dir='ltr'>erat</span> <span class='ocrx_word' id='word_1_335' title='bbox 1543 1073 1624 1100; x_wconf 83' lang='lat' dir='ltr'>augu-</span> 
     </span>
     <span class='ocr_line' id='line_1_24' title="bbox 47 1098 1623 1139; baseline 0.003 -14"><span class='ocrx_word' id='word_1_336' title='bbox 47 1105 134 1131; x_wconf 85' lang='lat' dir='ltr'>ratus,</span> <span class='ocrx_word' id='word_1_337' title='bbox 152 1100 323 1139; x_wconf 77' lang='lat' dir='ltr'>templumque</span> <span class='ocrx_word' id='word_1_338' title='bbox 335 1100 487 1130; x_wconf 79' lang='lat' dir='ltr'>dicebatur,</span> <span class='ocrx_word' id='word_1_339' title='bbox 505 1101 622 1127; x_wconf 73' lang='lat' dir='ltr'>Cicerone</span> <span class='ocrx_word' id='word_1_340' title='bbox 636 1101 662 1128; x_wconf 68' lang='grc' dir='ltr'>ὃς</span> <span class='ocrx_word' id='word_1_341' title='bbox 675 1098 748 1126; x_wconf 74' lang='lat' dir='ltr'>Liria</span> <span class='ocrx_word' id='word_1_342' title='bbox 761 1098 882 1131; x_wconf 86' lang='lat' dir='ltr'>testibus,</span> <span class='ocrx_word' id='word_1_343' title='bbox 903 1099 968 1135; x_wconf 65' lang='lat' dir='ltr'>saepe</span> <span class='ocrx_word' id='word_1_344' title='bbox 981 1098 995 1127; x_wconf 70' lang='lat' dir='ltr'>a</span> <span class='ocrx_word' id='word_1_345' title='bbox 1007 1098 1195 1136; x_wconf 66' lang='lat' dir='ltr'>magstratibus</span> <span class='ocrx_word' id='word_1_346' title='bbox 1213 1098 1374 1128; x_wconf 83' lang='lat' dir='ltr'>ferebantur.</span> <span class='ocrx_word' id='word_1_347' title='bbox 1400 1101 1434 1127; x_wconf 79' lang='lat' dir='ltr'>Et</span> <span class='ocrx_word' id='word_1_348' title='bbox 1446 1104 1474 1127; x_wconf 87' lang='lat' dir='ltr'>P.</span> <span class='ocrx_word' id='word_1_349' title='bbox 1485 1101 1623 1130; x_wconf 67' lang='lat' dir='ltr'>Claulmm</span> 
     </span>
     <span class='ocr_line' id='line_1_25' title="bbox 47 1135 1624 1174; baseline 0.003 -11"><span class='ocrx_word' id='word_1_350' title='bbox 47 1135 119 1174; x_wconf 83' lang='lat' dir='ltr'>leges</span> <span class='ocrx_word' id='word_1_351' title='bbox 132 1137 186 1165; x_wconf 86' lang='lat' dir='ltr'>suas</span> <span class='ocrx_word' id='word_1_352' title='bbox 199 1139 225 1165; x_wconf 93' lang='lat' dir='ltr'>in</span> <span class='ocrx_word' id='word_1_353' title='bbox 240 1139 295 1166; x_wconf 79' lang='lat' dir='ltr'>aede</span> <span class='ocrx_word' id='word_1_354' title='bbox 310 1139 423 1165; x_wconf 85' lang='lat' dir='ltr'>Castoris</span> <span class='ocrx_word' id='word_1_355' title='bbox 437 1137 533 1165; x_wconf 85' lang='lat' dir='ltr'>tulisse:</span> <span class='ocrx_word' id='word_1_356' title='bbox 556 1137 645 1166; x_wconf 86' lang='lat' dir='ltr'>scribit</span> <span class='ocrx_word' id='word_1_357' title='bbox 659 1147 714 1165; x_wconf 91' lang='lat' dir='ltr'>non</span> <span class='ocrx_word' id='word_1_358' title='bbox 731 1147 787 1165; x_wconf 90' lang='lat' dir='ltr'>uno</span> <span class='ocrx_word' id='word_1_359' title='bbox 800 1139 827 1164; x_wconf 93' lang='lat' dir='ltr'>in</span> <span class='ocrx_word' id='word_1_360' title='bbox 842 1137 902 1164; x_wconf 92' lang='lat' dir='ltr'>loco</span> <span class='ocrx_word' id='word_1_361' title='bbox 916 1137 1013 1169; x_wconf 81' lang='lat' dir='ltr'>Cicero,</span> <span class='ocrx_word' id='word_1_362' title='bbox 1034 1146 1063 1166; x_wconf 85' lang='lat' dir='ltr'>ut</span> <span class='ocrx_word' id='word_1_363' title='bbox 1076 1139 1102 1173; x_wconf 84' lang='lat' dir='ltr'>ja</span> <span class='ocrx_word' id='word_1_364' title='bbox 1112 1148 1130 1164; x_wconf 86' lang='lat' dir='ltr'>n</span> <span class='ocrx_word' id='word_1_365' title='bbox 1147 1137 1194 1164; x_wconf 84' lang='lat' dir='ltr'>alia</span> <span class='ocrx_word' id='word_1_366' title='bbox 1209 1145 1366 1174; x_wconf 84' lang='lat' dir='ltr'>argumenta</span> <span class='ocrx_word' id='word_1_367' title='bbox 1381 1140 1527 1167; x_wconf 81' lang='lat' dir='ltr'>&amp;rationes</span> <span class='ocrx_word' id='word_1_368' title='bbox 1541 1141 1624 1169; x_wconf 85' lang='lat' dir='ltr'>omit-</span> 
     </span>
     <span class='ocr_line' id='line_1_26' title="bbox 47 1174 1624 1213; baseline 0.003 -11"><span class='ocrx_word' id='word_1_369' title='bbox 47 1182 114 1203; x_wconf 86' lang='lat' dir='ltr'>tam.</span> <span class='ocrx_word' id='word_1_370' title='bbox 134 1177 214 1204; x_wconf 86' lang='lat' dir='ltr'>Unde</span> <span class='ocrx_word' id='word_1_371' title='bbox 227 1176 362 1212; x_wconf 82' lang='lat' dir='ltr'>conjicere</span> <span class='ocrx_word' id='word_1_372' title='bbox 374 1176 447 1204; x_wconf 82' lang='lat' dir='ltr'>licet,</span> <span class='ocrx_word' id='word_1_373' title='bbox 467 1174 627 1213; x_wconf 72' lang='lat' dir='ltr'>magistratus</span> <span class='ocrx_word' id='word_1_374' title='bbox 641 1176 728 1212; x_wconf 83' lang='lat' dir='ltr'>legem</span> <span class='ocrx_word' id='word_1_375' title='bbox 743 1177 770 1203; x_wconf 86' lang='lat' dir='ltr'>in</span> <span class='ocrx_word' id='word_1_376' title='bbox 785 1174 904 1210; x_wconf 78' lang='lat' dir='ltr'>templo,</span> <span class='ocrx_word' id='word_1_377' title='bbox 924 1175 1051 1212; x_wconf 86' lang='lat' dir='ltr'>populum</span> <span class='ocrx_word' id='word_1_378' title='bbox 1066 1174 1187 1212; x_wconf 81' lang='lat' dir='ltr'>suffragia</span> <span class='ocrx_word' id='word_1_379' title='bbox 1199 1175 1231 1201; x_wconf 77' lang='lat' dir='ltr'>de</span> <span class='ocrx_word' id='word_1_380' title='bbox 1244 1176 1295 1212; x_wconf 80' lang='lat' dir='ltr'>lege</span> <span class='ocrx_word' id='word_1_381' title='bbox 1309 1177 1377 1204; x_wconf 85' lang='lat' dir='ltr'>circa</span> <span class='ocrx_word' id='word_1_382' title='bbox 1384 1177 1517 1212; x_wconf 83' lang='lat' dir='ltr'>templum</span> <span class='ocrx_word' id='word_1_383' title='bbox 1530 1178 1624 1209; x_wconf 78' lang='lat' dir='ltr'>tulisse.</span> 
     </span>
     <span class='ocr_line' id='line_1_27' title="bbox 46 1211 1622 1251; baseline 0.004 -13"><span class='ocrx_word' id='word_1_384' title='bbox 46 1211 102 1239; x_wconf 83' lang='lat' dir='ltr'>111ae</span> <span class='ocrx_word' id='word_1_385' title='bbox 113 1223 176 1241; x_wconf 84' lang='lat' dir='ltr'>vero</span> <span class='ocrx_word' id='word_1_386' title='bbox 189 1214 275 1251; x_wconf 84' lang='lat' dir='ltr'>leges,</span> <span class='ocrx_word' id='word_1_387' title='bbox 296 1223 352 1250; x_wconf 80' lang='lat' dir='ltr'>quae</span> <span class='ocrx_word' id='word_1_388' title='bbox 364 1215 391 1241; x_wconf 88' lang='lat' dir='ltr'>in</span> <span class='ocrx_word' id='word_1_389' title='bbox 404 1222 485 1246; x_wconf 80' lang='lat' dir='ltr'>campo</span> <span class='ocrx_word' id='word_1_390' title='bbox 500 1213 611 1244; x_wconf 71' lang='lat' dir='ltr'>Martio,</span> <span class='ocrx_word' id='word_1_391' title='bbox 632 1214 674 1240; x_wconf 86' lang='lat' dir='ltr'>vel</span> <span class='ocrx_word' id='word_1_392' title='bbox 687 1213 763 1244; x_wconf 86' lang='lat' dir='ltr'>alibi,</span> <span class='ocrx_word' id='word_1_393' title='bbox 784 1222 814 1241; x_wconf 89' lang='lat' dir='ltr'>ut</span> <span class='ocrx_word' id='word_1_394' title='bbox 825 1213 856 1240; x_wconf 88' lang='lat' dir='ltr'>ad</span> <span class='ocrx_word' id='word_1_395' title='bbox 870 1211 951 1239; x_wconf 83' lang='lat' dir='ltr'>lacum</span> <span class='ocrx_word' id='word_1_396' title='bbox 963 1212 1098 1249; x_wconf 53' lang='lat' dir='ltr'>Regillum,</span> <span class='ocrx_word' id='word_1_397' title='bbox 1121 1214 1193 1249; x_wconf 90' lang='lat' dir='ltr'>quod</span> <span class='ocrx_word' id='word_1_398' title='bbox 1205 1215 1273 1249; x_wconf 84' lang='lat' dir='ltr'>apud</span> <span class='ocrx_word' id='word_1_399' title='bbox 1288 1212 1391 1240; x_wconf 69' lang='lat' dir='ltr'>Livium</span> <span class='ocrx_word' id='word_1_400' title='bbox 1404 1214 1533 1250; x_wconf 77' lang='lat' dir='ltr'>legimu5‚</span> <span class='ocrx_word' id='word_1_401' title='bbox 1554 1216 1622 1244; x_wconf 82' lang='lat' dir='ltr'>fere-</span> 
     </span>
     <span class='ocr_line' id='line_1_28' title="bbox 46 1249 1621 1292; baseline 0.003 -16"><span class='ocrx_word' id='word_1_402' title='bbox 46 1249 158 1282; x_wconf 84' lang='lat' dir='ltr'>bantur,</span> <span class='ocrx_word' id='word_1_403' title='bbox 177 1251 238 1278; x_wconf 86' lang='lat' dir='ltr'>licet</span> <span class='ocrx_word' id='word_1_404' title='bbox 251 1261 306 1278; x_wconf 88' lang='lat' dir='ltr'>non</span> <span class='ocrx_word' id='word_1_405' title='bbox 321 1253 347 1278; x_wconf 94' lang='lat' dir='ltr'>in</span> <span class='ocrx_word' id='word_1_406' title='bbox 365 1251 470 1285; x_wconf 83' lang='lat' dir='ltr'>templo</span> <span class='ocrx_word' id='word_1_407' title='bbox 481 1271 488 1280; x_wconf 90' lang='lat'><strong><em>‚</em></strong></span> <span class='ocrx_word' id='word_1_408' title='bbox 510 1258 536 1277; x_wconf 88' lang='lat' dir='ltr'>at</span> <span class='ocrx_word' id='word_1_409' title='bbox 550 1252 576 1277; x_wconf 92' lang='lat' dir='ltr'>in</span> <span class='ocrx_word' id='word_1_410' title='bbox 593 1250 653 1278; x_wconf 90' lang='lat' dir='ltr'>loco</span> <span class='ocrx_word' id='word_1_411' title='bbox 667 1252 823 1287; x_wconf 80' lang='lat' dir='ltr'>inaugurato</span> <span class='ocrx_word' id='word_1_412' title='bbox 838 1249 989 1277; x_wconf 83' lang='lat' dir='ltr'>ferebantur</span> <span class='ocrx_word' id='word_1_413' title='bbox 1002 1271 1009 1281; x_wconf 92' lang='lat'>,</span> <span class='ocrx_word' id='word_1_414' title='bbox 1035 1252 1061 1278; x_wconf 89' lang='lat' dir='ltr'>id</span> <span class='ocrx_word' id='word_1_415' title='bbox 1078 1252 1149 1287; x_wconf 89' lang='lat' dir='ltr'>quod</span> <span class='ocrx_word' id='word_1_416' title='bbox 1165 1249 1205 1278; x_wconf 89' lang='lat' dir='ltr'>vel</span> <span class='ocrx_word' id='word_1_417' title='bbox 1225 1260 1257 1278; x_wconf 88' lang='lat' dir='ltr'>ex</span> <span class='ocrx_word' id='word_1_418' title='bbox 1272 1260 1327 1278; x_wconf 86' lang='lat' dir='ltr'>uno</span> <span class='ocrx_word' id='word_1_419' title='bbox 1346 1251 1416 1278; x_wconf 75' lang='lat' dir='ltr'>Livii</span> <span class='ocrx_word' id='word_1_420' title='bbox 1434 1253 1496 1279; x_wconf 91' lang='lat' dir='ltr'>loco</span> <span class='ocrx_word' id='word_1_421' title='bbox 1510 1253 1579 1281; x_wconf 88' lang='lat' dir='ltr'>libro</span> <span class='ocrx_word' id='word_1_422' title='bbox 1596 1265 1621 1292; x_wconf 85' lang='lat'>3.</span> 
     </span>
     <span class='ocr_line' id='line_1_29' title="bbox 46 1287 1622 1328; baseline 0.003 -14"><span class='ocrx_word' id='word_1_423' title='bbox 46 1287 173 1324; x_wconf 85' lang='lat' dir='ltr'>cognosci</span> <span class='ocrx_word' id='word_1_424' title='bbox 187 1289 286 1324; x_wconf 80' lang='lat' dir='ltr'>potest,</span> <span class='ocrx_word' id='word_1_425' title='bbox 307 1288 351 1316; x_wconf 87' lang='lat' dir='ltr'>ubi</span> <span class='ocrx_word' id='word_1_426' title='bbox 366 1288 401 1316; x_wconf 86' lang='lat' dir='ltr'>fic</span> <span class='ocrx_word' id='word_1_427' title='bbox 412 1287 512 1315; x_wconf 83' lang='lat' dir='ltr'>scribit:</span> <span class='ocrx_word' id='word_1_428' title='bbox 536 1287 640 1315; x_wconf 53' lang='lat' dir='ltr'>Tribuni</span> <span class='ocrx_word' id='word_1_429' title='bbox 653 1296 683 1317; x_wconf 90' lang='lat' dir='ltr'>ut</span> <span class='ocrx_word' id='word_1_430' title='bbox 697 1288 874 1324; x_wconf 80' lang='lat' dir='ltr'>impediendae</span> <span class='ocrx_word' id='word_1_431' title='bbox 886 1289 923 1315; x_wconf 90' lang='lat' dir='ltr'>rei</span> <span class='ocrx_word' id='word_1_432' title='bbox 938 1288 1008 1315; x_wconf 86' lang='lat' dir='ltr'>nulla</span> <span class='ocrx_word' id='word_1_433' title='bbox 1022 1288 1078 1326; x_wconf 89' lang='lat' dir='ltr'>spes</span> <span class='ocrx_word' id='word_1_434' title='bbox 1089 1295 1159 1317; x_wconf 80' lang='lat' dir='ltr'>erat.</span> <span class='ocrx_word' id='word_1_435' title='bbox 1178 1289 1212 1315; x_wconf 91' lang='lat' dir='ltr'>de</span> <span class='ocrx_word' id='word_1_436' title='bbox 1223 1288 1385 1325; x_wconf 86' lang='lat' dir='ltr'>proferendo</span> <span class='ocrx_word' id='word_1_437' title='bbox 1395 1291 1511 1319; x_wconf 82' lang='lat' dir='ltr'>exercitu</span> <span class='ocrx_word' id='word_1_438' title='bbox 1526 1300 1605 1328; x_wconf 83' lang='lat' dir='ltr'>agere</span> <span class='ocrx_word' id='word_1_439' title='bbox 1614 1314 1622 1325; x_wconf 91' lang='lat'>,</span> 
     </span>
     <span class='ocr_line' id='line_1_30' title="bbox 46 1325 1621 1367; baseline 0.003 -15"><span class='ocrx_word' id='word_1_440' title='bbox 46 1334 80 1352; x_wconf 89' lang='lat' dir='ltr'>eo</span> <span class='ocrx_word' id='word_1_441' title='bbox 94 1327 178 1363; x_wconf 83' lang='lat' dir='ltr'>magis</span> <span class='ocrx_word' id='word_1_442' title='bbox 191 1327 261 1364; x_wconf 84' lang='lat' dir='ltr'>quod</span> <span class='ocrx_word' id='word_1_443' title='bbox 272 1329 297 1355; x_wconf 65' lang='grc' dir='ltr'>ὃς</span> <span class='ocrx_word' id='word_1_444' title='bbox 310 1336 415 1363; x_wconf 79' lang='lat' dir='ltr'>augures</span> <span class='ocrx_word' id='word_1_445' title='bbox 425 1325 505 1361; x_wconf 80' lang='lat' dir='ltr'>juffos</span> <span class='ocrx_word' id='word_1_446' title='bbox 519 1326 604 1354; x_wconf 76' lang='lat' dir='ltr'>adesse</span> <span class='ocrx_word' id='word_1_447' title='bbox 617 1327 648 1354; x_wconf 86' lang='lat' dir='ltr'>ad</span> <span class='ocrx_word' id='word_1_448' title='bbox 661 1327 742 1353; x_wconf 79' lang='lat' dir='ltr'>lacum</span> <span class='ocrx_word' id='word_1_449' title='bbox 757 1326 896 1363; x_wconf 60' lang='lat' dir='ltr'>Regillum,</span> <span class='ocrx_word' id='word_1_450' title='bbox 918 1326 988 1353; x_wconf 76' lang='lat' dir='ltr'>fama</span> <span class='ocrx_word' id='word_1_451' title='bbox 1003 1329 1116 1358; x_wconf 83' lang='lat' dir='ltr'>exierat,</span> <span class='ocrx_word' id='word_1_452' title='bbox 1135 1327 1280 1363; x_wconf 89' lang='lat' dir='ltr'>locumque</span> <span class='ocrx_word' id='word_1_453' title='bbox 1295 1327 1459 1363; x_wconf 79' lang='lat' dir='ltr'>inaugurari,</span> <span class='ocrx_word' id='word_1_454' title='bbox 1479 1328 1524 1356; x_wconf 88' lang='lat' dir='ltr'>ubi</span> <span class='ocrx_word' id='word_1_455' title='bbox 1537 1329 1621 1367; x_wconf 80' lang='lat' dir='ltr'>auspi-</span> 
     </span>
     <span class='ocr_line' id='line_1_31' title="bbox 44 1364 1618 1404; baseline 0.003 -13"><span class='ocrx_word' id='word_1_456' title='bbox 44 1370 105 1391; x_wconf 86' lang='lat' dir='ltr'>cato</span> <span class='ocrx_word' id='word_1_457' title='bbox 120 1374 182 1392; x_wconf 76' lang='lat' dir='ltr'>cum</span> <span class='ocrx_word' id='word_1_458' title='bbox 197 1364 296 1402; x_wconf 88' lang='lat' dir='ltr'>populo</span> <span class='ocrx_word' id='word_1_459' title='bbox 307 1366 350 1402; x_wconf 81' lang='lat' dir='ltr'>agi</span> <span class='ocrx_word' id='word_1_460' title='bbox 363 1364 461 1401; x_wconf 76' lang='lat' dir='ltr'>poss‘et,</span> <span class='ocrx_word' id='word_1_461' title='bbox 483 1372 511 1393; x_wconf 92' lang='lat' dir='ltr'>ut</span> <span class='ocrx_word' id='word_1_462' title='bbox 527 1365 652 1402; x_wconf 78' lang='lat' dir='ltr'>quicquid</span> <span class='ocrx_word' id='word_1_463' title='bbox 665 1366 760 1392; x_wconf 83' lang='lat' dir='ltr'>Romae</span> <span class='ocrx_word' id='word_1_464' title='bbox 775 1366 801 1392; x_wconf 92' lang='lat' dir='ltr'>vi</span> <span class='ocrx_word' id='word_1_465' title='bbox 816 1364 952 1392; x_wconf 87' lang='lat' dir='ltr'>tribunitia</span> <span class='ocrx_word' id='word_1_466' title='bbox 963 1373 1089 1402; x_wconf 84' lang='lat' dir='ltr'>rogatum</span> <span class='ocrx_word' id='word_1_467' title='bbox 1104 1364 1167 1392; x_wconf 78' lang='lat' dir='ltr'>elset</span> <span class='ocrx_word' id='word_1_468' title='bbox 1181 1385 1187 1396; x_wconf 85' lang='lat'>‚</span> <span class='ocrx_word' id='word_1_469' title='bbox 1208 1364 1234 1392; x_wconf 90' lang='lat' dir='ltr'>id</span> <span class='ocrx_word' id='word_1_470' title='bbox 1253 1365 1369 1392; x_wconf 83' lang='lat' dir='ltr'>comitiis</span> <span class='ocrx_word' id='word_1_471' title='bbox 1383 1365 1419 1392; x_wconf 89' lang='lat' dir='ltr'>ibi</span> <span class='ocrx_word' id='word_1_472' title='bbox 1435 1365 1618 1404; x_wconf 83' lang='lat' dir='ltr'>abrogaretur.</span> 
     </span>
     <span class='ocr_line' id='line_1_32' title="bbox 44 1402 218 1429; baseline 0 0"><span class='ocrx_word' id='word_1_473' title='bbox 44 1403 109 1429; x_wconf 83' lang='lat' dir='ltr'>Haec</span> <span class='ocrx_word' id='word_1_474' title='bbox 120 1402 218 1429; x_wconf 67' lang='lat' dir='ltr'>Livius.</span> 
     </span>
    </p>

    <p class='ocr_par' dir='ltr' id='par_1_6' title="bbox 41 1438 1630 1959">
     <span class='ocr_line' id='line_1_33' title="bbox 85 1438 1622 1482; baseline 0.005 -16"><span class='ocrx_word' id='word_1_475' title='bbox 85 1439 120 1466; x_wconf 87' lang='lat' dir='ltr'>Et</span> <span class='ocrx_word' id='word_1_476' title='bbox 133 1439 205 1477; x_wconf 84' lang='lat' dir='ltr'>leges</span> <span class='ocrx_word' id='word_1_477' title='bbox 224 1440 334 1477; x_wconf 91' lang='lat' dir='ltr'>quidem</span> <span class='ocrx_word' id='word_1_478' title='bbox 348 1461 355 1472; x_wconf 94' lang='lat'><em>‚</em></span> <span class='ocrx_word' id='word_1_479' title='bbox 375 1449 432 1477; x_wconf 84' lang='lat' dir='ltr'>quae</span> <span class='ocrx_word' id='word_1_480' title='bbox 449 1441 474 1467; x_wconf 91' lang='lat' dir='ltr'>in</span> <span class='ocrx_word' id='word_1_481' title='bbox 490 1440 550 1468; x_wconf 87' lang='lat' dir='ltr'>foro</span> <span class='ocrx_word' id='word_1_482' title='bbox 565 1440 716 1468; x_wconf 87' lang='lat' dir='ltr'>ferebantur</span> <span class='ocrx_word' id='word_1_483' title='bbox 729 1439 833 1468; x_wconf 81' lang='lat' dir='ltr'>tributis</span> <span class='ocrx_word' id='word_1_484' title='bbox 850 1439 956 1467; x_wconf 75' lang='lat' dir='ltr'>comitiis</span> <span class='ocrx_word' id='word_1_485' title='bbox 976 1438 989 1467; x_wconf 73' lang='lat' dir='ltr'>a</span> <span class='ocrx_word' id='word_1_486' title='bbox 1011 1441 1161 1469; x_wconf 81' lang='lat' dir='ltr'>minoribus</span> <span class='ocrx_word' id='word_1_487' title='bbox 1181 1439 1366 1478; x_wconf 69' lang='lat' dir='ltr'>magistratibus</span> <span class='ocrx_word' id='word_1_488' title='bbox 1380 1462 1386 1472; x_wconf 89' lang='lat'>,</span> <span class='ocrx_word' id='word_1_489' title='bbox 1408 1451 1464 1479; x_wconf 79' lang='lat' dir='ltr'>quae</span> <span class='ocrx_word' id='word_1_490' title='bbox 1484 1444 1511 1471; x_wconf 92' lang='lat' dir='ltr'>in</span> <span class='ocrx_word' id='word_1_491' title='bbox 1523 1455 1622 1482; x_wconf 81' lang='lat' dir='ltr'>campo</span> 
     </span>
     <span class='ocr_line' id='line_1_34' title="bbox 46 1476 1622 1520; baseline 0.003 -17"><span class='ocrx_word' id='word_1_492' title='bbox 46 1476 155 1506; x_wconf 80' lang='lat' dir='ltr'>Martio,</span> <span class='ocrx_word' id='word_1_493' title='bbox 177 1479 329 1506; x_wconf 84' lang='lat' dir='ltr'>centuriatis</span> <span class='ocrx_word' id='word_1_494' title='bbox 343 1478 461 1505; x_wconf 81' lang='lat' dir='ltr'>comitiis</span> <span class='ocrx_word' id='word_1_495' title='bbox 475 1478 486 1504; x_wconf 72' lang='lat' dir='ltr'>a</span> <span class='ocrx_word' id='word_1_496' title='bbox 498 1477 685 1516; x_wconf 69' lang='lat' dir='ltr'>magstratibus</span> <span class='ocrx_word' id='word_1_497' title='bbox 699 1479 846 1514; x_wconf 76' lang='lat' dir='ltr'>majoribus</span> <span class='ocrx_word' id='word_1_498' title='bbox 860 1478 1023 1506; x_wconf 86' lang='lat' dir='ltr'>ferebantur:</span> <span class='ocrx_word' id='word_1_499' title='bbox 1045 1480 1114 1507; x_wconf 83' lang='lat' dir='ltr'>inter</span> <span class='ocrx_word' id='word_1_500' title='bbox 1127 1489 1189 1516; x_wconf 85' lang='lat' dir='ltr'>quas</span> <span class='ocrx_word' id='word_1_501' title='bbox 1200 1479 1252 1506; x_wconf 90' lang='lat' dir='ltr'>hoc</span> <span class='ocrx_word' id='word_1_502' title='bbox 1266 1487 1322 1506; x_wconf 86' lang='lat' dir='ltr'>erat</span> <span class='ocrx_word' id='word_1_503' title='bbox 1334 1479 1505 1513; x_wconf 73' lang='lat' dir='ltr'>discriminis,</span> <span class='ocrx_word' id='word_1_504' title='bbox 1528 1491 1622 1520; x_wconf 80' lang='lat' dir='ltr'>utquae</span> 
     </span>
     <span class='ocr_line' id='line_1_35' title="bbox 47 1514 1630 1560; baseline 0.004 -20"><span class='ocrx_word' id='word_1_505' title='bbox 47 1515 196 1543; x_wconf 79' lang='lat' dir='ltr'>centuriatis</span> <span class='ocrx_word' id='word_1_506' title='bbox 206 1515 312 1543; x_wconf 76' lang='lat' dir='ltr'>comitiis</span> <span class='ocrx_word' id='word_1_507' title='bbox 327 1515 479 1543; x_wconf 82' lang='lat' dir='ltr'>ferebantur</span> <span class='ocrx_word' id='word_1_508' title='bbox 491 1537 500 1548; x_wconf 91' lang='lat'><em>‚</em></span> <span class='ocrx_word' id='word_1_509' title='bbox 522 1524 567 1544; x_wconf 86' lang='lat' dir='ltr'>aut</span> <span class='ocrx_word' id='word_1_510' title='bbox 580 1515 594 1542; x_wconf 78' lang='grc' dir='ltr'>ἐ</span> <span class='ocrx_word' id='word_1_511' title='bbox 601 1517 809 1550; x_wconf 57' lang='grc' dir='ltr'>]ὲηαιεςᾷοη1ἱι1ιο</span> <span class='ocrx_word' id='word_1_512' title='bbox 824 1537 830 1547; x_wconf 90' lang='grc'><em>,</em></span> <span class='ocrx_word' id='word_1_513' title='bbox 851 1523 895 1543; x_wconf 84' lang='lat' dir='ltr'>aut</span> <span class='ocrx_word' id='word_1_514' title='bbox 909 1514 1024 1549; x_wconf 69' lang='lat' dir='ltr'>patribus</span> <span class='ocrx_word' id='word_1_515' title='bbox 1036 1517 1192 1545; x_wconf 79' lang='lat' dir='ltr'>authoribus</span> <span class='ocrx_word' id='word_1_516' title='bbox 1207 1517 1339 1544; x_wconf 87' lang='lat' dir='ltr'>ferrentur</span> <span class='ocrx_word' id='word_1_517' title='bbox 1351 1535 1358 1546; x_wconf 85' lang='lat'>,</span> <span class='ocrx_word' id='word_1_518' title='bbox 1380 1518 1499 1545; x_wconf 69' lang='lat' dir='ltr'>maxime</span> <span class='ocrx_word' id='word_1_519' title='bbox 1512 1521 1570 1555; x_wconf 81' lang='lat' dir='ltr'>post</span> <span class='ocrx_word' id='word_1_520' title='bbox 1584 1525 1630 1560; x_wconf 62' lang='lat' dir='ltr'><em>Q</em></span> 
     </span>
     <span class='ocr_line' id='line_1_36' title="bbox 47 1551 1621 1591; baseline 0.003 -13"><span class='ocrx_word' id='word_1_521' title='bbox 47 1551 153 1579; x_wconf 71' lang='lat' dir='ltr'>Publilii</span> <span class='ocrx_word' id='word_1_522' title='bbox 165 1554 272 1580; x_wconf 64' lang='lat' dir='ltr'>Philonis</span> <span class='ocrx_word' id='word_1_523' title='bbox 286 1555 449 1581; x_wconf 59' lang='lat' dir='ltr'>Diihituram</span> <span class='ocrx_word' id='word_1_524' title='bbox 459 1575 466 1585; x_wconf 90' lang='lat'>,</span> <span class='ocrx_word' id='word_1_525' title='bbox 486 1555 530 1591; x_wconf 90' lang='lat' dir='ltr'>qui</span> <span class='ocrx_word' id='word_1_526' title='bbox 545 1554 655 1585; x_wconf 85' lang='lat' dir='ltr'>tulerat,</span> <span class='ocrx_word' id='word_1_527' title='bbox 675 1561 704 1581; x_wconf 85' lang='lat' dir='ltr'>ut</span> <span class='ocrx_word' id='word_1_528' title='bbox 717 1554 806 1591; x_wconf 85' lang='lat' dir='ltr'>legum</span> <span class='ocrx_word' id='word_1_529' title='bbox 815 1574 821 1585; x_wconf 93' lang='lat'>,</span> <span class='ocrx_word' id='word_1_530' title='bbox 844 1563 901 1590; x_wconf 78' lang='lat' dir='ltr'>quae</span> <span class='ocrx_word' id='word_1_531' title='bbox 913 1552 1021 1580; x_wconf 77' lang='lat' dir='ltr'>comitiis</span> <span class='ocrx_word' id='word_1_532' title='bbox 1032 1554 1178 1581; x_wconf 63' lang='lat' dir='ltr'>centuriatis</span> <span class='ocrx_word' id='word_1_533' title='bbox 1192 1554 1338 1585; x_wconf 86' lang='lat' dir='ltr'>ferrentur,</span> <span class='ocrx_word' id='word_1_534' title='bbox 1359 1558 1420 1582; x_wconf 77' lang='lat' dir='ltr'>ante</span> <span class='ocrx_word' id='word_1_535' title='bbox 1434 1554 1516 1584; x_wconf 85' lang='lat' dir='ltr'>latum</span> <span class='ocrx_word' id='word_1_536' title='bbox 1531 1557 1621 1587; x_wconf 73' lang='lat' dir='ltr'>suffia-</span> 
     </span>
     <span class='ocr_line' id='line_1_37' title="bbox 45 1589 1620 1632; baseline 0.006 -17"><span class='ocrx_word' id='word_1_537' title='bbox 45 1589 120 1626; x_wconf 87' lang='lat' dir='ltr'>gium</span> <span class='ocrx_word' id='word_1_538' title='bbox 129 1599 215 1624; x_wconf 75' lang='lat' dir='ltr'>patres</span> <span class='ocrx_word' id='word_1_539' title='bbox 226 1591 347 1619; x_wconf 80' lang='lat' dir='ltr'>authores</span> <span class='ocrx_word' id='word_1_540' title='bbox 361 1592 468 1624; x_wconf 70' lang='lat' dir='ltr'>fierent&#39;²</span> <span class='ocrx_word' id='word_1_541' title='bbox 488 1601 551 1618; x_wconf 87' lang='lat' dir='ltr'>cum</span> <span class='ocrx_word' id='word_1_542' title='bbox 566 1593 591 1618; x_wconf 91' lang='lat' dir='ltr'>id</span> <span class='ocrx_word' id='word_1_543' title='bbox 605 1600 680 1619; x_wconf 85' lang='lat' dir='ltr'>antea</span> <span class='ocrx_word' id='word_1_544' title='bbox 694 1592 707 1618; x_wconf 78' lang='lat' dir='ltr'>a</span> <span class='ocrx_word' id='word_1_545' title='bbox 719 1596 805 1619; x_wconf 68' lang='lat' dir='ltr'>Numa</span> <span class='ocrx_word' id='word_1_546' title='bbox 820 1592 901 1629; x_wconf 87' lang='lat' dir='ltr'>usque</span> <span class='ocrx_word' id='word_1_547' title='bbox 917 1591 1037 1625; x_wconf 73' lang='lat' dir='ltr'>Pompilio</span> <span class='ocrx_word' id='word_1_548' title='bbox 1050 1592 1241 1620; x_wconf 84' lang='lat' dir='ltr'>consuetudine</span> <span class='ocrx_word' id='word_1_549' title='bbox 1254 1593 1355 1629; x_wconf 76' lang='lat' dir='ltr'>magis,</span> <span class='ocrx_word' id='word_1_550' title='bbox 1376 1602 1456 1630; x_wconf 88' lang='lat' dir='ltr'>quam</span> <span class='ocrx_word' id='word_1_551' title='bbox 1470 1594 1528 1632; x_wconf 85' lang='lat' dir='ltr'>lege</span> <span class='ocrx_word' id='word_1_552' title='bbox 1542 1605 1571 1623; x_wconf 85' lang='lat' dir='ltr'>ea</span> <span class='ocrx_word' id='word_1_553' title='bbox 1585 1597 1620 1624; x_wconf 88' lang='lat' dir='ltr'>de</span> 
     </span>
     <span class='ocr_line' id='line_1_38' title="bbox 44 1627 1620 1666; baseline 0.005 -12"><span class='ocrx_word' id='word_1_554' title='bbox 44 1636 75 1654; x_wconf 81' lang='lat' dir='ltr'>re</span> <span class='ocrx_word' id='word_1_555' title='bbox 90 1627 140 1656; x_wconf 84' lang='lat' dir='ltr'>lata</span> <span class='ocrx_word' id='word_1_556' title='bbox 149 1628 317 1657; x_wconf 82' lang='lat' dir='ltr'>observatum</span> <span class='ocrx_word' id='word_1_557' title='bbox 329 1628 424 1656; x_wconf 73' lang='lat' dir='ltr'>fuisset.</span> <span class='ocrx_word' id='word_1_558' title='bbox 465 1630 532 1665; x_wconf 77' lang='lat' dir='ltr'>Qae</span> <span class='ocrx_word' id='word_1_559' title='bbox 543 1639 608 1656; x_wconf 81' lang='lat' dir='ltr'>vero</span> <span class='ocrx_word' id='word_1_560' title='bbox 623 1638 729 1656; x_wconf 64' lang='lat' dir='ltr'>commus</span> <span class='ocrx_word' id='word_1_561' title='bbox 740 1629 843 1656; x_wconf 78' lang='lat' dir='ltr'>tributis</span> <span class='ocrx_word' id='word_1_562' title='bbox 863 1629 1028 1660; x_wconf 81' lang='lat' dir='ltr'>ferebantur,</span> <span class='ocrx_word' id='word_1_563' title='bbox 1049 1640 1097 1660; x_wconf 71' lang='grc' dir='ltr'>εκ,</span> <span class='ocrx_word' id='word_1_564' title='bbox 1109 1631 1334 1666; x_wconf 64' lang='lat' dir='ltr'>senatufioxficsto,</span> <span class='ocrx_word' id='word_1_565' title='bbox 1357 1640 1401 1659; x_wconf 85' lang='lat' dir='ltr'>aut</span> <span class='ocrx_word' id='word_1_566' title='bbox 1410 1640 1515 1665; x_wconf 72' lang='lat' dir='ltr'>patrum</span> <span class='ocrx_word' id='word_1_567' title='bbox 1526 1633 1620 1662; x_wconf 85' lang='lat' dir='ltr'>autho-</span> 
     </span>
     <span class='ocr_line' id='line_1_39' title="bbox 45 1665 1618 1708; baseline 0.002 -16"><span class='ocrx_word' id='word_1_568' title='bbox 45 1666 124 1692; x_wconf 77' lang='lat' dir='ltr'>ritate</span> <span class='ocrx_word' id='word_1_569' title='bbox 142 1668 245 1694; x_wconf 74' lang='lat' dir='ltr'>necesse</span> <span class='ocrx_word' id='word_1_570' title='bbox 264 1676 319 1693; x_wconf 90' lang='lat' dir='ltr'>non</span> <span class='ocrx_word' id='word_1_571' title='bbox 338 1666 488 1698; x_wconf 87' lang='lat' dir='ltr'>habebant,</span> <span class='ocrx_word' id='word_1_572' title='bbox 514 1666 657 1703; x_wconf 82' lang='lat' dir='ltr'>praesertim</span> <span class='ocrx_word' id='word_1_573' title='bbox 678 1667 736 1702; x_wconf 83' lang='lat' dir='ltr'>post</span> <span class='ocrx_word' id='word_1_574' title='bbox 754 1667 833 1704; x_wconf 68' lang='lat' dir='ltr'>legem</span> <span class='ocrx_word' id='word_1_575' title='bbox 853 1665 1036 1701; x_wconf 68' lang='lat' dir='ltr'>Hortenfinmr</span> <span class='ocrx_word' id='word_1_576' title='bbox 1065 1677 1115 1705; x_wconf 86' lang='lat' dir='ltr'>qua</span> <span class='ocrx_word' id='word_1_577' title='bbox 1141 1669 1282 1697; x_wconf 81' lang='lat' dir='ltr'>cavebatur</span> <span class='ocrx_word' id='word_1_578' title='bbox 1298 1689 1305 1699; x_wconf 82' lang='grc'>,</span> <span class='ocrx_word' id='word_1_579' title='bbox 1332 1676 1362 1696; x_wconf 89' lang='lat' dir='ltr'>ut</span> <span class='ocrx_word' id='word_1_580' title='bbox 1386 1679 1420 1696; x_wconf 90' lang='lat' dir='ltr'>eo</span> <span class='ocrx_word' id='word_1_581' title='bbox 1438 1670 1498 1704; x_wconf 86' lang='lat' dir='ltr'>jure</span> <span class='ocrx_word' id='word_1_582' title='bbox 1511 1691 1519 1701; x_wconf 88' lang='lat'>,</span> <span class='ocrx_word' id='word_1_583' title='bbox 1546 1673 1618 1708; x_wconf 81' lang='lat' dir='ltr'>quod</span> 
     </span>
     <span class='ocr_line' id='line_1_40' title="bbox 44 1702 1621 1744; baseline 0.004 -15"><span class='ocrx_word' id='word_1_584' title='bbox 44 1702 119 1740; x_wconf 86' lang='lat' dir='ltr'>plebs</span> <span class='ocrx_word' id='word_1_585' title='bbox 138 1705 273 1734; x_wconf 71' lang='lat' dir='ltr'>ssatuiss‘et,</span> <span class='ocrx_word' id='word_1_586' title='bbox 294 1714 390 1732; x_wconf 80' lang='lat' dir='ltr'>ornnes</span> <span class='ocrx_word' id='word_1_587' title='bbox 407 1704 514 1743; x_wconf 64' lang='lat' dir='ltr'>quirites</span> <span class='ocrx_word' id='word_1_588' title='bbox 533 1713 694 1732; x_wconf 84' lang='lat' dir='ltr'>tenerentur.</span> <span class='ocrx_word' id='word_1_589' title='bbox 736 1706 897 1742; x_wconf 81' lang='lat' dir='ltr'>anuam</span> <span class='ocrx_word' id='word_1_590' title='bbox 918 1705 988 1742; x_wconf 82' lang='lat' dir='ltr'>leges</span> <span class='ocrx_word' id='word_1_591' title='bbox 1008 1705 1097 1732; x_wconf 75' lang='lat' dir='ltr'>multae</span> <span class='ocrx_word' id='word_1_592' title='bbox 1116 1706 1221 1734; x_wconf 64' lang='lat' dir='ltr'>tributis·</span> <span class='ocrx_word' id='word_1_593' title='bbox 1237 1707 1318 1733; x_wconf 80' lang='lat' dir='ltr'>etiam</span> <span class='ocrx_word' id='word_1_594' title='bbox 1338 1708 1444 1733; x_wconf 67' lang='lat' dir='ltr'>commis</span> <span class='ocrx_word' id='word_1_595' title='bbox 1462 1718 1494 1736; x_wconf 77' lang='lat' dir='ltr'>ex</span> <span class='ocrx_word' id='word_1_596' title='bbox 1506 1709 1621 1744; x_wconf 59' lang='lat' dir='ltr'>stamus:</span> 
     </span>
     <span class='ocr_line' id='line_1_41' title="bbox 44 1741 1619 1780; baseline 0.003 -13"><span class='ocrx_word' id='word_1_597' title='bbox 44 1741 148 1775; x_wconf 74' lang='lat' dir='ltr'>constelto</span> <span class='ocrx_word' id='word_1_598' title='bbox 167 1742 223 1770; x_wconf 77' lang='lat' dir='ltr'>lata:</span> <span class='ocrx_word' id='word_1_599' title='bbox 242 1742 300 1769; x_wconf 79' lang='lat' dir='ltr'>suit.</span> <span class='ocrx_word' id='word_1_600' title='bbox 341 1743 425 1769; x_wconf 81' lang='lat' dir='ltr'>Porro</span> <span class='ocrx_word' id='word_1_601' title='bbox 443 1742 583 1769; x_wconf 81' lang='lat' dir='ltr'>differebat</span> <span class='ocrx_word' id='word_1_602' title='bbox 601 1743 792 1778; x_wconf 82' lang='lat' dir='ltr'>aliquantulum</span> <span class='ocrx_word' id='word_1_603' title='bbox 814 1743 877 1770; x_wconf 69' lang='lat' dir='ltr'>terri</span> <span class='ocrx_word' id='word_1_604' title='bbox 897 1743 985 1780; x_wconf 84' lang='lat' dir='ltr'>legem</span> <span class='ocrx_word' id='word_1_605' title='bbox 1010 1753 1042 1770; x_wconf 89' lang='lat' dir='ltr'>ex</span> <span class='ocrx_word' id='word_1_606' title='bbox 1063 1744 1268 1780; x_wconf 65' lang='lat' dir='ltr'>senatusconficlto</span> <span class='ocrx_word' id='word_1_607' title='bbox 1283 1764 1289 1774; x_wconf 90' lang='lat'><strong><em>‚</em></strong></span> <span class='ocrx_word' id='word_1_608' title='bbox 1318 1746 1344 1771; x_wconf 86' lang='lat'>&amp;</span> <span class='ocrx_word' id='word_1_609' title='bbox 1365 1745 1481 1780; x_wconf 83' lang='lat' dir='ltr'>patribus</span> <span class='ocrx_word' id='word_1_610' title='bbox 1501 1747 1619 1775; x_wconf 82' lang='lat' dir='ltr'>authori.</span> 
     </span>
     <span class='ocr_line' id='line_1_42' title="bbox 45 1778 1620 1822; baseline 0.004 -16"><span class='ocrx_word' id='word_1_611' title='bbox 45 1778 101 1807; x_wconf 89' lang='lat' dir='ltr'>bus.</span> <span class='ocrx_word' id='word_1_612' title='bbox 143 1781 214 1807; x_wconf 88' lang='lat' dir='ltr'>Nam</span> <span class='ocrx_word' id='word_1_613' title='bbox 236 1789 291 1818; x_wconf 72' lang='lat' dir='ltr'>quae</span> <span class='ocrx_word' id='word_1_614' title='bbox 311 1789 341 1807; x_wconf 84' lang='lat' dir='ltr'>ex</span> <span class='ocrx_word' id='word_1_615' title='bbox 352 1781 559 1814; x_wconf 56' lang='lat' dir='ltr'>ftnrztusc‘offffllto</span> <span class='ocrx_word' id='word_1_616' title='bbox 579 1779 743 1811; x_wconf 85' lang='lat' dir='ltr'>ferebantur,</span> <span class='ocrx_word' id='word_1_617' title='bbox 764 1789 800 1807; x_wconf 82' lang='lat' dir='ltr'>eae</span> <span class='ocrx_word' id='word_1_618' title='bbox 820 1779 834 1807; x_wconf 70' lang='lat' dir='ltr'>a</span> <span class='ocrx_word' id='word_1_619' title='bbox 854 1781 943 1809; x_wconf 85' lang='lat' dir='ltr'>senatu</span> <span class='ocrx_word' id='word_1_620' title='bbox 963 1781 1098 1815; x_wconf 71' lang='lat' dir='ltr'>univerlb,</span> <span class='ocrx_word' id='word_1_621' title='bbox 1127 1783 1170 1811; x_wconf 90' lang='lat' dir='ltr'>vel</span> <span class='ocrx_word' id='word_1_622' title='bbox 1190 1783 1295 1818; x_wconf 86' lang='lat' dir='ltr'>majore</span> <span class='ocrx_word' id='word_1_623' title='bbox 1314 1781 1404 1809; x_wconf 84' lang='lat' dir='ltr'>saltem</span> <span class='ocrx_word' id='word_1_624' title='bbox 1426 1783 1529 1812; x_wconf 66' lang='lat' dir='ltr'>renatus</span> <span class='ocrx_word' id='word_1_625' title='bbox 1542 1793 1620 1822; x_wconf 84' lang='lat' dir='ltr'>parte</span> 
     </span>
     <span class='ocr_line' id='line_1_43' title="bbox 46 1817 1619 1856; baseline 0.004 -12"><span class='ocrx_word' id='word_1_626' title='bbox 46 1817 244 1854; x_wconf 48' lang='lat' dir='ltr'>probabantur,</span> <span class='ocrx_word' id='word_1_627' title='bbox 274 1820 301 1845; x_wconf 65' lang='grc' dir='ltr'>ἃ</span> <span class='ocrx_word' id='word_1_628' title='bbox 322 1817 432 1845; x_wconf 75' lang='lat' dir='ltr'>secunda</span> <span class='ocrx_word' id='word_1_629' title='bbox 451 1817 553 1845; x_wconf 81' lang='lat' dir='ltr'>senatus</span> <span class='ocrx_word' id='word_1_630' title='bbox 573 1818 709 1846; x_wconf 80' lang='lat' dir='ltr'>voluntate</span> <span class='ocrx_word' id='word_1_631' title='bbox 729 1817 903 1846; x_wconf 85' lang='lat' dir='ltr'>ferebantur:</span> <span class='ocrx_word' id='word_1_632' title='bbox 930 1828 987 1856; x_wconf 77' lang='lat' dir='ltr'>quae</span> <span class='ocrx_word' id='word_1_633' title='bbox 1011 1829 1075 1847; x_wconf 89' lang='lat' dir='ltr'>vero</span> <span class='ocrx_word' id='word_1_634' title='bbox 1096 1820 1210 1855; x_wconf 70' lang='lat' dir='ltr'>patribus</span> <span class='ocrx_word' id='word_1_635' title='bbox 1234 1819 1407 1852; x_wconf 84' lang='lat' dir='ltr'>authoribus,</span> <span class='ocrx_word' id='word_1_636' title='bbox 1441 1821 1490 1849; x_wconf 80' lang='lat' dir='ltr'>illae</span> <span class='ocrx_word' id='word_1_637' title='bbox 1510 1823 1619 1852; x_wconf 64' lang='lat' dir='ltr'>adversa</span> 
     </span>
     <span class='ocr_line' id='line_1_44' title="bbox 41 1856 1618 1896; baseline 0.004 -13"><span class='ocrx_word' id='word_1_638' title='bbox 41 1865 238 1892; x_wconf 78' lang='lat' dir='ltr'>,nonnunquam</span> <span class='ocrx_word' id='word_1_639' title='bbox 251 1857 356 1890; x_wconf 66' lang='lat' dir='ltr'>fiuntur</span> <span class='ocrx_word' id='word_1_640' title='bbox 375 1856 511 1883; x_wconf 85' lang='lat' dir='ltr'>voluntate</span> <span class='ocrx_word' id='word_1_641' title='bbox 531 1856 689 1884; x_wconf 88' lang='lat' dir='ltr'>ferebantur.</span> <span class='ocrx_word' id='word_1_642' title='bbox 730 1857 880 1885; x_wconf 83' lang='lat' dir='ltr'>Probabant</span> <span class='ocrx_word' id='word_1_643' title='bbox 898 1859 971 1885; x_wconf 84' lang='lat' dir='ltr'>enim</span> <span class='ocrx_word' id='word_1_644' title='bbox 993 1857 1071 1885; x_wconf 87' lang='lat' dir='ltr'>inviti</span> <span class='ocrx_word' id='word_1_645' title='bbox 1090 1859 1141 1895; x_wconf 78' lang='lat' dir='ltr'>lege</span> <span class='ocrx_word' id='word_1_646' title='bbox 1162 1858 1268 1885; x_wconf 66' lang='lat' dir='ltr'>Publilia</span> <span class='ocrx_word' id='word_1_647' title='bbox 1287 1858 1380 1885; x_wconf 59' lang='lat' dir='ltr'>comiti.</span> <span class='ocrx_word' id='word_1_648' title='bbox 1422 1859 1514 1896; x_wconf 86' lang='lat' dir='ltr'>Itaque</span> <span class='ocrx_word' id='word_1_649' title='bbox 1533 1860 1618 1889; x_wconf 90' lang='lat' dir='ltr'>hono-</span> 
     </span>
     <span class='ocr_line' id='line_1_45' title="bbox 42 1893 1620 1936; baseline 0.003 -16"><span class='ocrx_word' id='word_1_650' title='bbox 42 1893 189 1921; x_wconf 77' lang='lat' dir='ltr'>rificentius</span> <span class='ocrx_word' id='word_1_651' title='bbox 208 1893 351 1921; x_wconf 75' lang='lat' dir='ltr'>habebatur</span> <span class='ocrx_word' id='word_1_652' title='bbox 370 1894 411 1926; x_wconf 86' lang='lat' dir='ltr'>id,</span> <span class='ocrx_word' id='word_1_653' title='bbox 433 1895 504 1932; x_wconf 88' lang='lat' dir='ltr'>quod</span> <span class='ocrx_word' id='word_1_654' title='bbox 524 1893 540 1923; x_wconf 72' lang='grc' dir='ltr'>ὲ</span> <span class='ocrx_word' id='word_1_655' title='bbox 557 1894 773 1929; x_wconf 65' lang='lat' dir='ltr'>fenanfionfidto,</span> <span class='ocrx_word' id='word_1_656' title='bbox 798 1904 879 1933; x_wconf 80' lang='lat' dir='ltr'>quam</span> <span class='ocrx_word' id='word_1_657' title='bbox 899 1896 971 1933; x_wconf 89' lang='lat' dir='ltr'>quod</span> <span class='ocrx_word' id='word_1_658' title='bbox 990 1896 1109 1932; x_wconf 84' lang='lat' dir='ltr'>patribus</span> <span class='ocrx_word' id='word_1_659' title='bbox 1127 1896 1279 1924; x_wconf 84' lang='lat' dir='ltr'>authoribus</span> <span class='ocrx_word' id='word_1_660' title='bbox 1298 1894 1403 1923; x_wconf 78' lang='lat' dir='ltr'>comitiis</span> <span class='ocrx_word' id='word_1_661' title='bbox 1421 1897 1568 1927; x_wconf 63' lang='lat' dir='ltr'>centuriatis</span> <span class='ocrx_word' id='word_1_662' title='bbox 1582 1900 1620 1936; x_wconf 65' lang='grc' dir='ltr'>13..Δ</span> 
     </span>
     <span class='ocr_line' id='line_1_46' title="bbox 41 1932 191 1959; baseline 0 -1"><span class='ocrx_word' id='word_1_663' title='bbox 41 1938 101 1959; x_wconf 85' lang='lat' dir='ltr'>tum</span> <span class='ocrx_word' id='word_1_664' title='bbox 119 1932 191 1959; x_wconf 76' lang='lat' dir='ltr'>effer.</span> 
     </span>
    </p>

    <p class='ocr_par' dir='ltr' id='par_1_7' title="bbox 0 1970 1627 2241">
     <span class='ocr_line' id='line_1_47' title="bbox 83 1970 1617 2010; baseline 0.007 -15"><span class='ocrx_word' id='word_1_665' title='bbox 83 1973 123 1996; x_wconf 80' lang='lat' dir='ltr'>De</span> <span class='ocrx_word' id='word_1_666' title='bbox 134 1976 256 2005; x_wconf 68' lang='lat' dir='ltr'>tempore,</span> <span class='ocrx_word' id='word_1_667' title='bbox 276 1980 330 2008; x_wconf 91' lang='lat' dir='ltr'>quo</span> <span class='ocrx_word' id='word_1_668' title='bbox 343 1970 413 2008; x_wconf 85' lang='lat' dir='ltr'>leges</span> <span class='ocrx_word' id='word_1_669' title='bbox 426 1971 484 2000; x_wconf 85' lang='lat' dir='ltr'>latae</span> <span class='ocrx_word' id='word_1_670' title='bbox 498 1972 562 2002; x_wconf 82' lang='lat' dir='ltr'>sint,</span> <span class='ocrx_word' id='word_1_671' title='bbox 582 1972 661 1998; x_wconf 74' lang='lat' dir='ltr'>etiam</span> <span class='ocrx_word' id='word_1_672' title='bbox 678 1971 751 2008; x_wconf 81' lang='lat' dir='ltr'>supra</span> <span class='ocrx_word' id='word_1_673' title='bbox 766 1972 894 2003; x_wconf 78' lang='lat' dir='ltr'>diximus,</span> <span class='ocrx_word' id='word_1_674' title='bbox 915 1981 972 2009; x_wconf 77' lang='lat' dir='ltr'>quae</span> <span class='ocrx_word' id='word_1_675' title='bbox 986 1971 1030 1999; x_wconf 85' lang='lat' dir='ltr'>hic</span> <span class='ocrx_word' id='word_1_676' title='bbox 1043 1972 1132 2008; x_wconf 86' lang='lat' dir='ltr'>paucis</span> <span class='ocrx_word' id='word_1_677' title='bbox 1144 1978 1311 2010; x_wconf 17' lang='lat' dir='ltr'>repetemus*</span> <span class='ocrx_word' id='word_1_678' title='bbox 1326 1973 1514 2004; x_wconf 83' lang='lat' dir='ltr'>Confiderandi</span> <span class='ocrx_word' id='word_1_679' title='bbox 1525 1984 1617 2006; x_wconf 83' lang='lat' dir='ltr'>autem</span> 
     </span>
     <span class='ocr_line' id='line_1_48' title="bbox 45 2006 1617 2050; baseline 0.003 -15"><span class='ocrx_word' id='word_1_680' title='bbox 45 2006 105 2035; x_wconf 89' lang='lat' dir='ltr'>sunt</span> <span class='ocrx_word' id='word_1_681' title='bbox 117 2008 171 2034; x_wconf 69' lang='lat' dir='ltr'>dies</span> <span class='ocrx_word' id='word_1_682' title='bbox 185 2010 211 2036; x_wconf 60' lang='grc' dir='ltr'>ἃ</span> <span class='ocrx_word' id='word_1_683' title='bbox 225 2008 302 2036; x_wconf 78' lang='lat' dir='ltr'>horae.</span> <span class='ocrx_word' id='word_1_684' title='bbox 344 2011 409 2037; x_wconf 54' lang='lat' dir='ltr'>Non</span> <span class='ocrx_word' id='word_1_685' title='bbox 421 2011 545 2038; x_wconf 81' lang='lat' dir='ltr'>omnibus</span> <span class='ocrx_word' id='word_1_686' title='bbox 559 2009 649 2037; x_wconf 75' lang='lat' dir='ltr'>diebus</span> <span class='ocrx_word' id='word_1_687' title='bbox 660 2010 754 2037; x_wconf 81' lang='lat' dir='ltr'>licebat</span> <span class='ocrx_word' id='word_1_688' title='bbox 765 2009 843 2046; x_wconf 81' lang='lat' dir='ltr'>legem</span> <span class='ocrx_word' id='word_1_689' title='bbox 852 2012 922 2046; x_wconf 56' lang='lat' dir='ltr'>serre</span> <span class='ocrx_word' id='word_1_690' title='bbox 935 2031 942 2041; x_wconf 89' lang='lat'><strong><em>‚</em></strong></span> <span class='ocrx_word' id='word_1_691' title='bbox 963 2009 1007 2037; x_wconf 89' lang='lat' dir='ltr'>sed</span> <span class='ocrx_word' id='word_1_692' title='bbox 1022 2019 1084 2036; x_wconf 88' lang='lat' dir='ltr'>cum</span> <span class='ocrx_word' id='word_1_693' title='bbox 1099 2010 1142 2037; x_wconf 87' lang='lat' dir='ltr'>alii</span> <span class='ocrx_word' id='word_1_694' title='bbox 1155 2010 1238 2037; x_wconf 73' lang='lat' dir='ltr'>essent</span> <span class='ocrx_word' id='word_1_695' title='bbox 1248 2008 1311 2046; x_wconf 69' lang='lat' dir='ltr'>sustu</span> <span class='ocrx_word' id='word_1_696' title='bbox 1324 2030 1331 2040; x_wconf 91' lang='lat'>‚</span> <span class='ocrx_word' id='word_1_697' title='bbox 1353 2010 1396 2038; x_wconf 75' lang='lat' dir='ltr'>alii</span> <span class='ocrx_word' id='word_1_698' title='bbox 1409 2012 1499 2050; x_wconf 71' lang='lat' dir='ltr'>nefasti</span> <span class='ocrx_word' id='word_1_699' title='bbox 1513 2035 1520 2046; x_wconf 90' lang='lat'><em>‚</em></span> <span class='ocrx_word' id='word_1_700' title='bbox 1547 2015 1617 2044; x_wconf 81' lang='lat' dir='ltr'>fastis</span> 
     </span>
     <span class='ocr_line' id='line_1_49' title="bbox 44 2046 1615 2084; baseline 0.003 -11"><span class='ocrx_word' id='word_1_701' title='bbox 44 2052 149 2073; x_wconf 83' lang='lat' dir='ltr'>tantum</span> <span class='ocrx_word' id='word_1_702' title='bbox 165 2047 190 2073; x_wconf 84' lang='lat' dir='ltr'>id</span> <span class='ocrx_word' id='word_1_703' title='bbox 206 2046 300 2074; x_wconf 78' lang='lat' dir='ltr'>licebat</span> <span class='ocrx_word' id='word_1_704' title='bbox 317 2057 322 2073; x_wconf 75' lang='grc' dir='ltr'>ε</span> <span class='ocrx_word' id='word_1_705' title='bbox 352 2057 438 2084; x_wconf 83' lang='lat' dir='ltr'>neque</span> <span class='ocrx_word' id='word_1_706' title='bbox 451 2056 543 2076; x_wconf 86' lang='lat' dir='ltr'>tamen</span> <span class='ocrx_word' id='word_1_707' title='bbox 562 2047 602 2075; x_wconf 82' lang='lat' dir='ltr'>his</span> <span class='ocrx_word' id='word_1_708' title='bbox 622 2047 747 2075; x_wconf 88' lang='lat' dir='ltr'>omnibus</span> <span class='ocrx_word' id='word_1_709' title='bbox 762 2067 769 2078; x_wconf 84' lang='lat'>‚</span> <span class='ocrx_word' id='word_1_710' title='bbox 796 2048 839 2075; x_wconf 79' lang='lat' dir='ltr'>1ed</span> <span class='ocrx_word' id='word_1_711' title='bbox 855 2057 961 2076; x_wconf 86' lang='lat' dir='ltr'>tantum</span> <span class='ocrx_word' id='word_1_712' title='bbox 976 2047 1142 2074; x_wconf 68' lang='lat' dir='ltr'>comitialibus</span> <span class='ocrx_word' id='word_1_713' title='bbox 1155 2068 1161 2078; x_wconf 89' lang='lat'>,</span> <span class='ocrx_word' id='word_1_714' title='bbox 1180 2047 1226 2074; x_wconf 80' lang='lat' dir='ltr'>nili</span> <span class='ocrx_word' id='word_1_715' title='bbox 1245 2048 1278 2075; x_wconf 90' lang='lat' dir='ltr'>de</span> <span class='ocrx_word' id='word_1_716' title='bbox 1299 2048 1369 2075; x_wconf 85' lang='lat' dir='ltr'>coelo</span> <span class='ocrx_word' id='word_1_717' title='bbox 1388 2048 1521 2079; x_wconf 86' lang='lat' dir='ltr'>servatum</span> <span class='ocrx_word' id='word_1_718' title='bbox 1543 2054 1615 2082; x_wconf 77' lang='lat' dir='ltr'>effer,</span> 
     </span>
     <span class='ocr_line' id='line_1_50' title="bbox 46 2083 1618 2123; baseline 0.006 -13"><span class='ocrx_word' id='word_1_719' title='bbox 46 2084 127 2118; x_wconf 79' lang='lat' dir='ltr'>Quod</span> <span class='ocrx_word' id='word_1_720' title='bbox 148 2083 166 2110; x_wconf 82' lang='lat' dir='ltr'>fi</span> <span class='ocrx_word' id='word_1_721' title='bbox 185 2083 350 2111; x_wconf 70' lang='lat' dir='ltr'>comitialibm</span> <span class='ocrx_word' id='word_1_722' title='bbox 370 2086 402 2112; x_wconf 86' lang='lat' dir='ltr'>de</span> <span class='ocrx_word' id='word_1_723' title='bbox 421 2087 490 2114; x_wconf 81' lang='lat' dir='ltr'>coelo</span> <span class='ocrx_word' id='word_1_724' title='bbox 511 2086 675 2117; x_wconf 83' lang='lat' dir='ltr'>servaretur,</span> <span class='ocrx_word' id='word_1_725' title='bbox 703 2086 785 2112; x_wconf 84' lang='lat' dir='ltr'>etiam</span> <span class='ocrx_word' id='word_1_726' title='bbox 806 2086 837 2113; x_wconf 87' lang='lat' dir='ltr'>iis</span> <span class='ocrx_word' id='word_1_727' title='bbox 856 2086 946 2123; x_wconf 82' lang='lat' dir='ltr'>legem</span> <span class='ocrx_word' id='word_1_728' title='bbox 967 2086 1036 2113; x_wconf 87' lang='lat' dir='ltr'>ferre</span> <span class='ocrx_word' id='word_1_729' title='bbox 1056 2095 1112 2113; x_wconf 85' lang='lat' dir='ltr'>non</span> <span class='ocrx_word' id='word_1_730' title='bbox 1131 2084 1234 2113; x_wconf 86' lang='lat' dir='ltr'>licebat.</span> <span class='ocrx_word' id='word_1_731' title='bbox 1276 2085 1378 2113; x_wconf 81' lang='lat' dir='ltr'>Publius</span> <span class='ocrx_word' id='word_1_732' title='bbox 1401 2095 1491 2116; x_wconf 86' lang='lat' dir='ltr'>autem</span> <span class='ocrx_word' id='word_1_733' title='bbox 1515 2091 1618 2119; x_wconf 76' lang='lat' dir='ltr'>Clodius</span> 
     </span>
     <span class='ocr_line' id='line_1_51' title="bbox 43 2121 1617 2159; baseline 0.005 -11"><span class='ocrx_word' id='word_1_734' title='bbox 43 2121 157 2149; x_wconf 74' lang='lat' dir='ltr'>trrbunus</span> <span class='ocrx_word' id='word_1_735' title='bbox 176 2122 270 2158; x_wconf 78' lang='lat' dir='ltr'>plebis,</span> <span class='ocrx_word' id='word_1_736' title='bbox 291 2123 424 2154; x_wconf 71' lang='lat' dir='ltr'>Ciceronis,</span> <span class='ocrx_word' id='word_1_737' title='bbox 444 2133 474 2151; x_wconf 91' lang='lat' dir='ltr'>ac</span> <span class='ocrx_word' id='word_1_738' title='bbox 493 2124 623 2152; x_wconf 79' lang='lat' dir='ltr'>bonarum</span> <span class='ocrx_word' id='word_1_739' title='bbox 645 2125 760 2159; x_wconf 68' lang='lat' dir='ltr'>partium</span> <span class='ocrx_word' id='word_1_740' title='bbox 782 2124 920 2156; x_wconf 55' lang='lat' dir='ltr'>inimicus,</span> <span class='ocrx_word' id='word_1_741' title='bbox 940 2131 970 2151; x_wconf 90' lang='lat' dir='ltr'>ut</span> <span class='ocrx_word' id='word_1_742' title='bbox 988 2131 1105 2151; x_wconf 86' lang='lat' dir='ltr'>armaret</span> <span class='ocrx_word' id='word_1_743' title='bbox 1125 2123 1304 2151; x_wconf 79' lang='lat' dir='ltr'>immoderata</span> <span class='ocrx_word' id='word_1_744' title='bbox 1323 2123 1428 2153; x_wconf 84' lang='lat' dir='ltr'>licentia</span> <span class='ocrx_word' id='word_1_745' title='bbox 1451 2126 1617 2158; x_wconf 67' lang='lat' dir='ltr'>tribunitiam</span> 
     </span>
     <span class='ocr_line' id='line_1_52' title="bbox 42 2160 1627 2198; baseline 0.005 -10"><span class='ocrx_word' id='word_1_746' title='bbox 42 2160 201 2195; x_wconf 77' lang='lat' dir='ltr'>potestatem</span> <span class='ocrx_word' id='word_1_747' title='bbox 217 2181 224 2192; x_wconf 94' lang='lat'>‚</span> <span class='ocrx_word' id='word_1_748' title='bbox 246 2162 349 2188; x_wconf 87' lang='lat' dir='ltr'>dierum</span> <span class='ocrx_word' id='word_1_749' title='bbox 369 2160 510 2189; x_wconf 83' lang='lat' dir='ltr'>discrimen</span> <span class='ocrx_word' id='word_1_750' title='bbox 530 2164 555 2190; x_wconf 65' lang='grc' dir='ltr'>ἃ</span> <span class='ocrx_word' id='word_1_751' title='bbox 575 2162 752 2198; x_wconf 77' lang='lat' dir='ltr'>auspiciorum</span> <span class='ocrx_word' id='word_1_752' title='bbox 773 2163 918 2197; x_wconf 81' lang='lat' dir='ltr'>imperium</span> <span class='ocrx_word' id='word_1_753' title='bbox 939 2161 1046 2190; x_wconf 57' lang='lat' dir='ltr'>fiastuliu</span> <span class='ocrx_word' id='word_1_754' title='bbox 1086 2161 1183 2198; x_wconf 80' lang='lat' dir='ltr'>Neque</span> <span class='ocrx_word' id='word_1_755' title='bbox 1202 2162 1274 2189; x_wconf 79' lang='lat' dir='ltr'>enim</span> <span class='ocrx_word' id='word_1_756' title='bbox 1293 2169 1416 2195; x_wconf 87' lang='lat' dir='ltr'>tantum,</span> <span class='ocrx_word' id='word_1_757' title='bbox 1442 2172 1472 2193; x_wconf 85' lang='lat' dir='ltr'>ut</span> <span class='ocrx_word' id='word_1_758' title='bbox 1490 2168 1627 2196; x_wconf 86' lang='lat' dir='ltr'>omnibus·</span> 
     </span>
     <span class='ocr_line' id='line_1_53' title="bbox 0 2196 1617 2241; baseline 0.005 -17"><span class='ocrx_word' id='word_1_759' title='bbox 0 2225 1 2230; x_wconf 53' lang='grc'>,</span> <span class='ocrx_word' id='word_1_760' title='bbox 42 2196 120 2233; x_wconf 87' lang='lat' dir='ltr'>plane</span> <span class='ocrx_word' id='word_1_761' title='bbox 140 2197 208 2225; x_wconf 70' lang='lat' dir='ltr'>fastis</span> <span class='ocrx_word' id='word_1_762' title='bbox 230 2198 292 2226; x_wconf 84' lang='lat' dir='ltr'>ferri</span> <span class='ocrx_word' id='word_1_763' title='bbox 312 2199 353 2226; x_wconf 84' lang='lat' dir='ltr'>lex</span> <span class='ocrx_word' id='word_1_764' title='bbox 372 2199 470 2235; x_wconf 79' lang='lat' dir='ltr'>poss&#39;et,</span> <span class='ocrx_word' id='word_1_765' title='bbox 491 2209 584 2228; x_wconf 84' lang='lat' dir='ltr'>verum</span> <span class='ocrx_word' id='word_1_766' title='bbox 607 2202 702 2232; x_wconf 81' lang='lat' dir='ltr'>etiam,</span> <span class='ocrx_word' id='word_1_767' title='bbox 724 2209 757 2227; x_wconf 89' lang='lat' dir='ltr'>ne</span> <span class='ocrx_word' id='word_1_768' title='bbox 777 2201 835 2237; x_wconf 84' lang='lat' dir='ltr'>quis</span> <span class='ocrx_word' id='word_1_769' title='bbox 855 2209 901 2236; x_wconf 83' lang='lat' dir='ltr'>per</span> <span class='ocrx_word' id='word_1_770' title='bbox 918 2209 963 2227; x_wconf 86' lang='lat' dir='ltr'>eos</span> <span class='ocrx_word' id='word_1_771' title='bbox 982 2200 1050 2231; x_wconf 85' lang='lat' dir='ltr'>dies,</span> <span class='ocrx_word' id='word_1_772' title='bbox 1070 2199 1163 2236; x_wconf 87' lang='lat' dir='ltr'>quibus</span> <span class='ocrx_word' id='word_1_773' title='bbox 1182 2209 1244 2227; x_wconf 88' lang='lat' dir='ltr'>cum</span> <span class='ocrx_word' id='word_1_774' title='bbox 1264 2200 1364 2236; x_wconf 87' lang='lat' dir='ltr'>populo</span> <span class='ocrx_word' id='word_1_775' title='bbox 1382 2201 1473 2230; x_wconf 87' lang='lat' dir='ltr'>liceret</span> <span class='ocrx_word' id='word_1_776' title='bbox 1491 2206 1556 2241; x_wconf 84' lang='lat' dir='ltr'>agi,</span> <span class='ocrx_word' id='word_1_777' title='bbox 1582 2207 1617 2234; x_wconf 84' lang='lat' dir='ltr'>de</span> 
     </span>
    </p>

    <p class='ocr_par' dir='ltr' id='par_1_8' title="bbox 0 2235 1625 2318">
     <span class='ocr_line' id='line_1_54' title="bbox 42 2235 1617 2280; baseline 0.005 -17"><span class='ocrx_word' id='word_1_778' title='bbox 42 2235 112 2263; x_wconf 83' lang='lat' dir='ltr'>coelo</span> <span class='ocrx_word' id='word_1_779' title='bbox 131 2235 245 2265; x_wconf 82' lang='lat' dir='ltr'>servaret</span> <span class='ocrx_word' id='word_1_780' title='bbox 260 2259 266 2268; x_wconf 91' lang='lat'>,</span> <span class='ocrx_word' id='word_1_781' title='bbox 301 2238 470 2274; x_wconf 84' lang='lat' dir='ltr'>rogationem</span> <span class='ocrx_word' id='word_1_782' title='bbox 490 2237 551 2265; x_wconf 84' lang='lat' dir='ltr'>tulit</span> <span class='ocrx_word' id='word_1_783' title='bbox 565 2258 572 2268; x_wconf 96' lang='lat'>‚</span> <span class='ocrx_word' id='word_1_784' title='bbox 601 2239 681 2275; x_wconf 80' lang='lat' dir='ltr'>idque</span> <span class='ocrx_word' id='word_1_785' title='bbox 702 2239 788 2274; x_wconf 88' lang='lat' dir='ltr'>postea</span> <span class='ocrx_word' id='word_1_786' title='bbox 808 2238 941 2265; x_wconf 80' lang='lat' dir='ltr'>servatum</span> <span class='ocrx_word' id='word_1_787' title='bbox 961 2238 1012 2265; x_wconf 84' lang='lat' dir='ltr'>esse</span> <span class='ocrx_word' id='word_1_788' title='bbox 1025 2258 1032 2269; x_wconf 92' lang='lat'>,</span> <span class='ocrx_word' id='word_1_789' title='bbox 1058 2247 1090 2265; x_wconf 87' lang='lat' dir='ltr'>ex</span> <span class='ocrx_word' id='word_1_790' title='bbox 1111 2237 1227 2264; x_wconf 79' lang='lat' dir='ltr'>Cicerone</span> <span class='ocrx_word' id='word_1_791' title='bbox 1247 2239 1370 2266; x_wconf 87' lang='lat' dir='ltr'>videmur</span> <span class='ocrx_word' id='word_1_792' title='bbox 1387 2240 1462 2276; x_wconf 75' lang='lat' dir='ltr'>posse</span> <span class='ocrx_word' id='word_1_793' title='bbox 1481 2242 1617 2280; x_wconf 76' lang='lat' dir='ltr'>colligere.</span> 
     </span>
     <span class='ocr_line' id='line_1_55' title="bbox 0 2274 1625 2318; baseline 0.004 -17"><span class='ocrx_word' id='word_1_794' title='bbox 0 2275 2 2305; x_wconf 71' lang='grc' dir='ltr'>Ξ</span> <span class='ocrx_word' id='word_1_795' title='bbox 44 2274 124 2301; x_wconf 86' lang='lat' dir='ltr'>Horae</span> <span class='ocrx_word' id='word_1_796' title='bbox 144 2284 208 2303; x_wconf 78' lang='lat' dir='ltr'>vero</span> <span class='ocrx_word' id='word_1_797' title='bbox 221 2297 229 2308; x_wconf 95' lang='lat'><em>‚</em></span> <span class='ocrx_word' id='word_1_798' title='bbox 256 2275 349 2313; x_wconf 84' lang='lat' dir='ltr'>quibus</span> <span class='ocrx_word' id='word_1_799' title='bbox 368 2275 410 2311; x_wconf 85' lang='lat' dir='ltr'>agi</span> <span class='ocrx_word' id='word_1_800' title='bbox 430 2283 490 2302; x_wconf 85' lang='lat' dir='ltr'>cum</span> <span class='ocrx_word' id='word_1_801' title='bbox 512 2275 612 2311; x_wconf 88' lang='lat' dir='ltr'>populo</span> <span class='ocrx_word' id='word_1_802' title='bbox 630 2276 715 2312; x_wconf 83' lang='lat' dir='ltr'>poffet</span> <span class='ocrx_word' id='word_1_803' title='bbox 729 2297 736 2308; x_wconf 89' lang='lat'>‚</span> <span class='ocrx_word' id='word_1_804' title='bbox 763 2285 858 2304; x_wconf 88' lang='lat' dir='ltr'>omnes</span> <span class='ocrx_word' id='word_1_805' title='bbox 884 2284 959 2304; x_wconf 89' lang='lat' dir='ltr'>erant</span> <span class='ocrx_word' id='word_1_806' title='bbox 978 2276 1047 2303; x_wconf 85' lang='lat' dir='ltr'>intra</span> <span class='ocrx_word' id='word_1_807' title='bbox 1066 2283 1160 2304; x_wconf 87' lang='lat' dir='ltr'>ortum</span> <span class='ocrx_word' id='word_1_808' title='bbox 1179 2275 1239 2304; x_wconf 91' lang='lat' dir='ltr'>solis</span> <span class='ocrx_word' id='word_1_809' title='bbox 1251 2296 1258 2307; x_wconf 87' lang='lat'>,</span> <span class='ocrx_word' id='word_1_810' title='bbox 1286 2278 1313 2304; x_wconf 88' lang='lat'>&amp;</span> <span class='ocrx_word' id='word_1_811' title='bbox 1332 2278 1456 2306; x_wconf 74' lang='lat' dir='ltr'>occafiam</span> <span class='ocrx_word' id='word_1_812' title='bbox 1470 2301 1477 2311; x_wconf 86' lang='lat'>,</span> <span class='ocrx_word' id='word_1_813' title='bbox 1506 2281 1625 2318; x_wconf 50' lang='lat' dir='ltr'>reliquis*</span> 
     </span>
    </p>
   </div>
   <div class='ocr_carea' id='block_1_5' title="bbox 0 2312 214 2341">
    <p class='ocr_par' dir='ltr' id='par_1_9' title="bbox 0 2312 214 2341">
     <span class='ocr_line' id='line_1_56' title="bbox 0 2312 214 2341; baseline 0.014 -3"><span class='ocrx_word' id='word_1_814' title='bbox 0 2318 2 2335; x_wconf 62' lang='lat'>³</span> <span class='ocrx_word' id='word_1_815' title='bbox 43 2320 98 2339; x_wconf 86' lang='lat' dir='ltr'>non</span> <span class='ocrx_word' id='word_1_816' title='bbox 110 2312 214 2341; x_wconf 85' lang='lat' dir='ltr'>licebat.</span> 
     </span>
    </p>
   </div>
   <div class='ocr_carea' id='block_1_6' title="bbox 80 2351 1619 2427">
    <p class='ocr_par' dir='ltr' id='par_1_10' title="bbox 80 2351 1619 2427">
     <span class='ocr_line' id='line_1_57' title="bbox 80 2351 1617 2419; baseline 0.003 -38"><span class='ocrx_word' id='word_1_817' title='bbox 80 2351 131 2381; x_wconf 73' lang='lat' dir='ltr'>Ad</span> <span class='ocrx_word' id='word_1_818' title='bbox 141 2353 224 2388; x_wconf 68' lang='lat' dir='ltr'>caustis</span> <span class='ocrx_word' id='word_1_819' title='bbox 238 2351 330 2390; x_wconf 82' lang='lat' dir='ltr'>legum</span> <span class='ocrx_word' id='word_1_820' title='bbox 348 2351 420 2390; x_wconf 83' lang='lat' dir='ltr'>quod</span> <span class='ocrx_word' id='word_1_821' title='bbox 433 2351 549 2385; x_wconf 83' lang='lat' dir='ltr'>attinet,</span> <span class='ocrx_word' id='word_1_822' title='bbox 575 2351 653 2383; x_wconf 69' lang='lat' dir='ltr'>varix</span> <span class='ocrx_word' id='word_1_823' title='bbox 665 2351 714 2383; x_wconf 83' lang='lat' dir='ltr'>illae</span> <span class='ocrx_word' id='word_1_824' title='bbox 735 2351 865 2387; x_wconf 77' lang='lat' dir='ltr'>fuerunt,</span> <span class='ocrx_word' id='word_1_825' title='bbox 891 2353 930 2383; x_wconf 87' lang='lat' dir='ltr'>uti</span> <span class='ocrx_word' id='word_1_826' title='bbox 949 2353 977 2381; x_wconf 87' lang='lat' dir='ltr'>in</span> <span class='ocrx_word' id='word_1_827' title='bbox 979 2351 1049 2419; x_wconf 69' lang='lat' dir='ltr'>Aipsa</span> <span class='ocrx_word' id='word_1_828' title='bbox 1062 2351 1158 2391; x_wconf 84' lang='lat' dir='ltr'>legum·</span> <span class='ocrx_word' id='word_1_829' title='bbox 1168 2352 1325 2383; x_wconf 84' lang='lat' dir='ltr'>recitatione</span> <span class='ocrx_word' id='word_1_830' title='bbox 1342 2354 1539 2393; x_wconf 82' lang='lat' dir='ltr'>conspicietur,</span> <span class='ocrx_word' id='word_1_831' title='bbox 1563 2367 1617 2386; x_wconf 78' lang='lat' dir='ltr'>una</span> 
     </span>
     <span class='ocr_line' id='line_1_58' title="bbox 1011 2399 1619 2427; baseline 0.003 -6"><span class='ocrx_word' id='word_1_832' title='bbox 1011 2399 1069 2422; x_wconf 73' lang='lat' dir='ltr'>aaa</span> <span class='ocrx_word' id='word_1_833' title='bbox 1526 2401 1619 2427; x_wconf 79' lang='lat' dir='ltr'>tamen</span> 
     </span>
    </p>
   </div>
  </div>
 </body>
</html>
