2075 2734
467 90 845 117 Licnnnn

79 141 176 175 quisque
182 139 264 165 tribum
270 138 365 170 dificiat
371 154 380 166 ‚
391 137 414 161 in
425 144 472 169 qua
483 135 510 165 est
516 133 650 171 suffragium
662 134 758 169 ¹⁶¹“.“‘.'·
768 132 860 165 populus

84 177 143 199 em'm
149 173 244 204 confusus
251 189 258 200 ,
271 172 384 202 utftmper
388 170 446 193 alias
453 185 460 196 ,
473 169 505 191 ira
512 166 538 191 (γ’
544 174 566 189 tn
572 172 673 200 concione.
689 166 772 200 Livius
782 169 860 199 autem

85 206 148 231 libro
154 208 184 230 u.
190 211 239 236 cap.
248 208 286 232 56.
292 203 334 227 ubi
341 203 370 226 de
376 201 428 233 lege
434 196 859 233 Laetotialoqurtur2-Confial3inqu1t‚

86 239 180 270 ‚Appius
187 245 262 268 negare
265 238 303 268 jus
310 235 348 264 effe
354 232 439 258 tribuno
446 234 469 254 in
474 228 681 262 quemquam‚mfi¹n
685 227 796 263 plebeyuni
802 237 809 250 .·
819 235 858 249 nan

85 271 143 293 enim
148 269 221 299 populi
229 285 236 295 ,
244 269 284 298 sed
293 266 357 297 plebis
369 273 419 288 eum
431 262 583 296 magistratum
595 259 633 289 effi
641 276 648 287 ‚
653 268 696 296 ‘nec
707 260 782 295 unum
789 259 859 297 'Vs-“ff

82 302 222 331 summovere
227 306 264 332 pro
272 295 416 329 imperiopoffi
423 303 480 318 more
487 300 606 324 majorum,
616 299 669 322 quta
677 292 802 326 ira-dicatur
811 301 818 313 .-
832 296 857 313 oa

88 332 148 354 voln'i
156 333 246 354 zrdetur
254 347 261 358 ,
269 328 475 360 difieditequirites.
492 323 538 348 Ubi
546 340 552 351 ‚
559 324 672 358 ‘Disiedne
680 339 686 349 ‚
695 322 787 346 drotum
795 330 849 358 ἔρξῃ
855 335 860 338 .

86 370 120 388 xer
126 363 154 386 ad
161 361 263 393 suffragia
270 360 370 385 serenda.
376 358 438 383 libro
445 363 500 380 vero
506 358 545 379 111.
553 362 574 379 c.
584 362 593 377 r
600 362 619 378 1.
628 353 669 377 ubi
676 355 705 377 de
712 358 820 389 Terei-,na
827 361 859 377 re-

86 403 116 426 ge
123 396 178 426 agir,
186 394 250 418 idem
259 392 376 425 fignificat,
382 397 437 413 cum
444 389 474 412 ait
482 398 487 410 :
496 388 689 418 Qaemadmoeium
696 388 721 416 se
728 386 860 416 rrrbumgefi

82 427 151 459 fiffenr
158 425 310 456 inprohibendo
316 423 408 447 Aelessu.
413 422 442 452 fic
448 427 520 452 patres
527 428 548 441 m
556 420 601 454 Iege
607 425 711 454 ‚qu-:per
718 426 789 454 omnes
795 425 859 440 comr-

86 460 150 481 {iales
157 456 324 487 diesferebatur,
330 451 576 484 impediendagerebanr.
586 456 676 472 anutium
683 456 729 472 erat
735 457 787 472 rrxae
795 465 802 476 ,
810 457 862 484 eum-

86 490 188 520 diftedere
197 489 300 518 populum
305 486 412 520 juffiffent
426 485 522 510 tribunt,
536 483 594 515 quod
603 488 679 514 patres
692 482 715 510 se
725 482 860 512 summoveri

87 519 259 553 baudfinebant.

259 582 284 610 C
315 591 331 609 Α
360 590 374 608 1²
399 588 418 607 U
444 589 461 607 τ
501 577 686 607 XXXVII.

79 644 124 671 De
139 637 298 669 diribiticne,
318 636 350 663 de
360 637 431 664 modo
442 634 482 667 ζῇ
495 633 583 662 ordine
588 631 769 673 suffragiorum
777 629 862 668 seren-

142 679 232 706 dorum
244 697 252 707 .
272 676 384 714 itemque
401 675 432 701 de
439 671 621 712 fitffiugiorum
633 672 804 706 drrempnone.

149 747 191 765 um
198 739 270 772 igitur
277 755 284 766 ,
297 737 327 762 de
334 737 451 761 concione
458 734 507 762 iuffi
515 733 634 759 discedere
641 751 648 762 ,
661 734 686 758 in
693 732 756 757 suam
763 730 862 769 quisque

86 739 147 803 C
165 772 254 796 tribum
261 788 268 798 ,
275 776 313 793 aut
319 770 447 793 centuriam
454 765 542 791 abiisset
549 783 556 793 ‚
569 767 671 798 privatos
678 766 788 790 homines
797 771 860 788 inve—

86 805 138 831 nio,
145 805 187 836 qui
195 803 224 827 de
230 804 282 834 lege
288 801 418 825 laborarent
425 817 432 827 ,
440 798 502 830 ipsos
510 816 517 826 ‚
525 805 555 822 ne
579 799 620 822 uid
627 797 720 821 fanaciae
726 797 862 832 committe-

85 842 148 860 retur
156 852 163 863 ,
175 843 212 859 aut
221 834 314 858 tabellas
321 831 472 858 distribuisse,
486 837 524 853 aut
536 830 559 853 d·
582 829 730 853 ribuentibus
742 827 862 859 ptaefursse.

85 867 160 899 idque
167 867 255 890 ambae
262 865 359 896 proprio
367 863 482 886 vocabulo
490 861 615 885 dicebatur.
622 861 689 893 quod
695 861 800 884 muneris
806 860 861 892 quia

85 899 134 924 fere
141 897 203 921 obiri
210 897 332 926 curarique
339 894 401 918 abiis
408 894 499 920 soleret,
507 893 549 924 qui
557 900 636 925 neque
643 899 707 916 aeratc
713 899 793 924 graves
801 909 807 919 ‚
820 899 859 915 ne—

86 937 132 961 que
139 929 208 961 gestis
215 926 346 952 honoribus
355 926 456 957 inlignes
463 924 593 948 admodum
601 923 673 948 ess'ent
681 941 687 952 ,
696 925 719 948 id
727 923 769 948 libi
777 925 800 948 ὃς
808 923 820 947 ἐι
828 922 858 947 se-

83 961 161 988 nibus,
168 961 192 984 δε
199 959 212 983 ὲ
218 960 332 991 dignitate
339 957 494 990 prsstantibus
502 955 750 989 prxcipuecontigiffe,
758 954 862 987 gloriose

83 999 257 1018 commemorat
264 992 350 1015 Cicero
358 992 382 1014 in
389 989 498 1014 Pisonem
506 996 526 1012 c.
533 996 541 1012 r
548 997 557 1015 5
563 1008 568 1012 .
577 990 721 1020 Hoc,inquir,
727 995 782 1011 certe
789 989 859 1015 video,

84 1026 241 1057 quodindmnt
247 1022 417 1055 rabulaepublicae
425 1039 430 1048 ‚
445 1030 481 1044 ⁷205
489 1027 595 1052 rogatam
602 1037 610 1048 ,
621 1029 657 1043 vot
666 1020 787 1043 diribitores
794 1035 800 1046 ‚
821 1028 859 1043 vos

83 1055 243 1086 custodessuiffi
249 1055 381 1079 tabellarum
389 1064 396 1076 :
405 1053 440 1080 ἐν,
447 1053 502 1084 quod
507 1055 529 1075 in
537 1051 647 1075 honoribux
653 1051 860 1081 vestrorumprofr‘n-

84 1096 177 1120 quorum
184 1088 301 1118 nonfacitis
308 1103 315 1113 ,
322 1087 360 1109 vel
367 1087 435 1108 aratis
441 1085 576 1115 excusatione
583 1100 590 1110 ,
605 1086 641 1107 vel
648 1085 730 1106 honoris
736 1094 743 1107 .-
758 1084 858 1112 insalure

86 1128 146 1147 mea,
157 1120 215 1142 nullo
223 1125 312 1149 rogante
319 1134 325 1145 ‚
338 1126 374 1140 zm
382 1117 451 1146 vestra
458 1116 621 1146 sponteseeiftis.
639 1114 780 1147 Eodemque
787 1114 858 1138 verbo

85 1151 168 1175 eadem
175 1152 204 1174 de
211 1158 235 1174 re
243 1149 294 1173 usus
301 1149 365 1173 estin
373 1156 398 1172 ea
405 1147 455 1179 post
462 1147 566 1172 reditum
573 1148 598 1171 in
605 1146 706 1171 senaruc.
713 1155 722 1170 1
730 1155 738 1170 1
744 1165 749 1170 .
755 1154 812 1170 cum
819 1148 857 1170 air:

84 1184 181 1212 Quando
187 1182 424 1212 tant-zmsrequentiam
431 1181 454 1202 in
461 1186 532 1209 campo
539 1195 546 1206 ,
554 1180 780 1212 tantumsjvlendorem
787 1180 858 1202 ltalia

84 1216 151 1238 totius
160 1232 167 1242 ‚
176 1214 318 1245 ordinumque
325 1214 422 1236 omnium
430 1228 436 1239 ,
449 1212 534 1243 quando
541 1212 581 1234 illa
587 1212 693 1242 dignitate
700 1218 730 1233 rvr
737 1217 842 1242 rogatores
850 1228 856 1238 ,

84 1244 354 1275 diribr'tares‚euflodefique
361 1244 443 1272 uidistis
450 1248 461 1266 ,θ
468 1241 678 1274 Necdubiro,quin
685 1243 814 1273 legendum
822 1241 857 1271 sit,

86 1277 221 1301 diribeantur
229 1293 235 1303 ,
243 1284 292 1300 non
298 1277 429 1306 diripiantur
435 1292 442 1303 ,
456 1281 481 1297 ut
488 1275 513 1298 in
520 1275 576 1298 eain
583 1274 693 1299 Pisonem
701 1291 708 1301 ,
716 1275 824 1299 oratione
836 1282 857 1300 c.

88 1317 129 1336 ⁴0·
143 1314 186 1332 ,Λη
195 1308 302 1339 exspelias
314 1309 367 1329 dum
379 1309 405 1330 de
418 1314 437 1329 te
445 1308 541 1331 LXXV.
549 1306 634 1330 tabella
640 1308 787 1339 diripiantur?
801 1315 843 1338 pro
851 1325 857 1334 ‚

87 1339 254 1364 distribuantur
262 1356 268 1364 ,
279 1345 305 1362 ut
311 1338 340 1362 de
346 1337 490 1367 rejudicium
503 1338 551 1361 fiat.
569 1337 598 1361 fic
606 1338 629 1362 δι
636 1339 725 1362 Plinius
738 1338 860 1363 manifeste

88 1372 175 1404 accepit
181 1370 243 1395 libro
250 1372 350 1394 XXXVI.
357 1377 378 1394 c.
385 1379 393 1394 r
401 1377 421 1397 5.
436 1372 479 1393 Hic
485 1370 520 1398 est,
528 1370 616 1401 inquit,
623 1371 662 1392 ille
668 1369 858 1401 domitororbisps-

83 1405 152 1436 palus
160 1420 166 1430 ‚
179 1404 220 1435 qui
223 1409 310 1432 gentes,
324 1401 420 1432 &regna
431 1400 517 1425 diribet.
533 1400 605 1425 Cistis
611 1399 858 1433 autemsuffiagiorum

86 1435 245 1459 custodiendis
251 1441 326 1457 certos
331 1433 441 1457 homines
448 1434 472 1457 in
479 1433 586 1456 comitiis
592 1433 704 1464 praefuiffe
710 1450 716 1460 ‚
724 1435 766 1464 qui
774 1442 859 1465 nongen-

86 1470 107 1490 ti
115 1466 160 1490 {int
166 1466 282 1497 appellari,
289 1465 354 1488 idem
362 1464 522 1488 Pliniusli'nro
529 1467 626 1489 xxxin.
633 1472 678 1489 c.2.
686 1465 797 1495 scriptum
806 1467 858 1489 reli-

87 1500 148 1531 quit.
165 1498 281 1525 Obiicitur
288 1497 327 1520 hic
333 1496 430 1528 quaesrio
437 1495 596 1527 perdifficilis,
610 1504 660 1528 quo
669 1497 744 1520 modo
757 1495 859 1528 suffragia

87 1532 202 1555 ferrentur
209 1538 216 1552 ;
223 1529 289 1561 quod
297 1546 304 1556 ,
311 1530 336 1553 in
344 1535 404 1552 tanta
410 1535 487 1551 rernm
495 1528 643 1560 antiquarum
651 1527 790 1552 obscuritate
797 1546 804 1556 ‚
814 1529 859 1552 suf-

89 1562 195 1593 fragandi
209 1562 251 1585 usu
263 1568 315 1584 non
326 1560 404 1583 solum
417 1559 548 1584 intermisso
556 1577 563 1588 ‚
580 1567 662 1585 verum
675 1561 746 1584 etiam
763 1562 855 1591 penitus

90 1593 172 1618 amiss'o
180 1609 186 1620 ‚
200 1592 250 1624 post
257 1599 294 1615 tot
300 1590 376 1615 saecula
383 1591 533 1615 manifestum
547 1599 596 1616 non
609 1592 654 1616 effe
661 1609 668 1619 ,
681 1592 735 1623 quis
749 1593 859 1616 miretur:

90 1626 169 1657 itaque
175 1631 227 1651 nec,
233 1624 329 1655 opinor,
335 1629 411 1646 totam
417 1624 589 1654 remexplicare
594 1623 718 1655 quisquam
726 1624 807 1655 poffit:
819 1631 862 1648 nec

90 1663 170 1681 tamen
176 1655 295 1687 ignorabit
302 1655 392 1681 omnia,
399 1655 442 1685 qui
448 1662 554 1679 veretum
560 1655 634 1679 libros
641 1656 863 1686 diligentetexanii-

91 1690 162 1713 natit.
176 1687 282 1711 Primum
291 1686 427 1718 igirurillud
435 1703 442 1714 ‚
455 1687 589 1710 multorum
595 1687 734 1711 testimonio
742 1703 748 1713 ,
760 1686 848 1711 constat
856 1703 862 1714 ‚

90 1720 154 1745 cistas
160 1726 216 1743 cum
222 1717 383 1749 suffragiorum
391 1717 483 1742 tabellis
490 1718 601 1749 pontibus
607 1718 747 1750 quibusdam
755 1736 761 1745 ,
769 1726 819 1751 quo
827 1725 863 1743 tu-

91 1754 138 1777 tius
149 1750 334 1777 custodirentur,
347 1749 466 1781 impolitas
473 1749 530 1774 effe:
543 1751 664 1782 exquibus
676 1751 764 1774 tabellae
772 1751 863 1783 populo

91 1783 284 1808 ministrarentur.
303 1789 375 1813 quem
382 1789 477 1805 morem
490 1783 573 1805 Cicero
587 1783 614 1806 ad
621 1783 729 1806 Atticum
741 1782 803 1806 libro
810 1786 828 1806 1.
843 1790 865 1806 e-

92 1815 146 1848 pist.
155 1823 192 1843 ¹4-
205 1814 303 1838 declarat
315 1813 351 1836 his
364 1813 448 1836 verbis.
463 1815 639 1844 Operaeaodmu
649 1821 720 1845 pontes
729 1821 864 1846 occuparant.

91 1847 175 1871 tabells
183 1845 359 1875 ministrabantur
365 1861 371 1871 ,
378 1847 410 1867 ira
418 1852 443 1867 ut
449 1847 512 1868 nulla
519 1847 609 1869 daretur
616 1863 622 1873 ,
631 1848 673 1868 Uti
681 1854 749 1876 rogas.
767 1849 794 1870 Et
801 1846 864 1869 libro

93 1882 134 1903 111.
141 1879 170 1902 de
177 1877 267 1909 legibus
277 1885 297 1901 c.
307 1885 346 1903 17.
361 1879 434 1900 Pom„
442 1878 480 1900 lex
487 1879 628 1908 friariafecir
634 1879 739 1909 angustos.
753 1885 825 1910 quam
832 1879 865 1901 le-

96 1917 151 1941 gem
158 1909 289 1933 Plutarchus
296 1910 367 1939 etiam
375 1909 400 1931 in
408 1908 483 1931 Mario
490 1908 610 1939 fignificat.
618 1909 692 1934 Libro
699 1916 776 1933 autem
783 1909 866 1934 LRhe-

94 1942 224 1966 turicorum
232 1940 260 1963 ad
267 1940 414 1963 Herennium
422 1946 443 1963 c.
449 1947 458 1963 r
465 1947 486 1963 2.
499 1942 575 1972 capio,
582 1947 608 1963 ur
614 1941 757 1964 Saturninum
764 1948 834 1964 namra
842 1942 865 1965 S.

94 1976 117 1997 c,
125 1974 192 2003 Iegem
199 1973 223 1994 de
229 1971 345 2001 femiffibus
354 1987 360 1996 ,
376 1970 402 1994 (θ’
409 1970 521 1994 trientibus
527 1972 630 2002 adversus
642 1971 797 1999 rempublicam
807 1974 866 1995 vidit

92 2008 152 2037 serre
159 2015 166 2027 :
180 2012 229 2026 cum
236 2004 291 2026 viria
299 2002 355 2025 bonis
362 2004 528 2032 impetum-facit
536 2010 620 2033 ‚tontes
626 2002 738 2033 disturbat,
747 2004 804 2032 cistas
811 2005 866 2036 deji-

93 2039 133 2063 ut,
141 2037 293 2066 impedimento
299 2035 544 2065 est‚quosec1usseratur
550 2036 596 2058 Iex.
610 2036 773 2062 Deinde,cum
782 2035 794 2058 ὲ
801 2036 867 2059 Festo

95 2068 208 2100 scriptum
215 2067 306 2090 videam
314 2083 320 2093 ,
334 2065 436 2098 suffragia
443 2074 588 2098 perpontem
600 2068 707 2091 comitiis
718 2067 773 2090 ferri
786 2065 852 2091 solita
861 2085 867 2095 ,

97 2100 199 2124 adducor
206 2100 231 2122 in
238 2105 290 2122 eam
296 2096 434 2122 sententiam
442 2115 448 2124 ‚
456 2106 481 2122 ut
488 2098 623 2123 existimem
631 2116 637 2126 ‚
650 2099 744 2123 tabellas
750 2099 775 2122 in
782 2107 866 2124 eorum

97 2133 208 2164 pontium
216 2131 290 2163 capite
296 2130 432 2154 ministratas
438 2131 495 2158 ene,
504 2132 526 2154 ἃ
537 2132 559 2154 in
568 2132 680 2155 extremis
692 2132 804 2163 pontibus
815 2133 868 2156 alias

97 2164 163 2188 cistas
169 2161 234 2187 fuiss'e
242 2180 248 2189 ,
262 2163 287 2186 in
295 2163 381 2192 quibus
388 2163 479 2186 tabellas
486 2161 587 2194 quisque
592 2162 640 2187 suas
648 2164 788 2194 deponeret:
802 2164 868 2196 quod

97 2202 146 2220 erat
152 2193 285 2226 suffragium
292 2193 359 2217 ferre.
373 2195 439 2225 quod
447 2195 486 2218 etii
492 2202 521 2218 ex
529 2195 621 2219 duobus
628 2196 687 2219 locis
695 2196 819 2219 Ciceronis
826 2213 832 2222 ,
845 2197 869 2220 &

99 2234 129 2252 ex
136 2226 199 2251 libro
208 2226 392 2250 Rhetoricorurn
399 2226 426 2249 ad
434 2227 580 2250 Herennium
593 2226 645 2251 satis
656 2227 711 2251 licet
724 2228 869 2259 intelligere:

98 2266 188 2285 xamen,
196 2265 245 2289 quo
253 2265 288 2281 res
295 2264 368 2289 pareat
375 2258 493 2286 illustrius,
507 2258 565 2282 Festi
571 2259 638 2283 verba
645 2259 803 2283 recitabimus.
817 2261 870 2291 ἓζιιο

99 2298 200 2323 tempore,
208 2290 295 2322 inquit,
300 2291 525 2321 primumperponrem
532 2298 638 2323 ceperunt
643 2293 735 2314 commis
740 2291 871 2322 suffragium

93 2324 192 2355 semeja
197 2324 261 2344 nimi
267 2323 454 2345 conclamaverunt
461 2339 468 2349 ‚
475 2330 500 2346 ur
507 2324 532 2346 de
536 2329 601 2356 ponte
607 2324 749 2356 dejicerentur
754 2328 872 2355 sexagena-

97 2356 127 2381 n'i
134 2372 140 2384 ,
151 2355 247 2388 quijam
253 2353 402 2387 uullopublico
408 2356 643 2387 muneresungerentus
651 2372 659 2385 ,
673 2362 699 2380 ut
705 2355 825 2389 tpfipotius
831 2355 872 2387 fibi

900 83 1270 112 Liternus.

890 139 960 162 quam
972 131 1023 159 illi,
1037 131 1152 162 deligerent
1165 131 1325 162 imperatorem.
1343 130 1430 154 Vanam
1438 135 1515 156 autem
1522 131 1667 164 opinionem

889 163 919 187 de
925 169 1000 194 ponte
1006 162 1122 187 Tiberino
1128 163 1279 187 confirmavit
1287 161 1405 186 Afranius.
1423 165 1451 186 Et
1459 164 1524 187 idern
1537 165 1583 188 alio
1598 166 1652 190 loco
1660 176 1667 189 :

890 196 1012 227 Depontani
1014 196 1076 226 senes
1081 195 1261 227 appellabantur,
1279 196 1320 226 qui
1327 195 1463 226 ftxagenaru't
1474 197 1500 218 de
1508 203 1572 228 ponte
1578 198 1665 228 dejicie-

889 226 975 251 bantur.
993 229 1049 259 Qro
1056 225 1162 259 speaass'e
1170 225 1302 251 Macrobius
1310 226 1401 250 videtur
1410 243 1416 253 ,
1422 233 1478 250 cum
1486 227 1516 250 ait
1526 228 1569 251 Sat.
1577 229 1639 252 libro
1646 231 1666 253 1.

889 265 934 285 c.5.
948 260 1022 282 Hisne
1029 266 1076 282 tam
1083 260 1148 282 doliis
1155 260 1225 286 viria,
1239 267 1330 290 quorum
1337 261 1379 282 uu.
1390 260 1457 281 cicero
1464 275 1470 285 ,
1486 258 1511 282 (7-
1522 261 1586 281 Varro
1592 262 1666 283 imita-

890 297 943 313 tores
948 291 1105 321 figloriantur,
1112 292 1207 314 adimere
1214 292 1248 314 vir
1255 292 1276 313 t'n
1283 289 1394 313 verborum
1402 291 1538 322 tomitiirjru
1544 291 1665 322 suffragan-

889 323 920 349 dt,
930 320 955 345 (θ’
963 324 1222 354 tanqunmscxagenmior
1229 324 1320 351 depome
1327 323 1413 354 dejicies
1421 326 1431 344 ,θ
1448 321 1582 346 Transibant
1594 324 1667 355 igitlu

891 361 930 384 per
936 360 977 377 eos
984 360 1068 386 pontes
1075 354 1103 377 ad
1109 354 1223 377 larionem
1232 352 1330 385 suffragii
1339 370 1345 380 ‚
1353 354 1443 377 tabellis
1449 356 1548 386 acceptis
1557 355 1582 379 in
1588 355 1666 386 prima

891 386 972 416 pontis
979 393 1041 418 parte
1050 404 1056 415 ,
1069 393 1126 417 quas
1133 388 1158 409 in
1166 393 1269 409 extrema
1275 385 1406 409 redderent.
1424 388 1577 410 Eranrautem
1586 404 1592 414 ,
1606 393 1668 419 quot

891 417 965 441 tribus
974 434 980 445 ‚
996 425 1033 442 aut
1047 424 1107 450 quot
1119 418 1242 444 cemurix,
1256 424 1395 448 torpontes:
1413 424 1484 448 utpet
1496 416 1564 442 suum
1572 417 1667 450 fingulz

890 456 990 481 pontem
997 448 1130 481 suffragium
1138 449 1325 480 ferrent.alioqui
1333 450 1458 480 negotium
1466 449 1534 481 longi
1542 451 1666 481 temporis,

890 488 932 505 nec
941 480 988 505 fine
994 482 1168 513 perturbatione
1178 482 1255 512 aliqua
1262 479 1339 504 fuiss‘et
1347 498 1353 508 ‚
1371 480 1387 505 fi
1395 487 1468 513 ponte
1478 483 1549 505 unico
1556 482 1629 506 tribus
1640 490 1667 506 o-

892 520 973 540 mues,
991 520 1030 537 aut
1043 514 1150 537 centuria:
1163 513 1257 537 tramite
1269 520 1418 543 cogerentur.
1427 514 1452 537 δε
1460 521 1514 538 cum
1525 514 1557 537 ait
1564 515 1666 538 Cicero:

894 548 965 577 Opera
973 543 1152 577 Clodianaepwrcs
1159 551 1283 578 occuparant
1291 555 1298 567 :
1307 547 1334 567 Er
1343 561 1349 571 ‚
1358 547 1432 567 Pontes
1441 547 1476 569 Iex
1484 546 1622 575 Mariasect't
1629 556 1668 569 an-

886 577 974 607 gustos.-
986 577 1010 600 &
1018 577 1068 604 ille,
1076 577 1116 608 qui
1125 575 1211 608 scripfir
1217 577 1244 600 ad
1251 576 1397 600 Herennium
1407 593 1413 603 ‚
1425 577 1621 606 Pontesdnsturbat‚
1636 579 1667 601 ci-

885 608 930 637 stas
937 609 1012 633 deficit
1019 619 1026 632 :
1041 609 1153 640 pontium
1160 608 1341 632 multitudinem
1348 607 1467 639 perspicue
1479 608 1600 635 declarant.
1617 612 1667 634 Nec

893 639 922 664 de
930 639 1113 664 duabustabellis
1125 641 1211 671 cuique
1218 640 1276 664 datis
1283 639 1408 672 quisquam
1419 640 1522 667 dubitat,
1536 649 1581 665 una
1589 659 1596 669 ‚
1611 649 1666 667 cum

893 672 933 696 hac
940 673 1014 696 litera.
1030 677 1070 699 aa,
1078 680 1127 704 qua:
1136 673 1194 704 legis
1199 673 1373 704 antiquationem
1380 671 1490 704 fignificat
1497 680 1503 694 :
1511 673 1586 701 altera,
1593 673 1622 697 fic
1629 675 1666 698 in-

893 702 983 736 scripta,
990 706 1022 729 v.
1029 707 1055 728 R.
1064 705 1088 728 id
1095 703 1256 736 est,u11rogax:
1265 711 1314 736 qux
1321 704 1400 735 legem
1406 704 1539 737 accipiebat,
1547 706 1581 729 uti
1589 707 1665 737 magi-

893 735 972 760 stratus
978 742 1005 759 ro
1023 743 1103 760 averat.
1121 738 1204 760 Pontes
1210 742 1287 759 autem
1296 736 1353 759 distr
1361 754 1367 763 ‚
1393 736 1441 760 uod
1448 736 1565 761 exssru&ae
1572 738 1599 761 ad
1607 745 1666 762 rem-

894 774 936 798 pus
943 775 999 792 men
1011 776 1028 792 ae
1035 767 1086 792 satis
1092 767 1189 799 angustae
1197 784 1203 795 ‚
1212 767 1336 799 praesertim
1343 775 1373 798 po
1398 769 1477 800 legem
1485 769 1582 792 Mariam
1590 787 1597 796 ,
1608 777 1669 801 pou-

892 801 954 823 rium
962 800 1144 824 similitudinem
1151 799 1260 823 haberent
1268 807 1274 822 :
1281 806 1332 830 quae
1340 815 1346 825 ‚
1354 798 1370 822 si
1376 800 1482 825 tribuum
1491 802 1592 832 populus
1599 802 1624 825 in
1632 801 1668 825 fo-

893 839 945 855 rum
953 839 1074 856 vocaretur
1080 849 1087 860 ‚
1094 834 1184 855 XXXV.
1192 838 1236 862 pro
1243 838 1343 855 numero
1351 831 1455 856 tribuum
1463 849 1470 860 ‚
1476 832 1553 855 fuere:
1564 833 1580 856 si
1587 840 1670 857 cemu-

890 864 970 887 riatim
978 865 1119 895 incampum
1128 863 1258 891 ‚totidem,
1285 865 1443 887 uotcenturiae
1450 880 1456 891 ‚
1471 863 1534 887 idest
1542 881 1548 890 ,
1562 866 1669 889 Cxcru.

893 897 961 919 Nunc
967 896 998 920 de
1005 896 1088 920 ordine
1096 897 1120 919 in
1127 895 1229 919 ferendis
1238 895 1263 918 su
1282 894 1352 926 ragiis
1363 901 1465 925 agamus.
1482 896 1562 919 Primo
1575 896 1630 919 loco
1641 904 1668 920 ea

892 927 975 955 tribus,
982 936 1036 952 eave
1043 928 1154 954 centuria,
1162 934 1213 958 quae
1220 927 1333 950 omnium
1341 925 1455 953 tribuum,
1465 934 1502 950 aut
1509 928 1668 952 centuriarum

892 960 1033 984 nominibus
1045 961 1071 984 in
1078 959 1164 983 sortem
1170 959 1284 986 coniectis
1291 974 1298 986 ‚
1311 959 1388 990 prima
1394 959 1423 982 de
1430 958 1502 982 fitella
1509 976 1516 986 ‚
1529 959 1559 983 de
1565 965 1611 991 qua
1621 961 1668 988 jam

891 991 1006 1019 diximus,
1014 991 1075 1016 sorte
1081 992 1175 1019 exierat,
1183 989 1318 1022 suffragium
1325 989 1425 1014 serebat:
1438 997 1512 1023 eaque
1520 992 1668 1022 praerogariva

890 1022 1009 1047 dicebatur
1016 1041 1022 1051 ‚
1031 1024 1086 1056 quia
1093 1024 1167 1055 prima
1174 1029 1294 1055 rogaretur
1300 1020 1313 1044 ἒ
1321 1022 1453 1052 magistratu
1461 1039 1468 1050 ‚
1475 1023 1517 1054 qui
1524 1024 1621 1046 comitia
1629 1024 1669 1048 ha-

890 1054 964 1079 bebat.
977 1062 997 1079 at
1005 1056 1030 1079 in
1037 1054 1190 1086 pximanibu,
1198 1061 1235 1078 aur
1242 1054 1345 1078 centuria
1351 1055 1405 1086 quis
1412 1055 1515 1086 primus?
1523 1054 1632 1079 videlicet
1640 1056 1668 1083 is,

890 1094 963 1119 quem
971 1087 1114 1118 magistratus
1125 1087 1205 1118 legem
1211 1085 1287 1110 fetens
1295 1085 1423 1117 deligebat:
1440 1086 1556 1117 deligebat
1569 1094 1647 1111 aurem
1658 1105 1666 1115 ,

890 1126 963 1150 quem
971 1120 995 1143 ὅ(
1002 1120 1116 1150 dignitate
1125 1118 1225 1150 praestare
1233 1135 1240 1146 ,
1254 1118 1279 1141 &
1291 1118 1411 1148 rogationi
1423 1116 1468 1141 suae
1481 1125 1563 1149 praeter
1571 1126 1669 1143 caetero:

889 1151 964 1175 favere
970 1151 1092 1180 judicabat.
1106 1157 1234 1182 utrumque
1240 1149 1392 1180 cognoscitur
1404 1150 1429 1173 in
1436 1151 1545 1174 oratione
1551 1158 1595 1181 pro
1602 1153 1668 1175 Plan-

888 1184 926 1206 cio
933 1190 952 1207 c.
960 1192 968 1207 1
974 1191 996 1211 4.
1008 1183 1032 1206 in
1041 1190 1085 1214 qua
1093 1185 1123 1206 ita
1130 1181 1242 1214 scriptum
1249 1182 1289 1205 est.
1302 1184 1364 1204 Nam
1371 1183 1588 1214 qucdprrmurfisvit
1594 1185 1664 1214 legem

888 1214 1098 1246 depublicanis,tum
1106 1223 1139 1237 ῑιν
1146 1213 1289 1244 ampliffimus
1297 1214 1372 1243 Consta!
1379 1214 1437 1236 fidius·
1443 1214 1663 1246 ordint‘perpopulum

887 1248 947 1270 dedit
953 1264 960 1273 ,
976 1247 1185 1277 quodpersenatum
1191 1263 1198 1272 ,
1210 1244 1337 1274 filicufflt,
1345 1244 1432 1273 dediffee
1439 1255 1446 1267 .·
1452 1246 1500 1275 fiin
1507 1254 1528 1268 eo
1535 1248 1614 1268 crimen
1621 1246 1648 1274 est
1655 1264 1661 1273 ,

888 1280 941 1309 quia
947 1279 1080 1309 suffragium
1090 1279 1152 1304 nait,
1162 1278 1212 1308 quis
1219 1285 1257 1299 non
1265 1276 1468 1306 rulitpubtxcawus!
1481 1278 1500 1305 fi
1507 1293 1512 1303 ,
1523 1280 1666 1309 quiapnmur

885 1311 952 1338 scivit
959 1320 966 1332 :
975 1316 1051 1332 utrum
1058 1310 1143 1338 idsbrtis
1152 1311 1191 1339 esse
1198 1309 1243 1333 vir,
1250 1317 1278 1331 an
1288 1308 1391 1339 ejus,qm'
1399 1310 1458 1331 issam
1466 1309 1622 1339 legemserebat
1630 1310 1665 1339 :¹ss

885 1343 948 1370 fimi:
956 1345 967 1364 Ι
974 1342 1056 1363 nullum
1063 1342 1141 1363 crimen
1150 1339 1175 1368 cst
1182 1348 1203 1362 m
1209 1340 1267 1368 casu.
1275 1340 1407 1371 fiConficlu:
1417 1340 1514 1369 fidentior
1521 1343 1588 1363 eriam
1597 1342 1665 1364 Plan-

889 1374 930 1400 cii,
944 1375 998 1395 hunt
1006 1372 1020 1396 ὰ
1028 1374 1115 1402 summo
1123 1373 1171 1394 viro
1178 1373 1295 1403 princifem
1307 1371 1527 1403 ordinis-judicatum.
1545 1374 1599 1402 Qo
1607 1379 1665 1396 con-

891 1404 938 1431 stat,
946 1404 1002 1428 ideo
1011 1405 1115 1435 primum
1124 1403 1244 1427 Plancium
1252 1402 1279 1425 ad
1287 1400 1421 1434 suffragium
1427 1402 1552 1427 ferendum
1559 1403 1572 1427 a
1580 1403 1668 1428 Caesare

888 1435 994 1460 Consule
1005 1436 1094 1460 le5'tum
1100 1434 1144 1459 effic
1152 1451 1159 1462 ,
1173 1435 1227 1466 quia
1235 1435 1325 1465 primus
1332 1434 1424 1458 ordinis
1430 1435 1544 1466 equestris
1556 1436 1668 1465 judicare-

888 1475 932 1492 tur.
940 1467 1006 1499 quod
1014 1466 1091 1498 ipsum
1098 1467 1239 1490 confirmant
1246 1466 1285 1489 illa
1293 1472 1335 1496 pto
1343 1465 1418 1489 domo
1427 1465 1463 1489 sua
1470 1474 1490 1490 c.
1501 1474 1539 1493 30.
1559 1468 1669 1495 confialari

888 1501 970 1522 homini
976 1501 1010 1522 7¹.
1017 1500 1111 1525 Clodius,
1118 1499 1191 1527 eversis
1199 1505 1246 1529 rep.
1255 1499 1370 1520 civitatem
1377 1499 1481 1525 admure,
1487 1499 1568 1529 consilio
1574 1500 1668 1522 advoca-

891 1538 920 1557 to,
927 1531 1030 1553 ronduc‘it's
1037 1532 1102 1561 operis
1108 1530 1221 1559 nonsblum
1229 1530 1346 1558 legentium
1354 1545 1360 1555 ,
1368 1530 1407 1558 sed
1413 1530 1479 1551 eriam
1489 1530 1605 1558 fimorum
1614 1547 1620 1557 ,
1629 1531 1669 1554 Se-

888 1563 1061 1593 dulioprincigw?
1068 1561 1129 1585 dixit
1136 1561 1548 1592 enirn,Sedulioprimt'pe,pro,primo
1555 1563 1669 1587 omnium

891 1592 1024 1625 suffragium
1030 1593 1129 1617 ferente.
1141 1592 1207 1624 quod
1216 1592 1315 1622 apertius
1323 1593 1433 1623 proxime
1441 1592 1543 1616 ostendit
1551 1610 1556 1615 .
1566 1601 1620 1617 cum
1628 1596 1668 1618 air.

893 1628 932 1650 Sin
939 1632 1013 1648 auram
1021 1626 1206 1655 isprimusfiivit.
1216 1630 1263 1647 erat
1270 1624 1336 1647 enim
1343 1624 1525 1655 quodammodo
1532 1625 1592 1656 legis
1600 1633 1669 1650 orna-

893 1663 1001 1680 mentum
1009 1673 1015 1683 ,
1028 1664 1084 1680 cum
1091 1657 1110 1680 is
1116 1663 1167 1679 eam
1174 1654 1280 1679 scilcebat
1286 1655 1377 1685 primus
1385 1671 1391 1682 ,
1408 1655 1472 1683 cujus
1485 1656 1510 1679 in
1517 1656 1610 1681 civitate
1616 1665 1668 1682 non

893 1689 951 1712 levis
957 1687 1012 1712 effet
1018 1688 1153 1711 authoritas.
1166 1686 1232 1719 quod
1239 1685 1279 1710 etfi
1286 1686 1338 1710 satis
1349 1686 1408 1709 clare
1415 1687 1518 1711 indicant
1530 1695 1554 1711 ea
1565 1706 1571 1716 ‚
1582 1696 1633 1719 quae
1639 1697 1670 1714 ex

894 1720 1001 1744 oratione
1007 1726 1050 1751 pro
1058 1720 1150 1743 Plancio
1156 1719 1304 1742 recitavimus
1312 1726 1317 1741 :
1325 1724 1403 1742 tamen
1411 1719 1435 1742 in
1443 1719 1483 1742 hac
1490 1718 1537 1750 ipsa
1543 1727 1587 1750 pro
1594 1720 1672 1746 domo

894 1751 1003 1775 suaidem
1010 1750 1162 1775 fitillustrius.
1174 1750 1365 1782 subjungitenim
1378 1757 1399 1773 c.
1408 1757 1418 1776 3
1427 1758 1446 1774 r.
1459 1752 1671 1784 Tulzujm‚maaae

896 1785 930 1806 κη’
941 1785 1036 1815 preclari
1043 1783 1166 1806 tribunatus
1174 1784 1262 1805 hominis
1275 1782 1380 1812 dignitate
1391 1783 1481 1811 honestes
1490 1799 1496 1809 ,
1510 1785 1671 1809 authoritatem

895 1816 1038 1845 amplec‘ieris.
1055 1814 1117 1846 quafi
1131 1814 1232 1838 Clodius
1245 1814 1334 1837 §edulii
1343 1830 1350 1841 ‚
1363 1820 1473 1844 tanquam
1486 1815 1540 1839 clari
1547 1815 1655 1840 hominis
1662 1833 1670 1845 ‚

896 1854 985 1871 nomen
993 1846 1094 1878 publicis
1107 1846 1221 1870 intabulis
1233 1846 1344 1877 adlegem
1354 1845 1520 1870 honestandam
1533 1846 1653 1878 scripsisset
1661 1865 1669 1876 ‚

897 1887 935 1902 aut
942 1877 1033 1903 forraffe
1040 1879 1111 1902 etiam
1119 1879 1143 1902 in
1151 1885 1179 1901 πε
1187 1877 1255 1901 simul
1262 1885 1316 1901 cum
1324 1876 1370 1908 ipsa
1377 1878 1429 1909 lege
1436 1877 1558 1902 incidisset.
1571 1887 1635 1907 nam,
1642 1886 1670 1904 ut

894 1911 972 1934 dicam
979 1910 1045 1942 quod
1052 1910 1136 1937 sentio,
1144 1908 1247 1940 suspicor
1253 1909 1282 1933 de
1290 1908 1387 1937 mendo,
1396 1909 1436 1933 ubi
1444 1910 1533 1934 §edulii
1540 1913 1633 1935 mentio
1642 1912 1669 1936 fit

896 1943 920 1966 in
928 1950 953 1966 ea
961 1949 1003 1974 pro
1010 1941 1086 1965 domo
1093 1941 1130 1966 sua
1136 1949 1171 1967 c.3
1178 1950 1198 1964 0.
1206 1941 1272 1972 quod
1280 1941 1345 1964 enim
1353 1941 1450 1972 legitur:
1459 1942 1525 1972 ,Qud
1530 1949 1551 1966 re
1556 1944 1669 1972 audacius,

895 1974 936 2005 qui
948 1976 969 1996 in
976 1974 1023 2006 ejus
1033 1982 1107 1996 nomen
1113 1974 1209 1996 mrideris
1216 1977 1226 1996 ,³
1233 1973 1257 1996 id
1265 1980 1314 1996 non
1322 1972 1401 2004 placet.
1410 1980 1459 1997 non
1466 1974 1532 1998 enim
1540 1981 1594 1999 cum
1602 1975 1670 1999 auda-

896 2007 930 2029 cia
937 2004 999 2028 casus
1005 2006 1124 2037 congruit.
1135 2011 1189 2028 nam
1199 2021 1205 2032 ‚
1212 2005 1312 2032 incidere,
1319 2005 1416 2029 verbum
1423 2005 1487 2030 estin
1494 2005 1653 2039 casupofitum
1661 2015 1670 2031 ι

897 2037 988 2061 andacia
995 2044 1051 2061 vero
1059 2037 1185 2061 voluntatis
1192 2036 1231 2060 est.
1246 2044 1295 2060 non
1301 2037 1376 2062 enirn,
1388 2038 1431 2070 qui
1441 2038 1526 2062 incidit
1532 2055 1539 2066 ‚
1549 2038 1621 2063 audax
1628 2038 1669 2067 est,

896 2068 934 2093 sed
942 2070 1078 2100 impudens,
1087 2070 1110 2093 ὅ(
1118 2067 1202 2093 inscius
1210 2069 1329 2099 :quivero
1336 2069 1408 2093 audax
1416 2087 1423 2097 ‚
1436 2071 1455 2094 is
1463 2078 1511 2094 non
1519 2071 1604 2095 incidit
1612 2089 1618 2099 ‚
1630 2070 1670 2096 std

897 2102 1010 2129 incurrit,
1022 2102 1046 2125 δε
1054 2101 1130 2125 irruit.
1142 2108 1212 2133 quare
1219 2099 1394 2132 alitersuspicor
1406 2100 1544 2126 aeicerone
1556 2103 1670 2134 scriptum

896 2132 940 2158 effe
947 2151 954 2160 ,
963 2134 986 2157 δι
995 2132 1056 2157 forte
1063 2133 1105 2157 fic:
1119 2134 1185 2164 Quid
1191 2139 1211 2155 re
1217 2134 1320 2156 audacius
1328 2150 1334 2160 ,
1348 2135 1389 2165 qui
1399 2135 1420 2156 in
1428 2143 1451 2156 ar
1459 2137 1503 2165 esus
1511 2144 1584 2159 namen
1591 2137 1673 2158 incide-

896 2168 934 2189 ris?
942 2166 1004 2197 leges
1011 2166 1110 2190 enimin
1117 2173 1145 2189 :cs
1151 2163 1225 2188 incidi
1232 2165 1309 2189 solitas
1316 2166 1384 2197 paulo
1392 2165 1443 2197 post
1450 2165 1598 2191 docebimus.
1605 2168 1670 2191 Cum

899 2198 972 2229 igitur
978 2197 1006 2220 ab
1012 2205 1042 2221 eo
1051 2215 1057 2224 ,
1065 2205 1138 2222 ouem
1146 2196 1288 2228 magistratus
1295 2195 1344 2229 ipse
1351 2197 1455 2229 primum
1462 2197 1582 2230 delegisset
1591 2216 1596 2225 ,
1604 2197 1672 2221 dein-

899 2229 999 2261 cepsque
1011 2229 1038 2253 ab
1045 2230 1137 2257 aliiseiu
1143 2229 1205 2252 sdem
1213 2228 1301 2257 tribus,
1314 2236 1351 2252 aut
1357 2231 1465 2254 centuriae
1472 2231 1555 2263 perlata
1568 2229 1672 2260 suffragia

900 2267 977 2285 erant:
991 2268 1042 2285 turn
1051 2279 1057 2290 ‚
1071 2260 1182 2292 suffragiis
1190 2261 1214 2284 iu
1222 2267 1344 2293 utramque
1351 2261 1489 2287 sententiam
1503 2262 1673 2289 dinumeratis,

901 2294 926 2317 ε(
933 2301 1017 2318 eorum
1024 2301 1125 2318 numero
1133 2293 1225 2325 punffis
1232 2294 1376 2322 notato‚eius
1382 2293 1466 2322 tribus,
1476 2300 1511 2318 aut
1518 2294 1624 2317 centuriae
1631 2300 1674 2316 vo-

902 2326 978 2349 luntas
984 2325 1166 2357 cognoscebatur
1173 2343 1178 2352 ,
1187 2324 1277 2357 εεςιιεέι
1284 2333 1388 2358 praecone
1395 2325 1578 2350 renuntiabatur:
1592 2327 1615 2350 &
1624 2342 1631 2353 ‚
1639 2332 1676 2349 ea-

902 2356 958 2384 dem
964 2359 990 2385 in
997 2359 1094 2391 reliquis
1101 2357 1207 2384 tribubus
1213 2365 1251 2381 aut
1258 2359 1369 2383 centuriis
1375 2360 1464 2385 ratione
1471 2357 1561 2386 servata,
1570 2358 1593 2383 ὃς
1602 2357 1678 2387 majo-

1217 2393 1323 2424 PPPPP
1340 2399 1353 2416 2
1649 2396 1675 2422 rc
