2075 2734
712 14 725 27 Ι

383 74 393 84 .

383 105 439 133 'Dr
461 114 550 133 Loco
573 106 860 134 CENTURIARUM‚
880 102 1148 134 (ἷοΜιτιοκυΜ,
1170 102 1222 131 διε.
1262 102 1345 130 Cn.
1368 112 1408 131 ιι.
1642 112 1696 147 46¹

125 156 218 184 aad'em
231 152 313 181 etiam
327 151 489 179 metatores:
513 152 585 187 quod
600 150 728 186 probatur
743 159 775 177 ex
787 150 890 185 judicio
902 154 944 184 Sp.
957 150 1030 178 Melii
1044 172 1052 184 ,
1072 151 1145 188 quod
1159 150 1279 180 exercuit
1292 150 1480 190 L..Qintilius
1494 154 1612 184 Dictator
1624 178 1634 191 ,
1653 160 1703 197 qui

123 195 156 222 ad
168 193 194 221 id
207 190 387 220 exercendum
400 189 566 226 potiffimum
580 189 666 216 dietus
679 196 743 215 erat.
766 187 854 215 Livius
866 188 946 223 lib.4.

160 232 202 258 De
214 228 386 266 praetoribus,
406 227 478 264 quod
491 222 590 253 co'mitr'a
603 226 766 260 judiciorum
782 225 938 257 habuerint,
958 225 1072 254 dubitari
1083 226 1158 255 nullo
1171 228 1256 255 modo
1271 228 1364 264 potest.
1406 229 1502 259 Scribit
1516 231 1590 260 enim
1605 233 1697 262 Livius

119 268 166 297 lib.
177 278 223 305 43.
241 267 377 294 Tribunos
391 265 472 301 plebis
484 263 498 291 a
511 263 665 300 praetoribus
679 265 751 292 diem
763 263 871 291 comitiis
883 263 1032 291 centuriatis
1043 264 1146 300 petiiffe
1159 286 1167 297 ,
1188 266 1220 293 ad
1234 266 1412 295 exercendum
1426 268 1568 303 judicium.
1608 272 1699 302 Verba

119 308 177 342 ejus
190 306 249 334 sunt
263 304 318 332 haec
332 315 337 331 2
357 302 472 330 Tribuni
487 301 570 337 plebis
585 301 740 336 Sempronius
756 305 782 330 &
797 301 913 330 Rutilius
925 324 931 333 ,
951 303 1092 338 postquam
1108 301 1133 330 se
1146 303 1359 339 perduellionem
1371 305 1492 341 judicare
1510 310 1702 344 pronuntiave-

120 352 197 376 runt,
217 344 291 371 diem
306 338 417 369 comitiis
430 337 443 366 a
456 347 570 375 praetore
583 339 685 367 urbano
700 341 844 376 petierunt.
881 341 923 367 De
936 339 1067 374 ceqfombus
1087 340 1214 376 nusquam
1229 348 1300 369 extat
1314 363 1321 373 ,
1343 343 1415 379 quod
1430 344 1471 372 vel
1485 345 1695 383 magistratuum,

121 382 163 410 vel
178 382 284 419 legum,
304 379 345 408 vel
356 377 519 414 judiciorum
533 376 631 404 comv'u'a
644 378 794 406 habuerint.
821 379 903 415 Qod
917 385 1007 406 autem
1021 377 1082 414 leges
1097 378 1201 412 censoria
1221 380 1289 414 apud
1304 379 1446 416 scriptores
1468 385 1650 419 reperiuntur,
1667 387 1696 415 id

119 430 174 448 non
188 421 222 448 de
235 417 336 456 legibus
347 413 455 443 comitiis
466 416 612 442 centuriatis
625 415 698 444 latis:
718 416 762 444 sed
776 418 810 444 de
823 426 917 445 eorum
932 415 1167 451 subscriptionibus
1182 436 1188 447 ‚
1208 425 1237 443 ut
1251 421 1333 444 thero
1348 427 1396 453 pro
1411 420 1536 448 Cluentio
1552 443 1560 455 ,
1581 424 1698 453 Aetione

117 468 144 494 7,
158 458 185 485 i„
200 461 327 485 verrem,
348 459 393 480 aut
405 452 581 481 locationibus
594 453 607 481 ὲ
620 453 751 489 censbribus
765 454 840 482 factis
853 462 910 485 ‚tut
924 454 997 482 idem
1011 453 1107 480 alicubi
1120 452 1234 489 appellat
1247 473 1255 484 ‚
1283 455 1488 493 intelligendum
1504 460 1548 487 est.
1589 462 1697 490 Habue-

117 504 181 523 runt
194 503 284 523 tamen
296 493 338 528 jus
351 490 443 527 populi
458 492 572 519 vocandi
586 493 613 519 in
628 502 755 529 campum
774 493 902 521 Martium
916 492 988 520 lustri
1002 491 1136 519 condendi
1151 491 1225 531 causa
1235 511 1241 521 ‚
1263 492 1412 531 testerLtwo
1422 507 1430 521 .·
1449 497 1482 523 de
1498 505 1553 533 quo
1566 499 1636 527 alias.
1696 496 1699 498 ’

156 533 289 561 Hastenus
301 530 384 567 igitur
396 529 427 556 de
441 527 474 556 iis
481 529 602 563 personis,
623 540 680 567 quae
692 531 735 567 jus
749 530 915 559 convocandi
926 529 1057 566 populum
1071 530 1104 557 ad
1118 537 1217 555 comma
1237 536 1380 557 centanam
1395 531 1556 564 habuerunt,
1577 539 1696 574 egimus:

116 571 228 607 postulat
240 570 327 600 locus,
347 576 377 596 ut
391 567 425 594 de
438 568 469 595 iis
482 568 580 601 etiam,
600 567 805 607 quifhffiagium
818 568 945 597 tulerunt,
966 569 1094 596 dicamus.
1122 567 1523 609 Tulerunttautemfiffuxgium
1540 574 1626 608 cives,
1647 578 1693 614 qui

116 610 144 636 in
157 606 281 634 centuria-³
299 604 422 643 descripti
436 611 511 633 erant
525 626 532 636 ‚
552 607 652 643 quique
664 607 707 643 jus
721 606 836 644 suffragii
850 605 981 634 habebant
994 625 1002 635 ι
1023 615 1079 633 non
1095 612 1202 645 tanturn
1218 614 1263 641 qui
1283 614 1311 647 in
1324 605 1388 633 urbe
1403 608 1493 636 Roma
1506 631 1513 642 ‚
1537 610 1580 639 sed
1594 615 1694 648 etiam,

114 647 161 682 qui
175 653 248 673 extra
260 644 365 672 Urbem
381 645 408 671 in
422 643 495 671 Italia
510 642 675 676 habitabant,
696 645 805 673 civitate
818 653 910 673 tamen
925 654 987 672 cum
995 645 1055 679 jure
1060 640 1182 681 fiaeffragn
1197 643 1289 670 donari
1300 650 1383 671 erant.
1422 646 1487 685 Non
1502 649 1578 676 enim
1597 661 1694 681 omnes

112 683 172 712 Itali
186 685 243 719 pari
256 683 316 719 jure
336 683 472 710 civitatem
487 681 695 717 adipiscebantur
708 695 714 710 ;
734 682 779 710 sed
792 683 835 711 alii
846 692 902 710 cum
910 680 1094 721 jurefizffmgit
1107 681 1180 722 ’3¹³¹
1187 679 1245 716 fine
1256 681 1317 714 jure
1324 680 1444 720 suffragn
1458 704 1467 715 ,
1487 687 1559 721 quod
1572 688 1692 724 pluribus

112 721 289 750 declarabitur
303 721 372 748 libro
384 720 415 746 de
426 718 523 747 militia
540 730 547 745 :
573 721 628 758 Qi
644 722 726 758 igitur
745 722 854 749 civitate
867 730 930 748 cum
943 721 1002 757 jure
1013 719 1136 760 ffifflagn
1154 719 1246 747 donati
1260 726 1335 748 erant
1349 740 1357 751 ‚
1385 721 1490 749 etiamfi
1503 723 1533 751 in
1546 726 1620 754 Urbe
1633 739 1690 758 non

111 759 277 791 habitabant,
291 760 337 794 jus
345 756 459 797 ficffragt'i
472 756 612 786 habebant.
1219 795 1232 799 ..

152 799 249 834 Neque
262 804 354 825 tamen
367 805 463 823 ornnes
476 796 557 823 etiam
571 797 643 824 cives
656 817 663 828 ‚
684 798 729 834 qui
742 799 772 826 in
783 796 859 825 Urbe
869 795 1022 824 habitabant
1034 816 1042 827 ,
1062 794 1233 835 jusfitffragn
1245 796 1365 825 comitiis
1384 798 1536 826 centuriatis
1550 799 1694 834 habebant.'

111 837 168 873 Qu
182 837 254 863 enim
268 835 281 863 ὲ
294 833 425 869 censsrtbus
437 834 591 871 ignominiae
603 834 677 863 causa
691 836 851 864 notabantur
865 855 872 865 ‚
893 833 911 861 sl
926 833 1022 871 plebeji
1034 833 1115 861 essent
1128 855 1136 865 ‚
1157 835 1184 861 in
1199 835 1314 863 ceritum
1329 835 1431 864 tabulas
1443 835 1641 874 referebantur,
1656 844 1686 871 id

111 875 164 906 est,
183 873 348 902 adimebatur
363 873 392 899 iis
405 872 446 908 jus
461 871 590 908 suffragii,
613 875 640 900 &
654 873 837 901 referebantur
849 875 876 901 in
890 872 989 901 tabulas
1004 881 1100 899 eorum
1113 872 1214 900 civium
1227 893 1234 904 ,
1255 873 1300 909 qui
1316 883 1349 901 eo
1359 873 1420 909 jure
1432 883 1567 904 carerent:
1588 878 1688 909 fiebant

110 913 192 940 etiarn
205 911 288 938 araris*
297 932 306 943 ‚
325 911 353 939 id
370 910 406 937 est
419 931 427 942 ‚
447 919 502 937 non
519 916 593 937 erant
606 911 718 947 amplius
732 912 759 939 in
773 911 834 939 albo
847 911 972 939 centuriae
985 908 1034 938 suae
1047 921 1052 938 :
1073 909 1170 939 scilicet
1185 911 1218 939 ad
1231 910 1283 938 hoc
1296 932 1304 943 ‚
1324 919 1353 940 ut
1366 912 1438 940 cives
1453 912 1535 942 essent
1541 925 1549 946 3
1571 914 1614 945 sed
1627 925 1687 947 tan-

110 949 273 981 tummodo,
293 957 323 978 ut
334 958 385 985 pro
399 948 484 984 capite
499 946 545 975 suo
559 948 652 976 tributi
667 950 777 977 nomine
791 959 840 977 aera
851 948 1007 985 penderent.

151 988 233 1024 Qod
246 996 310 1016 vero
324 988 406 1015 etiam
419 987 437 1014 ii
452 986 537 1018 cives,
559 987 603 1023 qui
616 987 793 1015 domicilium.
802 989 829 1015 in
838 987 911 1015 Urbe
926 997 981 1014 non
995 985 1140 1018 habebant,
1160 986 1179 1014 fi
1192 988 1305 1016 civitatis
1317 987 1428 1024 plenum
1441 990 1484 1027 jus
1495 993 1688 1029 cumjurefhf-

100 1025 183 1063 fragii
194 1026 282 1062 adepti
295 1026 394 1056 essent,
413 1022 559 1051 centuriatis
572 1024 679 1052 comitiis
692 1024 846 1063 iiiffragium
860 1024 970 1053 tulerint
984 1045 992 1056 ,
1012 1025 1082 1052 testis
1096 1025 1133 1052 est
1146 1024 1215 1053 inter
1231 1025 1295 1053 alios
1308 1026 1391 1054 Cicero
1405 1037 1455 1065 pro
1469 1030 1568 1059 domo,
1588 1032 1615 1058 ὃς
1628 1031 1687 1068 post

107 1065 223 1092 reditum
232 1064 266 1091 ad
273 1063 390 1100 quirites,
405 1062 512 1100 quando
525 1062 558 1090 de
571 1062 677 1090 comitits
694 1063 841 1090 centuriatis
855 1062 1095 1092 revocationis'suae
1114 1062 1146 1089 ab
1159 1063 1239 1090 exilio
1254 1064 1326 1092 causa
1339 1064 1434 1094 habitis
1448 1076 1529 1104 agens
1544 1088 1551 1100 ,
1571 1068 1608 1096 fic
1622 1069 1687 1098 scri-

107 1101 159 1130 bit:
182 1102 277 1130 Nullus
292 1103 319 1129 in
334 1111 429 1129 eorum
443 1100 530 1128 reditu
545 1108 635 1128 motus
649 1102 859 1137 municipiorum
872 1122 880 1133 ‚
901 1103 927 1129 &
941 1100 1107 1129 coloniarum
1122 1100 1206 1128 faetus
1222 1112 1229 1128 ι
1248 1110 1275 1130 at
1289 1111 1334 1129 me
1347 1104 1375 1131 in
1392 1105 1506 1140 patriam
1521 1113 1562 1133 ter
1574 1105 1625 1134 suis
1638 1108 1687 1135 de-

108 1140 186 1168 cretis
198 1139 272 1168 Italia
284 1139 378 1168 cunita
391 1139 536 1166 revocavit.
573 1139 607 1166 Et
619 1138 681 1167 alibi
690 1148 733 1174 pro
745 1139 819 1176 Sestio
834 1151 842 1166 ,·
862 1139 975 1167 Nullum
990 1146 1045 1166 erat
1066 1138 1147 1167 Italiae
1165 1140 1344 1176 municipium
1358 1162 1365 1172 ‚
1385 1142 1455 1170 nulla
1468 1142 1591 1175 colonia,
1612 1145 1683 1173 nulla

106 1177 261 1215 praefectura
272 1199 279 1210 ‚
305 1178 376 1205 nulla
393 1179 489 1204 Romae
501 1175 610 1204 societas
623 1198 630 1208 ‚
656 1178 759 1205 nullum
773 1177 916 1214 collegium
932 1198 940 1209 ,
967 1183 1012 1205 aut
1031 1176 1177 1205 concilium
1192 1197 1200 1210 ,
1225 1185 1270 1206 aut
1281 1179 1396 1206 omnino
1405 1180 1517 1217 *aliquod
1533 1191 1685 1211 commune

107 1214 261 1247 confilium,
282 1216 354 1252 quod
367 1221 427 1242 turn
441 1224 496 1241 non
509 1213 775 1242 honorificentiffime
788 1215 821 1243 de
836 1225 896 1242 mea
905 1214 986 1242 salute
1000 1215 1169 1246 decrevisset,
1192 1217 1243 1243 &Q
1270 1216 1374 1255 Qibus
1388 1226 1419 1245 ex
1433 1218 1498 1246 locis
1509 1220 1684 1257 intelligitur,

106 1253 256 1290 municipes
269 1254 351 1281 etiam
366 1252 490 1282 colonos,
511 1253 537 1279 &
552 1261 610 1283 eos,
632 1253 676 1289 qui
694 1254 721 1280 in
734 1252 894 1289 praefecturis
908 1251 1074 1285 habitabant,
1094 1253 1112 1280 sl
1122 1253 1206 1280 modo
1221 1254 1246 1280 id
1259 1254 1301 1289 jus
1316 1253 1458 1287 haberent,
1479 1256 1634 1294 suffragium
1643 1259 1685 1286 his

104 1289 211 1318 comitiis
223 1290 314 1318 tuliffe.
334 1290 444 1327 Aliquos
459 1297 550 1317 autem
565 1292 713 1328 municipes
726 1311 733 1322 ‚
753 1290 863 1319 colonos
875 1311 883 1323 ,
905 1293 931 1319 δε
944 1290 1112 1327 praestiturus
1127 1292 1223 1327 aliquas
1237 1292 1263 1319 id
1280 1292 1322 1328 jus
1335 1302 1389 1319 non
1403 1292 1519 1321 habuisse
1533 1315 1540 1326 ‚
1561 1297 1682 1325 ostende..

105 1335 149 1356 tur
165 1329 192 1355 in
206 1327 251 1356 lib.
263 1329 295 1355 de
307 1327 403 1355 militm
417 1332 488 1354 Rom.
504 1325 549 1354 ubi
563 1328 596 1355 de
611 1338 704 1356 eorum
719 1330 844 1356 omnium
860 1330 979 1366 origine,
1001 1331 1026 1357 δ’(
1036 1329 1096 1365 jure
1109 1329 1287 1357 differendum
1304 1331 1362 1357 erit.
1390 1331 1423 1358 Et
1438 1331 1477 1358 hx
1492 1333 1601 1369 quidem
1617 1344 1679 1371 per-

104 1366 174 1394 sonae
187 1364 383 1400 habueruntjus
391 1365 519 1403 suffmgtji.
560 1367 656 1394 Praeter
669 1376 711 1394 eas
722 1375 812 1394 autem
827 1367 861 1394 de
873 1366 967 1403 quibus
978 1367 1109 1399 diximus,
1129 1367 1210 1395 etiam
1226 1368 1353 1403 quasdam
1368 1368 1428 1396 alias
1440 1370 1563 1405 personas
1575 1372 1615 1401 his
1629 1383 1676 1401 co-

105 1405 187 1432 mitiis
200 1405 322 1432 interesse
335 1404 468 1439 oportuit,
489 1412 602 1440 quarum
617 1411 722 1432 tantum
736 1405 849 1432 nomina
859 1405 904 1433 hic
917 1403 1043 1432 recitabo.
1081 1404 1256 1443 Causaelenim
1273 1413 1382 1442 propter
1402 1415 1464 1443 quas
1478 1407 1627 1443 adfuerint,
1648 1413 1677 1439 δί

103 1442 169 1479 quid
184 1451 280 1469 eorum
294 1442 428 1472 officium,
448 1439 509 1468 alibi
525 1440 704 1477 explicabitur.
743 1444 860 1471 Fuerunt
872 1451 963 1471 autem
977 1442 1015 1469 illi
1030 1463 1036 1474 ‚
1057 1443 1085 1470 in
1097 1442 1202 1470 comitti:
1221 1443 1331 1480 quidem
1347 1445 1563 1481 magistratuum,
1584 1449 1674 1476 candi-

104 1479 172 1508 dati:
192 1481 220 1507 in
233 1489 330 1517 genere
344 1487 435 1507 autem
448 1480 475 1506 in
485 1478 624 1510 omnibus,
645 1478 798 1512 dirtbitores,
821 1489 959 1519 rogatores,
978 1479 1098 1519 custodes,
1119 1483 1144 1509 St
1152 1488 1283 1514 precones,
1304 1482 1377 1519 quod
1390 1483 1418 1510 in
1431 1481 1599 1520 sequentibus
1611 1486 1675 1523 pro-

103 1516 222 1546 bandum
235 1519 294 1547 erit.
314 1519 405 1555 Itaque
417 1516 460 1545 hic
473 1516 550 1554 hujus
563 1518 655 1555 capitis
669 1518 728 1547 finis
743 1519 806 1548 esto.
1388 1527 1391 1528 ⁷

782 1611 806 1638 C
833 1620 849 1638 A
875 1621 899 1638 ν.
942 1609 1000 1638 XI:

345 1677 399 1710 De
414 1677 478 1710 Ioco
493 1678 715 1719 centuriarum
741 1680 931 1713 comitiorum
940 1706 950 1723 ‚
977 1687 1024 1714 <9⁹
1040 1678 1114 1727 quid
1130 1689 1254 1728 campus
1269 1680 1421 1714 Martius.

161 1760 293 1789 muriam
307 1763 444 1790 tomitiain
457 1763 518 1791 loco
531 1764 687 1801 inaugurato
699 1763 792 1793 haberi
802 1765 958 1802 oportebat,
978 1776 1032 1794 non
1046 1773 1137 1794 tamen
1152 1766 1220 1794 intra
1235 1766 1402 1801 pomoerium
1412 1787 1418 1797 ‚
1440 1765 1483 1794 sed
1498 1771 1585 1798 extra,
1601 1769 1674 1804 quod

179 1800 259 1828 docet
272 1800 389 1838 Agellius
400 1799 448 1828 lib.
465 1812 504 1836 ις.
516 1810 572 1838 cap.
581 1812 623 1837 27.
637 1812 699 1829 curn
713 1804 814 1840 inquit:
833 1805 984 1831 Centuriam
996 1803 1097 1837 comitia
1111 1803 1156 1834 nii]
1171 1805 1308 1840 (imperato
1324 1806 1441 1832 exercitu
1453 1803 1543 1832 haberi
1558 1814 1613 1832 non
1624 1815 1674 1843 po-

101 1842 204 1869 terant,
224 1839 304 1874 idque
316 1839 424 1874 praefidii
438 1839 511 1867 causa
523 1860 530 1871 ,
553 1839 679 1876 quoniam
696 1841 808 1877 populus
821 1841 884 1870 ess'et
897 1844 923 1870 in
937 1841 1066 1880 suffragiis
1081 1841 1195 1869 ferendis
1208 1832 1366 1877 ‘occupatus
1408 1843 1564 1870 Exercitum
1577 1850 1671 1872 autem

100 1882 174 1901 extra
187 1874 289 1903 Urbem
303 1877 429 1912 imperari
441 1876 584 1913 oportebat
599 1899 605 1908 ‚
626 1879 694 1906 intra
709 1878 814 1912 Urbem
827 1881 952 1918 imperari
966 1880 1010 1916 jus
1028 1890 1085 1907 non
1097 1887 1152 1907 erat
1168 1890 1175 1906 ε
1198 1880 1275 1916 ,quod
1288 1879 1431 1916 confirmat
1444 1881 1526 1908 etiam
1541 1881 1610 1923 apud
1625 1881 1670 1910 Lis

99 1910 171 1938 vium
185 1911 228 1939 lib.
239 1923 282 1949 39.
299 1918 340 1947 Sp.
355 1913 511 1949 posthumius
524 1915 615 1949 Confitl
625 1914 666 1942 his
681 1915 768 1944 verbis
782 1928 789 1944 :
810 1919 927 1953 Majorcs
941 1918 1020 1945 vestri
1032 1937 1038 1947 ‚
1060 1926 1094 1944 ne
1114 1926 1161 1943 VOS
1177 1918 1287 1953 quidem
1299 1936 1309 1948 a
1326 1916 1383 1943 *nsfi
1398 1926 1460 1944 cum
1473 1925 1518 1946 aut
1530 1918 1628 1955 vexillo
1641 1920 1669 1949 in

99 1958 160 1976 arce
172 1950 257 1986 posito
270 1951 427 1979 comitiorum
437 1955 508 1987 causa
520 1954 650 1982 exercitus
665 1954 766 1983 edictus
779 1956 841 1983 effet
851 1976 858 1986 ,
877 1964 922 1983 aut
935 1954 1008 1991 plebi
1022 1955 1166 1981 concilium
1183 1954 1283 1981 tribuni
1299 1954 1435 1983 edixiffent
1448 1976 1456 1987 ,
1476 1964 1520 1984 aut
1533 1957 1624 1994 aliquis
1636 1967 1673 1988 ex,

98 1986 294 2024 magistratibus
306 1989 338 2017 ad
351 1991 509 2018 concionem
526 1991 653 2022 vocass‘et,
674 1991 744 2019 forte
755 2000 857 2020 temere
870 1995 943 2020 coire
960 1992 1108 2020 voluerunt.
1130 1992 1300 2019 Manifestum
1314 1990 1376 2019 hinc
1391 1993 1443 2024 est,
1463 2003 1518 2021 non
1533 1995 1670 2026 intra,st‹‘¹l

99 2032 174 2053 extra
187 2024 306 2057 Urbem,
328 2029 355 2055 ὃς
368 2029 476 2063 quidem
492 2030 581 2057 ediCto
593 2030 711 2057 exercitu
723 2029 823 2057 comitia
834 2029 977 2057 centuriata
996 2028 1087 2057 haberi
1099 2029 1219 2065 potuisse.
1261 2030 1337 2056 Locus
1348 2027 1439 2058 autern*
1454 2034 1606 2061 centuriatis
1620 2043 1666 2062 co-

99 2064 183 2091 mitiis
196 2063 337 2091 destinatus
347 2072 402 2094 erat
415 2075 512 2100 cumpus
524 2067 649 2097 Mamm,
671 2076 752 2103 quein
764 2069 847 2094 Cicero
861 2069 925 2095 dicit
934 2066 1119 2096 Consularibus
1133 2066 1254 2103 auspiciis
1265 2066 1473 2105 consecratum?
1485 2070 1546 2107 quia
1559 2071 1673 2108 imperi?

99 2101 250 2128 Consularis
265 2101 382 2138 auspiciis
395 2105 487 2131 onmia
500 2104 555 2132 fere
568 2104 761 2142 peragebantur
773 2127 780 2137 ‚
802 2116 859 2143 quae
870 2105 974 2143 publice
993 2107 1021 2133 in
1034 2116 1068 2133 eo
1081 2114 1178 2142 campo
1196 2104 1252 2132 fieri
1270 2103 1395 2134 solebant.
1410 2109 1414 2113 ’
1433 2108 1517 2140 ,Pauca
1530 2110 1672 2147 itaque‘de'

96 2146 130 2165 eo
142 2138 186 2166 hic
196 2139 257 2166 sunt
269 2140 423 2176 adjicienda.
1328 2146 1330 2149 ’
1494 2145 1495 2149 ’
1600 2178 1602 2181 ,

136 2178 197 2206 Fuit
209 2186 307 2212 campas
318 2178 432 2209 Martius
444 2181 489 2215 qui
503 2180 563 2207 alibi
574 2181 655 2208 etiarn
669 2180 802 2209 Tiberinus
814 2182 910 2209 dicitur
926 2203 933 2214 ‚
953 2182 1026 2210 locus
1044 2189 1119 2210 extra
1130 2180 1227 2209 urbem
1248 2182 1468 2221 Romarn'prope
1481 2186 1669 2220 portam-*Flu*

97 2222 266 2242 mentanam:
286 2216 398 2244 Martius
410 2217 509 2249 dietus,
529 2227 562 2245 eo
575 2219 647 2255 quod
660 2222 744 2246 Marti
754 2221 825 2255 fuer
837 2219 878 2247 vel
892 2220 992 2248 dicatus
1006 2220 1077 2248 esset.
1118 2219 1214 2247 Scrib't
1226 2220 1342 2256 Age-mus
1354 2221 1398 2249 Iib.
1413 2225 1438 2249 6.
1454 2231 1509 2259 cap.
1523 2225 1554 2259 7.'
1566 2234 1629 2253 eum
1649 2224 1663 2252 ὰ

96 2254 164 2286 Cuia
179 2258 203 2280 T
201 2256 300 2281 art-ntia
313 2275 321 2286 ,
351 2256 454 2291 virgine
468 2256 565 2282 Vestali
577 2257 677 2293 populo
692 2260 819 2286 Romano
832 2258 960 2286 donatum
975 2279 982 2289 ‚
1001 2266 1112 2294 propter
1127 2266 1198 2294 quen
1225 2259 1398 2295 ampi-iffimos
1416 2259 1533 2288 honores
1552 2262 1664 2299 populus

96 2290 141 2326 ipsi
156 2290 281 2319 habuerit.
308 2294 374 2319 Sunt
389 2301 478 2320 tamen
493 2295 538 2329 qui
551 2303 612 2319 eum
630 2294 661 2321 ab
677 2299 745 2332 Accq
761 2299 901 2324 Laurentia
915 2317 921 2326 ,
942 2295 1029 2323 scorto
1045 2295 1128 2323 nobili
1141 2306 1145 2321 :
1168 2306 1222 2323 non
1237 2295 1250 2323 ὲ
1264 2298 1327 2331 Cny'a
1341 2296 1462 2325 firmia
1473 2319 1480 2329 ,
1503 2300 1662 2328 testamento

95 2329 194 2363 populo
210 2331 336 2357 Romano
349 2331 531 2360 condonatum
540 2352 546 2362 ‚
555 2331 698 2360 affirment.
719 2334 788 2361 Eum
804 2333 909 2361 fortasse
923 2335 1056 2362 Romulus
1069 2332 1153 2360 Marti
1166 2334 1267 2365 sacrum
1281 2335 1353 2364 fecit.
1376 2337 1441 2363 Non
1457 2337 1529 2363 enirn
1542 2338 1663 2368 traditur,

94 2366 182 2394 servii
196 2368 269 2395 enim
285 2372 309 2395 T
307 2367 379 2400 allii,
403 2370 485 2406 Regis
499 2380 512 2397 v
521 2379 541 2397 1.
555 2377 692 2406 tempore,
713 2371 770 2407 jam
786 2379 844 2400 tum
857 2371 942 2400 Marti
953 2372 1025 2400 sacer
1039 2372 1102 2402 fuit,
1124 2373 1150 2399 in
1164 2382 1250 2410 eoque
1263 2375 1382 2409 'primurn
1396 2373 1506 2402 lustrum
1513 2376 1662 2407 conditum,

1064 2412 1094 2438 M
1102 2419 1167 2438 mm
1192 2422 1202 2447 3
1502 2412 1504 2416 ’
1637 2416 1669 2443 ὅζ
