2075 2734
312 97 604 133 Quznsxut·
645 97 1447 135 TitinuraCoMiria,&c.CAt⁷.1,-.
1616 106 1673 142 469

100 148 239 179 coluerunt
247 148 421 185 Capitolium,
435 151 461 177 δε
469 147 648 186 Qirinalem:
665 145 906 177 caeteriadvemitii,
914 154 943 175 ut
950 147 1061 179 Etrusci,
1071 149 1198 177 Ardeates
1206 171 1213 182 ‚
1226 151 1314 178 Latini
1324 171 1330 181 ‚
1347 153 1374 180 &
1382 151 1500 190 perfugae
1509 162 1604 183 omnes
1611 175 1618 185 ‚
1628 159 1674 193 qui

99 189 132 216 ad
140 186 237 224 asylum
245 186 422 225 confugerant
429 207 437 219 ‚
449 191 556 213 Luceres
569 186 634 213 dicu
643 184 702 212 sunt
709 205 717 216 ‚
726 186 752 212 δε
760 191 870 212 tenuere
877 183 935 211 loca
943 185 1015 225 inter
1024 186 1152 214 Palatium
1163 190 1190 215 &
1198 189 1362 224 Capitolium
1374 190 1450 227 plana
1460 211 1467 222 ,
1482 199 1562 229 atque
1570 194 1674 223 circum

98 226 199 254 forum.
218 225 474 261 Permanseruntquc
481 223 519 251 hae
526 222 606 250 tribus
615 222 695 259 usque
702 223 734 249 ad
743 222 882 259 Tarquinii
889 223 969 250 Priici
978 231 1110 260 tempora.
1131 226 1204 253 Nam
1213 237 1275 254 cum
1290 227 1335 254 sub
1345 229 1414 255 Tullo
1422 227 1524 265 Hostilio
1533 230 1627 259 Albani
1635 233 1673 259 vi-

98 263 134 291 cti
148 264 175 290 in
185 263 377 291 Ramnenfium
387 262 488 289 tribum
497 261 627 301 adscripti,
635 261 778 296 caeterique
785 270 882 288 omnes
892 260 993 296 populi,
1004 263 1048 298 qui
1057 262 1102 289 sub
1113 263 1232 299 Regibus
1241 266 1360 293 Romam
1369 266 1401 293 ad
1410 265 1582 296 habitandum
1592 279 1673 298 vene-

96 309 165 332 rant,
173 309 267 337 praeter
274 301 521 332 Sabinos,Lucerum
528 297 606 325 tribui
619 298 710 326 incluii
719 298 838 330 fuisscnt,
858 298 986 335 Urbeque
995 300 1113 328 multum
1124 301 1207 332 aneta,
1216 302 1254 329 hae
1261 311 1313 330 tres
1320 304 1400 330 tribus
1407 314 1462 332 non
1470 304 1628 338 sufficerent,
1640 310 1673 336 L.

98 340 259 375 Tarquinius
267 339 365 367 Priscus
371 347 503 364 numerum
510 335 622 364 tribuum
633 345 739 373 augere,
748 338 774 364 &
783 337 817 364 de
823 336 850 364 se
859 339 884 365 ὃ(
891 337 946 363 aliis
954 338 1048 365 amicis
1056 341 1199 366 nominate
1208 340 1307 373 volens,
1316 351 1378 370 cum
1389 352 1423 369 ne
1430 343 1456 370 id
1468 342 1574 376 faceret,
1583 345 1614 373 ab
1624 356 1671 374 :au-

89 388 156 416 guse
161 378 244 404 Musio
251 377 558 415 prohiberetur-,veteres
565 374 620 402 illas
629 374 674 402 sub
681 374 791 405 iisdem,
806 374 899 412 quibus
907 375 1066 411 inauguratae
1080 377 1093 403 a
1105 378 1224 404 Romulo
1236 388 1310 407 etant
1319 400 1326 410 ‚
1340 380 1495 408 nominibus
1508 382 1670 419 duplicavit,

94 414 249 452 primosque
257 419 283 445 ὃς
291 413 419 442 secundos
428 411 564 446 Tutienfi’sg
572 414 731 447 Ramnenfts‚
742 415 769 441 δί
776 415 879 439 Luceres
886 410 1034 441 constituit:
1043 414 1125 455 quod,
1132 422 1161 441 ut
1169 415 1216 442 alia
1224 418 1360 449 omittam,
1369 428 1401 445 ex
1410 422 1481 446 Sext.
1492 423 1604 456 Pompey'o
1613 432 1671 450 rna.

94 454 219 481 nifestum
228 454 277 486 est,
285 461 347 479 cum
357 451 447 479 scribit
474 452 525 479 Sex
532 452 616 478 Vestae
623 451 771 479 sacerdotes
779 451 926 478 constitutae
933 458 1008 479 erant
1015 474 1023 484 ,
1036 460 1066 479 ut
1073 451 1187 491 populus
1196 462 1246 488 pro
1255 454 1296 480 rua
1305 464 1406 492 quaque
1414 465 1490 492 parte
1499 457 1609 489 haberet
1616 461 1670 488 mi'.

94 493 202 519 nistram
212 492 355 519 tactorum.
363 489 433 527 Qa
439 489 531 517 civitas
540 491 664 517 Romana
672 491 698 517 in
707 489 748 517 sex
757 497 812 517 erat
819 488 956 517 distributa
962 497 1059 527 partes,
1068 500 1093 515 ιη
1095 489 1360 530 primos‚secu71dolqise
1368 494 1502 529 Titienfi’s,
1511 500 1670 533 Ramnenfts,

94 529 253 563 &Lucet-es.
267 529 371 556 Eodem
381 535 471 555 autem
480 528 565 555 modo
571 529 702 556 centurias
710 528 794 555 etiam
800 528 923 564 equitum
932 528 1109 564 Tarquinium
1117 528 1260 564 duplicasse
1268 549 1275 559 ,
1286 531 1393 559 tradunt
1403 531 1562 571 Dionysius&
1571 535 1669 565 Limus,

133 564 271 605 Tarquinio
283 565 365 601 Prista
380 565 477 593 insidiis
495 565 613 593 filiorum
628 567 696 594 Anci
711 567 802 594 Martii
814 564 830 593 ὲ
849 565 916 592 vivis
937 565 1038 594 sublato
1053 586 1060 597 ‚
1079 565 1182 593 Senias
1198 567 1296 593 Tullius
1318 578 1363 595 νι.
1384 570 1468 596 Rom.
1483 572 1542 600 Rex<
1556 594 1563 604 ,
1584 574 1665 603 aliam

91 604 202 633 tribuum
215 603 372 632 divisionem
389 604 499 631 instituit
512 625 520 636 ‚
545 605 578 632 de
592 613 643 641 qua
656 604 768 641 quidem
781 602 903 631 nonnihil
923 603 1073 640 discrepant
1094 604 1164 631 inter
1183 603 1209 631 se
1227 604 1368 641 scriptores
1389 615 1501 635 veteres.
1538 610 1669 650 Dionysius

89 642 136 670 lib.
148 652 176 678 4.
188 642 224 670 fic
236 641 344 671 scribit:
367 644 502 670 Caeterum
516 642 613 669 Tullius
625 643 766 680 postquam
779 642 882 679 septem
897 642 979 670 colles
991 639 1141 669 antimum
1155 642 1311 679 complexus
1325 644 1362 671 est
1371 665 1377 674 ,
1386 645 1489 673 Urbem
1509 648 1535 675 in
1555 658 1668 686 quatuor

151 690 177 708 es
192 680 295 712 divisit,
315 681 329 708 ὲ
341 680 451 709 collibus
464 682 681 717 cognominatas,
703 681 865 710 Palatinam,
885 679 1044 708 Suburanam
1056 701 1064 710 ,
1084 679 1213 708 Collinam
1227 701 1233 712 ‚
1254 682 1410 719 &qsalmum
1423 703 1430 714 ‚
1452 685 1478 710 ἅ
1493 694 1606 721 quatuor
1620 689 1668 716 tri-

87 719 134 747 but
144 719 196 747 esse
209 718 273 747 fecit
284 740 301 751 ,ν
313 729 371 757 quse
383 719 415 746 ad
429 719 457 746 id
469 720 599 755 temporis
614 727 666 747 tres
680 718 785 746 fuerant
797 739 803 747 .
823 716 933 754 suosque
947 720 1043 753 cuique
1061 717 1162 745 tribules
1181 719 1316 755 adscriplit
1333 741 1340 752 ‚
1360 720 1440 748 divisa
1456 720 1589 752 habituros
1606 736 1667 755 mu-

88 758 147 788 nia,
168 766 218 785 nec
233 764 383 785 mutaturos
395 756 578 785 domicilium:
598 758 648 789 ita,
669 765 698 784 ut
711 758 739 784 in
753 765 856 793 quaque
869 754 977 784 icorsim
991 757 1109 785 delectus
1124 757 1241 785 militum
1255 779 1262 790 ‚
1286 761 1312 788 ὃς
1330 759 1488 786 collationes
1501 761 1664 794 tributorum

88 796 198 827 fierent,
218 805 269 823 nec
282 795 340 831 jam
354 797 430 832 juxta
443 794 498 822 illas
512 795 640 832 generales
657 793 750 823 tribus,
770 802 800 822 ut
811 801 888 822 antea
902 815 910 825 ‚
931 794 973 822 sed
986 795 1065 830 juxta
1078 795 1122 822 has
1140 803 1255 832 quatuor
1267 818 1274 828 ‚
1294 806 1343 834 per
1360 796 1435 824 locos
1456 797 1469 825 ὰ
1489 797 1515 824 se
1533 800 1660 837 digestas,

87 833 129 862 vel
149 832 259 865 locales,
280 834 418 862 ordinabat
431 832 571 864 militiam,
592 832 703 860 tribunis
725 833 752 860 in
767 831 881 869 singulos
895 833 1053 869 praepositis,
1074 835 1127 862 &c-
1147 834 1283 862 Hactenus
1297 835 1349 863 ille.
1390 836 1456 871 Qae
1470 837 1579 874 quidem
1594 850 1661 868 con-

86 871 228 900 firmantur
241 871 255 899 ἐι
265 870 338 899 Livio
351 893 358 903 ‚
378 872 422 909 qui
436 879 527 900 tamen
546 871 658 899 nomina
675 869 788 898 tribuum
802 881 858 898 non
873 871 956 899 addit.
996 872 1078 909 Qod
1099 880 1164 899 vero
1182 871 1299 909 sequitur
1320 875 1347 901 in
1362 871 1475 912 Diotgffio
1490 886 1498 899 :
1524 876 1619 906 Divisit
1634 881 1662 908 ὃς

86 909 239 938 universum
251 918 362 946 agrum,
382 917 411 938 ut
423 907 517 936 fabius
536 908 632 936 author
643 909 678 936 est
689 930 696 941 ‚
715 909 743 936 in
754 917 841 945 partes
853 909 948 946 viginti
962 908 1005 936 sex
1019 930 1026 940 ,
1047 919 1110 947 quas
1125 909 1180 946 ipse
1192 910 1273 937 tribus
1292 912 1415 939 nominat
1428 933 1434 942 .
1456 914 1493 940 ita
1509 920 1539 940 ut
1552 915 1661 953 triginta

85 948 163 979 fiant,
183 947 289 975 urbanis
302 956 416 985 quatuor
428 947 460 974 ad
475 946 518 975 has
531 948 634 976 additis.
674 951 738 974 Caso
751 956 823 976 certe
841 957 884 975 eas
903 955 944 976 tot
964 947 1039 975 fuiffe
1059 949 1124 976 dicit
1138 969 1144 978 ‚
1173 948 1230 984 jam
1247 957 1306 977 tum
1320 958 1449 987 regnante
1462 951 1560 978 Tullio.
1601 955 1661 992 Ego

82 985 205 1014 libentius
215 985 366 1015 accesserim
375 984 493 1017 Vettonia,
513 987 558 1023 qni
569 984 678 1023 triginta
691 985 726 1019 (5-
740 996 819 1013 unam
833 984 912 1025 tribus
923 994 1062 1019 numerat,
1083 987 1165 1015 tacito
1183 988 1239 1024 agri
1253 989 1370 1025 partium
1388 997 1517 1020 numero,
1539 992 1590 1019 &c.
1617 1002 1660 1021 re-

82 1031 183 1061 pugnat
196 1033 259 1051 cum
276 1025 319 1058 iis,
341 1033 399 1062 quae
411 1024 438 1051 in
453 1023 559 1052 historia
573 1025 635 1051 anni
646 1033 746 1052 ccfflx.
763 1023 777 1051 a
789 1023 863 1051 Lim
876 1025 1000 1052 dicuntur
1014 1044 1020 1055 ‚
1041 1032 1100 1052 tum
1116 1026 1238 1060 primum
1253 1027 1387 1063 viginti&
1400 1036 1483 1055 unam
1505 1027 1515 1061 (
1529 1028 1565 1056 fic
1580 1031 1656 1058 enim

81 1062 227 1100 legendum
243 1061 423 1099 effeSsgonius
436 1063 463 1089 in
474 1061 583 1090 Scholiis
597 1062 713 1090 Livianis
727 1070 823 1090 monet
836 1083 842 1092 ‚
864 1072 919 1089 non
933 1063 1166 1100 quemadmodum
1181 1063 1280 1101 vulgati
1293 1064 1353 1092 libri
1367 1064 1464 1094 habent
1477 1087 1484 1098 ‚
1505 1067 1615 1104 triginta
1629 1072 1657 1098 ὅτ,

82 1110 164 1128 unam
175 1102 185 1137 )
209 1100 294 1129 tribus
306 1100 396 1128 factas.
416 1100 520 1127 Carolus
532 1100 650 1138 Sigonius
663 1099 680 1126 l.
692 1111 716 1137 3.
728 1101 762 1128 de
773 1101 864 1136 Antiq.
879 1100 930 1135 jur.
943 1102 995 1129 civ.
1010 1103 1092 1129 Rom.
1109 1110 1166 1137 cap.
1175 1112 1198 1139 3.
1211 1103 1247 1129 ita
1263 1102 1318 1130 haec
1330 1103 1460 1139 explicat,
1481 1112 1511 1132 ut
1520 1105 1590 1134 dicat
1601 1110 1658 1135 Ser.

82 1138 197 1167 Tullium
208 1139 283 1166 aneta
300 1140 400 1166 mirum
413 1140 441 1166 in
455 1139 570 1166 modum
584 1138 730 1166 adventitia
748 1139 921 1167 multitudine
932 1160 940 1170 ,
966 1148 1047 1175 quam
1067 1140 1095 1166 in
1111 1140 1219 1168 tertiam
1238 1140 1333 1167 tribum
1349 1141 1586 1171 Lucerumrscilicet
1600 1146 1658 1172 Ro-

83 1176 173 1204 mulus
186 1178 351 1213 conjecerat,
371 1177 446 1204 audia
458 1177 539 1204 etiam
548 1176 637 1208 Urbe,
656 1185 736 1213 quam
748 1177 910 1213 ampliorem
925 1176 1038 1208 fecerat,
1058 1178 1160 1206 inclufis
1172 1180 1296 1215 pomerio
1311 1180 1414 1207 duobus
1428 1180 1554 1213 collibus,
1573 1182 1654 1210 Vimi-

81 1215 137 1242 nali
150 1216 176 1242 ὅ(
188 1214 327 1253 Estquilino,
348 1221 434 1243 totam
448 1214 576 1242 urbanam
591 1214 791 1242 multitudinem
807 1216 834 1242 in
843 1223 957 1251 quatuor
969 1222 1056 1253 partes
1068 1236 1076 1246 ‚
1097 1216 1240 1244 secundum
1254 1216 1312 1244 loca
1330 1217 1525 1245 habitationum
1539 1240 1546 1251 ‚
1567 1220 1654 1248 distri-

82 1252 180 1284 buiss'e,
202 1261 264 1288 quas
278 1252 292 1279 a
307 1252 410 1280 tributo
423 1251 501 1278 tribus·
516 1251 653 1288 appellarit
666 1272 673 1283 ,
700 1252 828 1289 neglestis
848 1253 897 1280 illis
918 1253 1000 1280 tribus
1018 1253 1131 1281 tribuhm
1151 1255 1314 1292 generalibus
1333 1257 1346 1282 a
1368 1256 1490 1283 Romulo
1511 1257 1654 1291 institutis,

81 1290 164 1327 iisque
176 1292 289 1318 nomina
302 1288 316 1316 a
327 1290 392 1318 locis
403 1289 449 1318 ubi
462 1289 627 1321 habitarunt,
646 1290 768 1318 indidisse
779 1290 950 1321 suburanam,
970 1291 1121 1319 Palatinam
1134 1313 1141 1322 ‚
1163 1292 1336 1331 hssquilinam‚
1359 1296 1385 1322 ὃς
1398 1294 1538 1326 Collinam,
1558 1296 1653 1334 castiue

80 1328 189 1356 urbanas
200 1328 282 1356 tribus
294 1327 450 1357 nominasse.
490 1329 580 1356 Postea
600 1328 716 1356 eundem
736 1328 886 1356 universam
905 1329 1031 1356 rusticam
1048 1330 1250 1359 multitudinem
1264 1331 1291 1358 in
1309 1331 1462 1368 quindecim
1484 1332 1567 1359 tribus
1584 1335 1651 1363 divi.

79 1366 150 1399 fisse,
170 1376 282 1404 quarum
293 1367 406 1395 nomina
415 1367 512 1394 fuerint
527 1365 661 1398 Romulia,
681 1365 820 1395 Lamom‘a.
840 1365 960 1401 Pupinia,
981 1366 1101 1397 Galeria,
1121 1368 1217 1401 Po'llm,
1239 1367 1363 1401 Voltinia,
1382 1370 1497 1402 AEmtlm,
1517 1372 1650 1403 Cornelia,

79 1403 174 1433 Fabia,
193 1405 303 1433 Horatia
315 1425 322 1436 ,
342 1404 462 1431 Menenia
475 1425 484 1436 ‚
506 1402 615 1438 Papyria
626 1424 633 1434 ‚
651 1403 739 1442 Sergia
752 1423 759 1432 ,
782 1403 884 1431 Veturia
897 1425 904 1435 ‚
926 1407 952 1433 ὃς
970 1405 1012 1432 illa
1026 1426 1032 1436 ,
1053 1415 1111 1442 quae
1123 1407 1183 1442 post
1198 1408 1269 1434 die'ta
1281 1407 1317 1433 est
1332 1407 1451 1435 claudia.
1492 1409 1649 1444 imposuisse

79 1449 170 1470 autem
183 1442 301 1470 Servium
314 1442 364 1470 illis
376 1441 503 1470 omnibus
518 1442 629 1469 nomina
642 1441 656 1469 ὲ
669 1442 747 1474 locis,
768 1450 797 1470 ut
814 1443 923 1470 testatur
934 1446 1009 1469 Vtin-o
1023 1454 1030 1470 z
1051 1453 1147 1472 verum
1162 1445 1293 1473 vindicata
1306 1445 1365 1480 post
1378 1447 1404 1473 in
1418 1446 1570 1474 libertatem
1585 1450 1651 1477 civi-

80 1486 149 1512 tate,
170 1481 266 1509 multas
279 1490 371 1508 earum
385 1481 469 1509 veteri
482 1479 575 1507 relicto
587 1481 699 1508 nomine
711 1501 718 1512 ‚
740 1479 878 1507 illustrium
893 1481 993 1517 aliquot
1007 1479 1168 1510 familiarum
1183 1483 1229 1510 fibi
1240 1483 1352 1511 nomina
1366 1483 1496 1512 ascivisse:
1516 1484 1587 1514 hunc
1601 1497 1650 1514 nu,

79 1527 187 1546 merum
202 1520 234 1547 ad
248 1528 347 1547 annum
361 1518 441 1556 usque
454 1527 551 1546 ch11x.
565 1518 684 1547 manfiss'e
698 1539 705 1550 ,
725 1528 780 1556 quo
792 1528 862 1546 anno
874 1519 971 1546 additis
982 1519 1081 1548 duabus
1097 1522 1129 1548 ad
1144 1531 1205 1548 xix.
1228 1522 1324 1559 viginti
1347 1524 1372 1549 ὃς
1388 1530 1438 1548 una
1455 1522 1538 1550 tribus
1558 1525 1650 1553 iactas,

79 1557 169 1592 Atque
182 1557 227 1584 has
240 1558 303 1585 duas
314 1556 411 1588 tribus,
431 1566 488 1594 quae
500 1557 632 1593 prioribus
643 1567 705 1585 xrx.
716 1556 823 1585 fuerunt
835 1556 944 1588 additae,
965 1566 1131 1595 quarumque
1145 1560 1256 1587 nomina
1269 1563 1282 1586 ξι
1297 1559 1371 1586 Livio
1387 1567 1441 1587 non
1453 1559 1512 1588 fiant
1520 1563 1646 1598 expressa,

76 1594 154 1624 fuisse
164 1602 241 1630 putat
254 1594 445 1632 Crustuminum
459 1615 467 1626 ‚
486 1595 539 1622 five
549 1594 734 1630 Clustuminam
747 1617 755 1628 ‚
777 1598 803 1624 ἃ
818 1594 983 1630 Vejemitmm·
1022 1597 1163 1633 Dionysius
1182 1605 1254 1625 certe
1269 1598 1302 1626 de
1315 1597 1418 1632 judicio
1438 1599 1469 1626 C.
1486 1600 1578 1627 Martii
1593 1602 1648 1628 Co-

75 1631 187 1665 riolani,
207 1633 280 1670 quod
295 1633 389 1661 incidit
402 1633 430 1660 in
447 1641 548 1659 annum
562 1633 642 1660 Urbis
654 1643 735 1662 chxr
746 1644 766 1661 1.
787 1632 984 1661 verbaffiaciens
999 1654 1004 1661 .
1026 1636 1120 1672 viginti
1140 1639 1167 1664 ὃς
1180 1645 1261 1663 unam
1282 1635 1365 1664 tribus
1380 1643 1439 1663 tum
1456 1636 1528 1664 fuiffe
1547 1637 1648 1667 scribit.

75 1671 206 1710 sigonium
224 1671 341 1708 sequitur
354 1669 496 1704 onuphrius
515 1670 532 1697 l.
551 1680 576 1698 2.
596 1672 865 1698 Commentariorum
884 1671 994 1707 reipubl.
1015 1674 1099 1701 Rom.
1118 1674 1168 1702 nifi
1187 1675 1259 1711 quod
1280 1684 1341 1702 xx1.
1363 1673 1485 1702 aServio
1503 1675 1647 1708 institutas,

77 1719 141 1746 quas
152 1709 242 1745 postea
254 1718 325 1737 anno
337 1718 434 1736 cchvx
444 1719 465 1735 1.
481 1708 629 1746 completas
644 1709 719 1736 fuiffe
735 1709 870 1736 affirmare
884 1709 968 1738 malit.
1008 1711 1075 1748 Qae
1094 1712 1175 1739 Alex.
1189 1712 1367 1747 neapolitanus
1382 1711 1398 1737 l.
1417 1722 1436 1738 1.
1457 1712 1561 1741 Genial.
1580 1715 1648 1742 dier.

76 1757 134 1784 cap.
152 1757 191 1782 17-
203 1749 229 1775 ὅ(
242 1747 325 1780 joach.
339 1745 468 1773 Perionius
480 1746 496 1773 l.
513 1757 536 1774 2.
556 1748 590 1775 de
607 1748 724 1784 Magistr.
740 1749 823 1775 Rom.
839 1750 866 1776 δί
881 1749 968 1776 Graec.
987 1749 1021 1776 de
1039 1749 1157 1778 tribubus
1177 1749 1334 1787 scripserunt
1346 1771 1352 1781 ,
1373 1749 1449 1776 valde
1470 1751 1599 1787 impedita
1617 1754 1646 1781 &c

76 1784 184 1814 confusa
193 1785 261 1813 sunt.
280 1785 418 1813 Dederunt
432 1792 522 1812 autem
537 1785 567 1813 iis
582 1786 686 1813 errandi
698 1785 801 1813 causam
815 1786 950 1822 depravati
962 1786 1075 1815 Liviana
1088 1788 1201 1817 historiae
1213 1790 1317 1817 codices
1331 1798 1337 1814 ι
1357 1787 1399 1814 sed
1413 1788 1444 1814 ad
1460 1787 1539 1815 tribus
1556 1798 1647 1817 rever-

73 1832 172 1854 tamur.
191 1823 325 1851 Hactenus
336 1825 419 1861 igitur
432 1833 495 1851 xxi.
508 1822 623 1851 fuerunt.
644 1826 724 1852 Anno
735 1833 799 1852 vero
812 1834 912 1853 ccc‚xv
919 1836 938 1852 1.
959 1835 993 1853 ex
1003 1828 1086 1854 novis>
1094 1828 1198 1856 civibus
1213 1834 1308 1864 quatur
1323 1824 1402 1852 tribus
1421 1826 1516 1853 additae
1527 1848 1533 1858 ,
1553 1828 1646 1856 Stellass

75 1861 149 1891 tina,
169 1862 338 1889 Tromentina
358 1862 404 1897 (in
418 1861 532 1898 vulgatis
545 1862 740 1899 exemplaribus
752 1862 881 1890 mendose
896 1862 1008 1892 habetur
1022 1866 1171 1895 Pomatina,
1192 1866 1260 1901 apud
1274 1865 1382 1892 Florum
1395 1864 1561 1900 Prometimz)
1582 1865 1646 1893 Sub-¹

77 1900 182 1930 basma,
201 1898 330 1938 Arniensis
345 1921 352 1932 ,
377 1909 439 1928 xxv.
453 1909 598 1928 numerum
611 1901 761 1937 explevere.
799 1902 841 1929 Sic
863 1905 936 1929 enim
955 1902 1043 1937 potius
1063 1904 1133 1938 apud
1148 1902 1255 1930 Livium
1267 1903 1310 1930 lib.
1328 1905 1354 1929 6.
1373 1901 1517 1938 legendum
1529 1923 1537 1934 ‚
1559 1913 1643 1941 quam

74 1947 156 1966 xxxv.
168 1943 198 1964 ut
210 1937 308 1973 vulgati
319 1937 379 1965 libri
390 1938 497 1966 habent.
537 1938 637 1965 Rursus
649 1949 722 1966 anno
735 1949 841 1967 cccxcv.
861 1941 926 1967 teste
945 1940 1041 1967 eodem
1064 1939 1137 1967 Livio
1157 1941 1175 1968 1.
1189 1951 1212 1976 7.
1235 1941 1292 1968 duae
1304 1939 1388 1968 tribus
1399 1940 1494 1968 additae
1507 1942 1641 1976 Pomptina

75 1978 103 2005 &
117 1973 237 2001 Publilia:
258 1984 328 2002 anno
338 1975 426 2011 postca
437 1985 452 2003 c
470 1986 564 2004 ccxxi.
586 1976 599 2003 ἐι
612 1976 763 2005 censoribus
779 1977 852 2004 Pabl.
867 1978 967 2004 Philone
987 1979 1013 2005 &
1027 1981 1070 2011 Sp.
1087 1977 1226 2013 Posthumio
1244 1978 1301 2005 duae
1320 1976 1404 2005 tribus
1422 1986 1533 2015 propter
1550 1989 1639 2009 novos

74 2015 146 2042 cives
157 2012 302 2040 censendos
316 2014 410 2041 additae
423 2033 430 2044 ,
451 2013 535 2041 Maria
549 2016 575 2042 &
586 2018 695 2048 Scaptia.
735 2016 800 2041 Dua:
813 2016 896 2042 etiam
909 2015 992 2043 tribus
1003 2035 1010 2045 ‚
1037 2015 1158 2051 mentum
1173 2037 1179 2047 ‚
1197 2025 1227 2043 ac
1241 2013 1357 2042 Falerina
1371 2036 1379 2047 ‚
1403 2024 1474 2043 anno
1494 2026 1638 2046 ccccxxxv.

76 2055 102 2081 ὃ(
117 2060 187 2078 anno
201 2060 327 2078 ccccmv.
345 2050 516 2079 &censoribus
529 2057 558 2079 P.
571 2053 714 2087 scmfflonio
728 2053 821 2087 Sopho,
848 2056 873 2080 ὃς
891 2058 919 2079 P.
933 2051 1037 2086 sulpitio
1053 2057 1194 2080 A1·err10ne
1214 2053 1300 2080 rurfiis
1319 2054 1375 2081 duae
1396 2054 1480 2082 tribus
1491 2075 1499 2087 ‚
1522 2054 1639 2092 Anienfis

73 2093 101 2119 ὃς
121 2091 274 2116 Tarentina·
312 2089 435 2117 Tandem
454 2099 525 2118 anno
544 2100 594 2118 oxi
607 2101 626 2117 1.
646 2091 702 2118 ‹iuae
718 2090 801 2118 tribus
819 2091 914 2118 additae
926 2112 934 2122 ‚
957 2090 1058 2123 Velina,
1080 2094 1106 2119 ὃ(
1124 2093 1238 2129 Qirma
1255 2100 1333 2119 xxxv.
1345 2101 1499 2120 munierum
1519 2094 1644 2130 expleve-

71 2137 145 2156 runt:
168 2128 214 2164 qui
232 2136 359 2153 numerus
376 2128 480 2164 integer
498 2128 579 2165 usque
597 2129 630 2157 ad
649 2137 768 2157 extrema
787 2129 933 2166 reipublicae
952 2137 1076 2166 tempora
1093 2130 1250 2164 penetravit.
1271 2129 1358 2156 Florus
1378 2130 1505 2166 Epitoma
1516 2131 1577 2159 libri
1594 2142 1638 2169 19.

70 2169 120 2194 Hae
139 2166 222 2194 tribus
240 2173 335 2192 omnes
353 2165 440 2192 divine
458 2165 563 2194 fluerunt
582 2168 609 2194 in
628 2166 734 2193 urbanas
755 2170 782 2196 ὃς
800 2166 911 2203 rusticas.
949 2168 1009 2194 Fuit
1026 2174 1114 2194 autem
1134 2167 1186 2195 hoc
1204 2168 1273 2195 inter
1292 2177 1334 2196 eas
1352 2167 1515 2201 discrimen,
1535 2178 1565 2197 ut
1584 2172 1641 2206 pri-

71 2205 124 2232 mis
142 2204 253 2240 quidem
273 2202 456 2239 temporibuS,
476 2204 580 2231 urbanis
598 2205 718 2233 tribubus
736 2205 774 2237 ii,
794 2206 840 2242 qui
853 2205 968 2236 Urbem,
989 2205 1090 2233 rusticis
1108 2213 1198 2233 autem
1219 2207 1252 2235 ii,
1271 2208 1316 2244 qui
1334 2216 1378 2233 rus
1396 2205 1537 2239 haberent,
1559 2217 1635 2236 com‘

71 2241 307 2278 prehenderentur.
347 2241 428 2278 Qod
452 2251 484 2268 ex
504 2242 590 2269 verbis
614 2242 722 2281 Dionjfit
736 2264 743 2275 ‚
777 2253 833 2280 quae
853 2243 928 2279 supra
947 2244 1059 2272 recitata
1070 2243 1140 2272 sunt
1151 2265 1158 2275 ‚
1193 2244 1362 2272 manifestum
1382 2245 1426 2272 est.
1468 2246 1534 2274 Inde
1559 2247 1635 2274 enim

70 2279 251 2317 cognoscitur,
272 2286 396 2316 tempore
415 2280 498 2306 Servii
511 2279 593 2308 Tullii
611 2281 718 2309 urbana
736 2281 817 2309 tribus
838 2281 910 2308 fuiss‘e
928 2290 1039 2314 eorum,
1058 2283 1103 2319 qui
1116 2283 1233 2310 Urbem:
1252 2282 1352 2321 rusticas
1370 2282 1477 2310 illorum
1498 2285 1542 2321 qui
1562 2293 1638 2316 rura,

71 2319 99 2347 &
117 2319 226 2356 quidem
246 2317 349 2345 colendi
370 2316 443 2344 causa
461 2316 599 2346 haberent:
618 2319 669 2352 ita,
688 2328 718 2348 ut
737 2319 816 2347 tribus
834 2319 899 2347 nihil
921 2320 1004 2351 aliud,
1025 2329 1105 2358 quam
1121 2329 1181 2354 pars
1201 2321 1284 2358 aliqua
1301 2321 1368 2348 uJbi‘s
1389 2322 1430 2349 vel
1447 2323 1503 2359 agri
1519 2323 1637 2349 Romani

71 2356 152 2389 estet,
176 2365 260 2394 eaque
277 2355 470 2384 habitationem
487 2354 652 2394 sequeretur,
672 2360 700 2388 δι
718 2365 822 2387 mutata
840 2357 1004 2387 habitatione
1016 2379 1023 2389 ‚
1043 2366 1190 2387 mutaretur
1202 2380 1210 2392 ‚
1229 2360 1326 2398 quique
1345 2361 1374 2388 in
1391 2361 1460 2397 agris
1473 2380 1482 2394 ,
1506 2360 1589 2388 iidem
1593 2361 1644 2425 aliu

986 2398 1013 2425 N
1021 2406 1071 2425 nn.
1085 2408 1098 2435 3
1618 2399 1641 2433 ἐξ
1651 2416 1660 2417 e
