2075 2734
494 89 558 121 Di:
597 93 723 131 June
762 91 1302 130 PnrvAro,&c.CAr=·xf.
1641 102 1697 142 627

101 148 257 196 presidibus}

276 144 443 181 civitatibu'e,
461 152 492 177 ut
503 147 530 176 st
542 145 621 175 rebus
633 143 761 173 omnibus
774 145 806 173 ad
823 145 880 181 ejus
893 144 954 174 belii
970 147 1231 177 administrationem
1248 148 1397 179 necessariis
1409 141 1544 187 juvarentss
1574 155 1699 190 Afionius

105 193 238 223 Pedianus
252 192 280 219 in
295 188 496 220 Cornelianam,
518 185 625 220 Vellqjas
638 183 683 211 lib.
695 193 719 211 2.
740 185 791 211 Dio
804 184 850 213 lib.
860 186 904 222 38.
924 184 1077 215 Plutarchus
1090 188 1118 216 in
1133 188 1283 226 Pompejo,
1303 190 1385 217 Cicer.
1399 190 1433 218 de
1447 190 1507 229 lege
1522 193 1645 230 Manilia,
1666 196 1694 227 in

103 240 169 263 orat.
182 231 250 269 post.
263 229 342 258 redit.
356 229 385 257 iu
398 226 480 256 senat.
491 228 558 262 App.
574 224 603 252 in
613 221 810 254 Mithridatico,

757 285 911 320 Manilia
934 285 997 320 lex.

139 356 254 384 Biennio
266 353 339 392 post,
358 355 398 379 M.
409 347 510 377 AEmilio
523 348 629 384 Lepido,
648 352 680 376 L.
694 347 803 376 Volcatio
816 349 890 376 Tullo
902 349 973 377 Coss]
981 348 1071 386 legem
1083 350 1146 380 tulit
1160 355 1191 380 C.
1201 350 1327 381 Manilius
1341 351 1455 382 tribunus
1467 354 1558 392 plebis.
1578 357 1618 385 Ut
1627 356 1690 387 beili

102 394 276 423 Mithridatici
290 389 482 420 administratio
495 390 545 415 Cn.
560 389 675 422 Pompejo
687 387 860 415 mandaretur
875 398 879 414 :
907 389 946 416 Ut
961 389 1100 424 provincia
1115 391 1237 419 universa
1252 411 1259 423 ‚
1289 393 1332 420 cui
1352 396 1382 420 L.
1397 393 1514 421 Lucullus
1528 394 1686 432 praefiierat,

100 441 239 469 omneque
252 430 328 467 jpfius
341 427 487 463 imperium
502 447 511 459 ‚
532 427 665 454 exercitus
680 428 707 455 &
722 427 805 462 copiae
819 428 931 460 Pompegjo
944 428 1071 454 darentur
1084 439 1089 455 z
1113 430 1139 457 ὃς
1154 428 1205 457 hoc
1219 430 1332 465 amplius
1344 430 1468 467 Bithynia
1481 432 1671 470 adjungeretur
1680 456 1689 468 ,

101 472 145 499 cui
158 468 259 498 Glabrio
271 473 392 505 piaeerat:
413 464 495 492 classis
510 465 576 492 item
586 485 593 496 ,
615 467 641 493 ὃς
650 465 733 529 copiae
745 473 841 492 omnes
855 465 1013 495 maritimae,
1034 474 1098 506 quas¹
1106 466 1161 502 ipse
1175 468 1252 495 initio
1265 467 1324 494 belli
1331 468 1431 502 piratici
1444 469 1583 499 habuerat:
1593 481 1690 501 omnes

98 516 224 545 Praeterea
232 503 374 541 provincia,
394 502 488 540 quibus
503 502 562 531 solis
573 503 625 540 lege
641 506 680 530 Ga
697 502 750 530 ima
763 512 819 530 non
833 502 986 538 praefuerat,
1007 503 1115 541 Phrygia
1126 525 1132 535 ,
1154 505 1282 536 Callatia,
1304 507 1440 543 Iffcaonia,
1458 509 1625 543 cuspidatim
1644 510 1689 538 ci-

99 546 171 576 lits-a,
194 543 303 573 Colchis
315 541 449 579 superior,
470 544 496 570 δε
506 542 643 569 Armenia.
663 540 715 568 Cir.
727 550 778 577 pro
793 540 853 578 lege
870 541 993 574 Manilia,
1016 541 1146 570 Plutarch.
1159 544 1187 571 in
1200 544 1347 580 Pompcjo,
1369 546 1475 579 Appian.
1489 548 1517 574 in
1525 548 1689 578 Mithridati-

101 594 151 617 co,
171 583 257 611 Floras
270 581 341 618 Epit.
359 590 419 608 ¹00.
460 579 510 607 Dio
524 579 569 607 lib.
589 582 630 617 36.
652 580 717 607 Non
731 579 804 607 male
821 580 853 607 ad
872 578 919 606 has
933 580 967 607 de
982 589 1011 607 re
1026 580 1137 608 militari
1157 581 1228 619 leges
1243 581 1361 609 retulero
1374 588 1500 612 Marciam
1514 585 1545 612 de
1559 587 1689 621 Statellis,

99 631 179 660 quam
194 621 311 648 tulerunt
326 623 367 646 M.
379 616 492 645 Marcius
509 623 596 645 Sermo
607 639 615 650 ‚
634 621 670 656 Ε
686 617 799 645 Marcius
812 617 880 657 Sylla
896 639 904 650 ‚
924 617 966 645 vel
979 617 1072 656 Scylla,
1092 618 1192 648 tribum·
1206 619 1289 656 plebis
1299 641 1305 651 ‚
1326 624 1356 649 C.
1370 621 1471 656 Popillio
1486 627 1600 654 Lauare,
1622 625 1687 653 Pub.

97 658 177 688 Anio,
190 657 247 697 five
262 656 335 685 Allio
354 656 447 695 Ligure
460 657 532 684 Cois.
546 666 616 684 anno
634 665 745 684 roxxci.
766 663 795 684 ut
810 656 856 694 qui
871 666 903 685 ex
918 656 1034 684 Statellis
1047 677 1054 689 ‚
1077 657 1191 694 Liguriae
1210 657 1318 695 populis
1332 680 1338 690 ,
1359 660 1456 689 deditis
1476 662 1503 689 in
1517 662 1684 696 libertatem,

95 697 229 725 restitutus
240 704 303 724 ante
315 695 376 724 Kal.
391 694 511 722 Sextileis
523 696 623 732 primas
636 704 691 722 non
704 693 781 726 esset,
801 695 876 730 cujus
890 694 955 723 dolo
969 694 1042 723 malo
1056 696 1077 723 is
1092 696 1119 723 in
1132 695 1291 725 iervitutem
1299 698 1422 731 venisset,
1433 706 1462 726 ut
1473 699 1686 736 juratusftnatus

95 736 265 767 decerneret,
286 735 331 772 qui
346 742 405 761 eam
419 742 477 761 rem
493 740 637 771 quaereret,
658 733 948 770 animadverteretque.
975 732 1068 761 Livius
1081 733 1153 762 libro
1165 744 1212 771 42.

763 809 787 836 C
815 820 831 836 A
862 819 886 837 Ρ.
927 810 1000 838 XV.

331 874 382 906 De
389 872 460 918 jure
470 872 614 920 privato,
641 876 688 904 ω’
699 871 836 918 primum
859 868 897 903 de
912 869 1209 918 mannmiffionibus,
1236 877 1283 905 Θ*
1301 871 1432 908 libertis.

92 953 184 1015 DE
202 953 261 990 jure
274 950 382 988 publico
394 950 521 979 haetenus
534 951 665 981 diximus,
686 949 803 987 sequitur
818 951 970 986 privatum,
992 950 1026 978 de
1040 960 1094 988 quo
1108 958 1201 979 tamen
1217 960 1306 987 pauca:
1320 952 1406 981 adhuc
1421 955 1591 990 reperiuntur
1605 955 1687 994 leget.

181 994 242 1019 Hoc
255 991 341 1026 capite
355 998 411 1021 eas,
430 999 488 1025 quae
501 990 535 1017 de
549 988 799 1018 manumissionibus
811 991 841 1028 ⁴&
856 988 957 1016 libertis
968 997 1076 1020 extant,
1097 989 1303 1018 recensebimus.
1330 993 1396 1020 Sunt
1409 1000 1500 1021 autem
1516 994 1585 1027 istae,
1605 1000 1683 1024 Man.

90 1029 143 1064 lia,
163 1028 255 1062 Furia,
277 1027 405 1061 Canium,
425 1027 525 1066 Juliu,
546 1026 614 1055 AElia
626 1026 732 1057 Semia,
752 1031 832 1059 Junm
845 1025 978 1059 Norbana,
998 1026 1109 1063 Pappia,
1130 1027 1172 1061 ξς
1187 1027 1292 1064 Vfillia,

764 1098 903 1132 Manlia
928 1098 942 1131 l
943 1110 990 1131 ex.

131 1162 230 1192 Manlia
243 1161 256 1190 a
270 1164 320 1190 Cn.
331 1162 430 1190 Manlio
443 1161 584 1198 Capitolino
598 1159 722 1197 Imperioso
740 1172 749 1189 1
759 1172 781 1190 1.
796 1161 858 1190 Cos.
870 1171 934 1190 cum
948 1164 979 1187 C.
992 1159 1088 1188 Marcio
1103 1161 1191 1202 Rutilo
1200 1182 1207 1194 ‚
1226 1171 1299 1191 anno
1314 1173 1439 1193 cccxcvi.
1455 1164 1506 1194 lata
1522 1166 1568 1197 est,
1594 1168 1633 1196 Ut
1647 1167 1667 1197 ii
1672 1169 1682 1203 ᾖ

93 1202 139 1241 qui
151 1203 422 1233 manumitterentur,
443 1201 613 1231 fortunarum
626 1200 733 1228 suarum
746 1200 902 1227 vicesimam
916 1200 1009 1227 aerario
1022 1200 1125 1228 darent.
1146 1203 1236 1228 Livius
1248 1201 1326 1238 Iib.7.

706 1271 805 1303 Furia
831 1271 968 1303 Caninia
994 1271 1056 1304 lex.

133 1332 239 1361 Furiam
252 1332 391 1362 Caniniam
405 1334 504 1365 tulere,
525 1339 554 1361 ut
567 1334 692 1370 opinatur
705 1336 924 1364 Hottomannus,
946 1337 975 1359 P.
985 1330 1078 1359 Furius
1091 1331 1229 1364 Camillus,
1249 1337 1281 1361 C.
1289 1332 1412 1362 Caninius
1425 1336 1513 1365 Gallus
1526 1338 1598 1368 Con:
1608 1348 1680 1369 anno

95 1379 175 1400 13ch
183 1383 204 1400 1.
225 1375 262 1401 Ut
275 1374 302 1400 in
317 1373 476 1401 testamento
490 1381 521 1399 ex
536 1372 620 1400 tribus
630 1372 711 1399 servis
725 1382 779 1399 non
795 1371 881 1408 plures
897 1381 977 1408 quam
991 1371 1058 1399 duos
1073 1392 1080 1403 ,
1103 1372 1296 1400 manumittere
1310 1372 1388 1401 liceat
1401 1395 1409 1405 ,
1431 1374 1512 1412 usque
1525 1377 1558 1404 ad
1582 1379 1680 1408 decem

90 1409 232 1438 dimidiam
246 1420 350 1447 partem
365 1422 370 1438 :
392 1413 405 1439 a
419 1412 529 1439 decimo
543 1410 624 1447 usque
637 1411 668 1438 ad
684 1411 807 1447 triginta,
829 1411 936 1438 tertiam
947 1417 1053 1446 partem
1072 1429 1079 1440 ,
1107 1417 1136 1437 ut
1148 1417 1240 1437 tamen
1255 1410 1341 1439 adhue
1355 1411 1471 1450 quinque
1488 1417 1679 1446 manumittere

89 1446 167 1476 liceat
181 1458 255 1485 aeque
270 1457 298 1477 ut
312 1459 345 1477 ex
357 1450 441 1486 priori
454 1458 582 1476 numero:
602 1448 615 1475 ὲ
630 1449 740 1485 triginta
756 1448 838 1485 usque
852 1449 884 1476 ad
901 1456 1027 1479 centum,
1049 1454 1170 1484 quartam
1179 1455 1297 1485 partem,
1319 1459 1393 1487 aeque
1408 1458 1436 1479 ut
1449 1451 1542 1480 decem
1557 1463 1588 1482 ex
1595 1457 1680 1491 priori

89 1495 206 1514 numero
220 1487 325 1515 liberari
337 1489 435 1523 poffint
450 1498 457 1513 ι
483 1487 497 1514 ἰι
510 1494 620 1514 centum
635 1487 716 1523 usque
729 1487 762 1514 ad
777 1488 938 1524 quingentos
953 1506 960 1517 ‚
986 1492 1092 1522 partem
1113 1487 1235 1522 quintam
1251 1487 1374 1515 fimiliter
1388 1509 1395 1520 ‚
1422 1496 1452 1517 ut
1465 1500 1497 1518 ex
1510 1493 1681 1523 antecedenti

92 1533 208 1552 nu1rcro
221 1525 435 1562 vigintiquinque
446 1525 544 1561 poffint
559 1525 616 1551 fieri
628 1523 703 1551 liberi
716 1534 721 1550 z
744 1525 893 1561 eademque
906 1524 1025 1560 praecipit
1038 1545 1046 1555 ,
1066 1533 1100 1550 ne
1110 1524 1199 1558 plures
1212 1526 1341 1557 omnino,
1362 1536 1442 1563 quam
1458 1536 1568 1556 centum
1582 1540 1614 1559 ex
1629 1542 1678 1560 cu-

90 1561 211 1598 jusquam
223 1564 382 1591 testamento
394 1563 471 1591 liberi
486 1563 557 1590 fiant.
585 1562 686 1589 Eadem
702 1562 744 1591 lex
757 1571 846 1595 cavet,
868 1570 898 1591 ut
909 1562 1043 1590 libertates
1056 1561 1135 1589 servis
1149 1563 1309 1592 testamento
1324 1565 1488 1593 nominatim
1504 1567 1609 1597 dentur.
1635 1570 1679 1598 Ul-

85 1597 178 1633 pianus
190 1600 274 1629 Instit.
288 1602 329 1630 tit.
338 1609 362 1629 1.
381 1601 478 1628 Paulus
491 1603 645 1635 &tutent-4.
665 1602 723 1635 Cajz
738 1601 929 1629 institutiones.
1674 1603 1677 1604 ⁷

792 1669 894 1716 Julia
918 1671 978 1704 lex.

128 1731 229 1765 juliam
246 1731 307 1760 tulit
320 1735 371 1759 Cn.
386 1731 510 1761 oc‘i‘avius
523 1731 664 1770 Augustus.
695 1735 734 1761 Ut
749 1733 902 1770 Imperator
915 1753 923 1765 ‚
944 1741 1007 1761 cum
1021 1731 1128 1761 servum
1143 1733 1313 1763 manumittit
1326 1753 1334 1765 ‚
1354 1743 1410 1762 non
1425 1734 1571 1762 vindietam
1584 1734 1674 1773 impoL

90 1779 182 1803 neret,
201 1769 244 1798 sed
260 1770 418 1807 {impliciter
431 1771 545 1799 liberum
560 1773 611 1799 esse
621 1772 736 1808 juberet.
776 1771 873 1799 Paulus
884 1772 901 1800 1.
915 1772 984 1808 apud
999 1780 1062 1798 eum
1080 1781 1122 1807 ¹4·
1134 1771 1162 1800 ff.
1175 1773 1209 1800 de
1223 1772 1376 1800 manumiss.
1397 1774 1458 1810 Qa
1471 1771 1529 1810 lege
1544 1781 1599 1801 tam
1615 1784 1672 1803 ma-

91 1809 254 1841 numiisoris,
276 1819 355 1844 quam
371 1809 525 1838 manumissi
539 1817 645 1839 aetatem
659 1811 796 1843 definivit,
815 1810 928 1848 juraque
940 1809 1035 1848 quibus
1053 1812 1160 1848 patroni
1174 1810 1297 1840 adversus
1311 1809 1420 1841 libertos
1434 1819 1585 1845 uterentur,
1605 1822 1673 1851 00¹¹:

87 1847 180 1876 stituit.
199 1851 249 1876 Dm
265 1846 309 1875 lib.
317 1858 366 1884 55.

718 1889 828 1924 eAElia
853 1890 961 1922 Sentia
985 1888 1046 1922 lex.

129 1947 221 1976 AEliam
232 1949 347 1977 Sentium
360 1950 443 1980 tulere
455 1955 528 1978 Sext.
543 1949 620 1978 AElius
635 1955 716 1979 Carus
726 1973 733 1982 ‚
759 1956 791 1979 C.
804 1951 905 1979 Sentius
919 1951 1073 1978 Saturninus
1092 1953 1164 1979 Coss.
1179 1961 1250 1980 anno
1270 1960 1397 1982 ioccrvr.
1419 1953 1457 1980 Ut
1471 1953 1516 1990 qui
1531 1952 1598 1982 servi
1610 1955 1670 1991 poej

90 1996 131 2014 nae
143 1987 218 2014 causa
231 1989 314 2016 vineti
327 1989 340 2016 a
352 1990 479 2021 domino,
499 1990 627 2027 quibusve
640 1991 728 2017 inustae
743 1997 813 2018 notae
826 1990 946 2021 fuerant,
966 1990 1046 2027 quive
1058 1997 1170 2026 propter
1183 2000 1282 2017 noxam
1296 1991 1377 2022 torti,
1386 1991 1546 2020 nocentesve
1560 1993 1671 2026 inventi,

90 2026 171 2062 quive
188 2027 291 2058 traditi,
312 2036 341 2055 ut
354 2027 441 2060 ferro,
460 2037 505 2056 aut
522 2027 584 2056 cum
599 2029 684 2056 bestiis
696 2029 880 2066 depugnarent
891 2049 898 2058 ,
920 2028 999 2064 quive
1019 2029 1048 2055 in
1060 2028 1176 2056 custodia
1189 2027 1294 2055 fuissent
1307 2040 1312 2056 :
1333 2031 1350 2057 ii
1364 2029 1383 2056 fi
1398 2031 1668 2064 manumitterentur,

91 2073 147 2091 non
160 2063 229 2091 cives
240 2066 372 2098 Romani,
393 2066 437 2094 sed
452 2067 636 2095 dedititiorum
649 2077 764 2096 numero
779 2067 872 2095 essent:
892 2066 919 2093 id
935 2066 985 2098 est,
1007 2074 1036 2095 ut
1051 2076 1138 2104 neque
1152 2067 1333 2100 connubium,
1354 2077 1439 2104 neque
1453 2070 1668 2102 commercium,

88 2111 177 2138 neque
190 2103 342 2132 testamenti
354 2104 498 2133 fazstionem
512 2106 650 2134 haberent·

129 2142 167 2168 Ut
180 2142 316 2169 minorem
330 2143 440 2180 triginta
457 2153 590 2172 annorum
610 2144 715 2172 servum
741 2142 870 2177 uindidia,
890 2150 937 2172 aut
956 2141 1104 2182 testamento
1117 2164 1125 2176 ‚
1152 2143 1198 2172 nisi
1214 2143 1288 2172 causa
1306 2145 1374 2181 apud
1394 2144 1532 2173 confilium
1545 2146 1670 2182 probata,

89 2180 284 2208 manumittere
297 2191 352 2208 non
366 2182 466 2209 liceret.

129 2217 174 2245 Ne
188 2218 314 2248 dominus
326 2220 399 2247 annis
415 2221 510 2257 viginti
525 2223 629 2254 minor,
641 2222 766 2257 ſsimum,
784 2221 831 2250 nifi
844 2220 918 2250 causa
933 2221 1002 2259 apud
1016 2221 1154 2249 confilium
1171 2222 1296 2259 probata.
1319 2223 1531 2251 manumitteret.

129 2256 168 2283 Ut
181 2255 270 2284 servus
283 2258 316 2284 ab
335 2268 368 2285 eo
383 2258 498 2286 domino
513 2280 519 2289 ,
539 2260 585 2297 qui
596 2259 724 2290 solvendo
739 2272 794 2289 non
808 2261 845 2288 est
857 2282 864 2293 ,
884 2262 1043 2289 testamento
1056 2261 1124 2289 iiber
1138 2261 1188 2288 effe
1202 2261 1284 2298 jussus
1296 2281 1304 2293 ‚
1325 2263 1350 2290 ὅ(
1367 2261 1439 2288 hares
1451 2260 1581 2299 instetutus
1591 2278 1600 2290 ‚
1621 2259 1668 2291 etfi

90 2294 182 2322 minor
197 2294 226 2323 fit
240 2297 349 2333 triginta
362 2298 449 2328 annis,
471 2298 512 2325 vei
526 2299 554 2326 in
570 2307 599 2325 ea
613 2300 689 2328 causa
703 2309 732 2330 ut
745 2300 881 2329 dedititius
895 2299 951 2327 fieri
966 2299 1078 2332 debeat,
1100 2300 1165 2327 civis
1181 2302 1337 2331 Romanus,
1358 2301 1383 2328 ὅ(
1396 2298 1477 2328 haeres
1491 2301 1530 2328 lit.

132 2334 214 2371 Qod
230 2334 248 2361 fi
262 2339 330 2364 ouo,
350 2335 471 2372 pluresve
487 2337 563 2364 liberi
577 2357 583 2367 ,
603 2335 750 2367 haeredesve
764 2339 815 2366 effe
827 2339 887 2375 jussi
900 2337 972 2370 sunt,
992 2339 1084 2375 primo
1096 2338 1158 2366 loco
1168 2338 1293 2375 scriptus,
1312 2337 1373 2365 liber
1387 2338 1429 2371 ῥῷ
1442 2339 1511 2366 hares
1520 2337 1564 2375 fit.

132 2373 170 2400 Ut
184 2371 203 2400 fi
216 2381 343 2410 patronus
356 2373 476 2403 libertum
488 2385 583 2411 mopem
599 2384 655 2406 non
667 2377 775 2412 aluerit,
796 2378 918 2416 primum
929 2376 1059 2445 libertaiztkr»
1063 2376 1146 2447 1⁴eausa
1158 2377 1302 2416 impositis,
1323 2384 1381 2417 tam
1393 2376 1462 2415 ipse,
1482 2385 1563 2414 quam
1576 2377 1613 2409 is,
1634 2376 1669 2405 ad

976 2417 1003 2445 K
1103 2425 1119 2445 2
1588 2424 1673 2453 quem
