2075 2734
392 110 444 145 756
669 99 1491 139 AuriQur’rAru'MROMANARUM
1533 104 1666 132 Limx.

387 158 456 186 {oliti
471 156 577 184 fuerunt
591 154 690 193 gestare
705 155 732 183 in
747 157 845 191 capite:
867 152 910 183 sed
926 155 1007 183 etiam
1024 155 1119 183 ereetae
1133 154 1240 183 fuerunt
1254 153 1415 189 triumphales
1429 154 1542 181 columna
1556 175 1563 188 ‚
1585 157 1611 183 ὃς
1620 154 1725 190 statua,
1745 164 1816 184 arcus
1829 158 1968 195 triumpha-

386 196 434 227 les,
454 195 565 229 trophaea.
591 201 669 230 atque
681 193 729 220 alia
744 201 928 221 monumenta.
969 193 1042 231 Qin
1057 195 1084 222 &
1098 193 1150 221 hoc
1169 193 1294 221 ufitatum
1310 193 1383 221 fuisse
1403 195 1438 221 ait
1461 191 1557 219 leius
1577 193 1644 221 libro
1661 204 1694 231 35
1727 203 1782 230 cap.
1799 205 1825 223 2.
1845 199 1884 225 Ut
1898 200 1965 228 aedes

387 240 547 261 ornamenta
560 231 726 264 triumphalia
740 232 809 259 circa
824 232 916 260 limina
929 231 1088 268 acciperent.
1130 232 1172 259 Sic
1185 231 1257 258 enim
1272 231 1362 259 scribit
1377 243 1381 258 :
1403 231 1466 259 Alite
1486 231 1551 258 foris
1572 234 1598 260 &
1620 233 1688 268 circa
1701 231 1793 260 limina
1809 235 1964 265 animorum

387 269 539 307 ingentium
552 270 679 306 imagines
694 278 766 296 erant
782 291 788 300 ,
808 270 892 298 affixis
906 269 1022 297 hostium
1039 269 1141 307 spoliis.
1163 279 1219 306 quae
1231 279 1280 297 nec
1295 271 1411 305 emptori
1425 269 1570 305 refringere
1585 269 1675 297 liceret
1689 281 1693 295 :
1715 271 1968 311 triumphabantque

388 311 470 337 ctiam
486 309 603 336 dominis
617 309 724 334 mutatis
739 306 797 343 ipsae
811 309 923 335 domus:
944 310 970 335 ὅ(
986 308 1041 336 erat
1057 308 1111 336 haec
1128 307 1272 335 stimulatio
1285 308 1392 344 ingens,
1413 307 1631 343 exprobrantibus
1646 308 1722 335 tee'tis
1736 311 1855 344 quotidie
1870 312 1966 340 imbel-

391 346 446 374 lem
463 348 605 375 dominum
627 346 725 372 intrare
744 348 771 372 in
786 345 902 374 alienum
922 345 1118 382 triumphum.-
1139 350 1179 373 De
1197 345 1314 372 columnis
1330 344 1525 384 triumphalibus
1538 365 1544 373 .
1567 348 1593 374 ὅ(
1609 347 1697 373 statuis
1716 346 1815 374 leius
1831 348 1899 376 libro
1918 361 1961 387 34.

390 386 476 421 capite
488 395 513 419 5.
525 387 549 411 6.
567 386 592 411 ὃς
609 393 632 418 7.
654 385 681 410 δε
697 382 809 410 Valerius
822 386 955 412 Maximus
973 385 1042 412 libro
1059 393 1082 410 2.
1104 385 1190 420 capite
1206 394 1230 419 ς,
1256 385 1297 410 De
1309 382 1412 410 arcubus
1429 383 1618 417 trmmphalaebus
1632 384 1668 411 ita
1681 384 1770 412 scribit
1783 389 1900 423 Georgtus
1914 392 1965 416 Fa-

390 423 480 450 batim
492 423 518 448 in
532 421 574 449 sua
590 422 695 453 Roma,
715 430 771 458 cap.
791 432 832 457 ¹4·
854 425 937 450 Arcus
950 423 1017 451 olim
1033 422 1142 450 honoris
1156 420 1313 458 virtutisque
1328 420 1402 449 causa
1415 421 1495 448 ereffi
1511 421 1569 449 sunt
1583 422 1613 448 iis
1623 442 1631 453 ,
1653 423 1698 459 qui
1712 424 1828 450 externis
1841 425 1965 461 gentibus

389 460 514 489 domitiS,
536 458 674 496 lingulares
689 459 812 487 vistorias
825 462 916 497 patriae
928 469 1093 498 pepererant.
1132 461 1155 487 Ii
1169 460 1289 496 primum
1299 460 1376 487 rudes
1390 461 1415 488 ὃς
1428 459 1559 494 simplices
1573 459 1694 488 fuerunt.
1716 469 1777 488 cum
1793 465 1901 497 praemia
1912 466 1964 492 vir.

390 498 452 526 tutis
466 497 621 528 effennnon
634 497 788 526 ambitionis
802 498 932 528 lenocinia
944 509 950 525 :
963 500 1049 528 seculo
1063 498 1233 527 insolentiore
1245 506 1424 525 monumenta
1438 497 1610 525 vietoriarum
1625 500 1652 526 ἃ
1665 498 1867 534 triumphorum
1884 510 1965 537 pom-

390 545 423 571 pa
437 537 463 563 in
478 536 507 562 iis
521 535 608 563 inciffi.
649 536 730 563 Erant
744 546 787 565 aut
800 537 927 569 latericii,
947 546 977 566 ut
994 538 1106 565 Romuli
1121 548 1125 564 :
1147 541 1192 564 aut
1206 546 1237 563 ex
1249 536 1308 563 rudi
1321 535 1407 571 lapide
1420 535 1549 572 quadrato
1564 556 1570 567 ‚
1590 543 1619 563 ut
1637 536 1744 563 Camilli
1762 547 1768 563 ε
1787 547 1831 566 aut
1847 548 1878 567 ex
1892 551 1963 567 mar-

389 584 470 605 more,
493 580 522 601 ut
537 573 644 601 Caesaris
658 575 684 601 in
699 574 775 601 foro:
795 574 875 612 Drusi
885 585 947 604 cum
961 575 1084 612 trophaeis
1098 576 1126 603 in
1138 575 1179 602 via
1195 575 1295 611 Appia:
1318 574 1426 609 Trajani
1441 574 1468 600 in
1482 573 1601 608 ejusdem
1615 573 1692 601 foro:
1714 576 1852 608 Gordmm',
1873 579 1900 605 in
1914 580 1962 606 Vi-

389 613 481 640 minali
496 631 502 641 ‚
531 610 651 638 Gratiani
665 633 672 643 ,
701 613 767 640 item
783 611 909 650 Theodqsii
922 636 928 645 ,
958 623 1013 641 non
1024 614 1104 651 longe
1118 613 1130 640 ὲ
1145 614 1186 640 via
1198 611 1352 648 triumphali
1365 622 1370 638 :
1392 612 1489 639 deinde
1508 613 1589 639 etiam
1605 612 1706 649 reliqui.
1745 617 1863 642 Arcuam
1874 616 1963 650 forma

388 650 507 686 primum
523 657 578 677 erat
590 648 789 686 semicircularis
802 671 809 682 ‚
831 653 900 678 unde
916 654 942 680 δε
957 661 1057 679 nomen
1068 650 1173 686 fornicis
1186 651 1289 686 accepit
1301 660 1307 677 ε
1321 649 1410 684 fornix
1428 651 1510 676 etiam
1526 648 1654 677 Fabianus
1671 650 1685 677 ἐι
1705 651 1837 679 Cicerone
1849 653 1965 684 dicitur,

388 688 433 724 qui
449 687 462 714 ’ἐι
477 688 589 715 Victore
603 697 677 716 arcus
691 687 816 715 Fabianus
829 690 993 718 nominatur.
1035 690 1126 717 Postea
1137 689 1267 728 quadram
1283 709 1289 718 .
1311 689 1347 716 ita
1361 696 1390 717 ut
1404 689 1431 715 in
1448 688 1540 716 medio
1552 688 1639 724 ampla
1651 687 1714 714 ess'et
1728 697 1805 725 porta
1819 691 1961 725 fornicata,

390 728 416 754 δί
429 735 460 754 ex
473 727 528 763 ejus
542 734 656 763 utroque
668 726 748 754 latere
767 727 822 754 alise
834 735 917 763 portae
932 729 1052 756 minores
1065 728 1168 755 additae.
1209 727 1280 754 Intra
1298 727 1392 754 mediae
1406 734 1490 762 portae
1504 725 1636 753 fornicem
1654 724 1766 753 VidJoriae
1779 727 1852 754 alata
1863 738 1964 766 pepen-

387 764 484 791 derunt
498 787 504 796 ,
525 774 581 801 quse
595 765 710 792 demisib:
723 785 730 796 ,
751 765 847 793 vietori
859 765 1003 795 transeunti
1018 775 1147 794 coronam
1163 766 1343 801 imponerent.
1386 766 1416 792 In
1431 764 1564 801 superiore
1577 773 1651 792 arcus
1665 771 1740 799 parte
1754 764 1834 801 spatia
1850 766 1919 800 sunt,
1934 769 1962 796 in

388 802 481 838 quibus
506 803 607 839 aliquot
634 803 758 830 homines
772 824 779 834 ‚
819 803 859 831 vel
887 805 932 841 qui
957 805 1026 834 tubis
1053 811 1178 832 canerent
1190 825 1197 835 ‚
1238 803 1279 830 vel
1307 803 1353 839 qui
1375 803 1492 838 trophaea
1514 802 1623 840 inlignia
1647 802 1809 831 ostentarent
1827 825 1850 836 ‚.
1870 805 1964 833 stetisse

388 840 580 868 existimamur.
618 842 682 868 Haec
698 840 896 877 magnificentia
910 842 1014 880 Augtestt
1026 842 1206 877 temporibus,
1226 842 1267 868 v‘el
1282 841 1361 876 paulo
1375 849 1436 868 ante
1451 842 1541 875 coepit.
1577 842 1650 868 Nam
1666 840 1815 877 dtstcaefiiris
1825 852 1885 869 arcu
1906 845 1965 871 Ser-

389 878 446 905 vius
463 889 468 904 z
495 879 528 906 de
542 878 620 905 Drusi
638 879 770 906 Suetonius
786 890 792 906 :
820 881 853 907 de
874 881 1051 912 Germanici,
1080 882 1106 908 ἃ.
1125 879 1240 907 Neronis
1259 878 1372 906 Tacitus.
1415 880 1559 906 Novitium
1574 879 1626 906 hoc
1645 879 1787 907 inventum
1802 880 1838 908 ait
1851 880 1964 911 Plinius.

389 925 445 943 non
459 918 530 952 quod
544 928 618 946 arcus
632 927 694 946 ante
706 916 838 945 Caesarum
853 925 977 953 tempora
990 929 1044 946 non
1058 918 1156 945 fuerint
1169 939 1175 949 ‚
1197 917 1239 944 sed
1255 917 1326 953 quod
1341 917 1384 944 tali
1399 924 1495 943 ornatu
1510 926 1564 943 non
1578 916 1684 944 fuerint.
1725 918 1908 954 Antiquiffimi
1928 920 1963 948 de

388 953 483 991 quibus
498 964 569 984 extat
579 956 692 993 aliquid,
713 954 772 982 sunt
786 963 850 983 tres:
872 957 969 984 novitii
981 965 1070 984 autem
1087 954 1187 984 Plinio,
1208 954 1285 982 nobis
1298 962 1416 987 veteres,
1436 955 1560 991 quinque.
1587 955 1720 982 Hac‘tenus
1735 954 1870 984 Fabricius.

428 994 541 1025 Trophaea
559 1002 633 1021 erant
652 1002 746 1026 corpora
765 1001 854 1020 trunca
873 1002 928 1020 cum
941 993 1033 1028 spoliis.
1073 994 1114 1021 Sic
1132 994 1206 1020 enim
1226 993 1299 1020 idem
1321 992 1448 1019 Fabricucs
1467 992 1501 1019 de
1520 991 1641 1028 trophaeis
1662 993 1741 1020 Marii
1759 993 1869 1021 scribit:
1890 995 1964 1024 Inter

390 1029 490 1066 templa
504 1033 530 1058 S.
546 1032 648 1060 Eusebii
661 1052 669 1066 ,
691 1032 718 1058 sc
733 1032 758 1057 S.
773 1032 870 1069 Juliani
885 1032 911 1058 in
926 1030 1061 1068 Esquilino
1071 1052 1078 1062 ‚
1099 1031 1185 1058 moles
1198 1031 1313 1059 latericia
1327 1050 1333 1060 ,
1354 1031 1381 1057 in
1395 1039 1446 1066 qun
1461 1029 1522 1057 bina
1535 1030 1650 1066 trophaea
1671 1039 1702 1058 ex
1715 1040 1862 1059 marmore.
1899 1035 1966 1063 Sunt

389 1075 479 1095 autem
501 1077 593 1098 trunca
613 1077 725 1106 corpora
744 1078 806 1096 cum
827 1070 914 1106 spoliis
928 1089 936 1102 ‚
968 1079 1085 1107 quorum
1112 1069 1226 1097 alterum
1253 1068 1362 1096 thorace
1386 1066 1527 1105 squamoso
1555 1068 1680 1095 indutum
1693 1088 1700 1098 ‚
1734 1078 1790 1096 cum
1810 1072 1965 1099 ornamentis

388 1106 543 1134 mslttaribur
564 1110 589 1136 &
605 1108 704 1145 clypeis
716 1127 724 1137 ,
761 1113 822 1134 ante
843 1108 868 1136 se
888 1107 987 1135 habens
1006 1109 1135 1145 juvenem
1155 1109 1292 1143 captivum
1307 1126 1313 1137 ‚
1335 1105 1447 1133 brachiis
1467 1106 1500 1133 ad
1519 1112 1626 1141 tergum
1641 1106 1767 1134 revinfitis
1780 1128 1787 1138 ‚
1808 1110 1966 1146 &undique

391 1145 468 1172 alatas
482 1146 613 1173 victorias.
649 1146 767 1174 Alterum
783 1147 863 1174 armis
878 1146 1035 1175 militaribus
1047 1152 1172 1173 ornatum
1184 1166 1190 1176 ,
1212 1146 1282 1172 inter
1295 1153 1352 1181 quae
1363 1144 1449 1181 clypei
1463 1144 1625 1180 inaequaliter
1637 1145 1745 1172 rotundi
1759 1165 1767 1178 ‚
1787 1146 1859 1182 galea
1878 1157 1966 1183 aperta

393 1192 455 1210 cum
470 1193 540 1211 cono
554 1186 580 1212 &
595 1185 684 1215 mistis,
708 1187 733 1212 ἃ
747 1183 826 1212 altera
841 1185 893 1212 fine
908 1185 991 1212 cristis
1004 1183 1097 1212 clausa.
1137 1185 1168 1211 ln
1183 1184 1280 1210 eodem
1295 1183 1358 1210 inest
1373 1183 1462 1211 forma
1475 1181 1624 1218 chlamydis
1637 1202 1643 1213 ,
1671 1184 1697 1209 δε
1712 1183 1760 1210 alia
1774 1186 1893 1220 quaedam
1909 1195 1967 1222 quae

392 1230 530 1249 marmore
544 1223 642 1250 detrito
656 1225 681 1251 ἃ
696 1231 824 1258 corrupto
838 1222 963 1259 cognosci
983 1222 1042 1250 satis
1062 1231 1117 1249 non
1130 1222 1245 1257 possunt.
1284 1225 1371 1249 Locus
1385 1221 1426 1249 ille
1441 1220 1520 1248 hodie
1536 1219 1690 1246 Ctmbricum
1704 1229 1830 1254 vocatur,
1853 1224 1914 1259 quia
1931 1225 1970 1251 de>

391 1259 511 1287 Cimbris
523 1259 536 1286 ὲ
549 1264 579 1286 C.
592 1259 675 1286 Mario
686 1260 802 1296 trophaea
816 1260 858 1288 illa
869 1261 928 1288 sunt
942 1261 1038 1288 ercita.
1080 1263 1195 1287 Areua-m
1208 1259 1398 1294 triumphalmm
1417 1281 1423 1291 γ
1454 1261 1481 1287 &
1496 1259 1653 1292 ''ophaeffl‘um
1673 1258 1763 1287 icones
1777 1268 1836 1287 tum
1849 1261 1876 1287 in
1890 1263 1967 1290 Anti-

390 1298 534 1333 quitatibus
547 1297 691 1333 Gammcii,
713 1307 771 1326 tum
787 1300 814 1326 in
830 1299 962 1327 veteribus
976 1299 1097 1328 nummis
1115 1306 1260 1326 cernuntur
1272 1318 1278 1329 ,
1301 1307 1417 1335 quorum
1431 1306 1512 1324 unam
1526 1304 1606 1334 atque
1626 1295 1737 1325 alteram
1749 1295 1849 1335 subjeci
1864 1307 1968 1328 notatas

432 1373 565 1411 Insculpta
576 1385 681 1414 quoque
702 1376 729 1404 in
744 1376 855 1405 arcubus
867 1375 1059 1412 triumphalibus
1074 1383 1149 1404 erant
1163 1375 1350 1412 posterioribus
1363 1374 1508 1411 praesertim
1526 1373 1694 1416 temporibus
1708 1395 1714 1405 ,
1736 1381 1794 1402 tum
1809 1373 1858 1402 alia
1871 1375 1968 1408 multa,

390 1418 449 1439 tum
464 1412 544 1441 causae
558 1416 584 1442 δε
597 1415 706 1447 merita,
727 1424 777 1450 pro
787 1416 881 1452 quibus
894 1426 967 1443 arcus
981 1415 1111 1443 istiess'ent
1124 1415 1183 1451 ipsis
1197 1414 1325 1446 extructi,
1335 1414 1373 1441 uti
1386 1412 1556 1450 cognoscitur
1569 1422 1600 1440 ex
1614 1413 1786 1449 inscriptione
1799 1422 1868 1440 arcus
1880 1413 1970 1442 trium-

384 1449 467 1484 phalis
479 1452 565 1478 Severi
597 1462 636 1479 uae
651 1452 705 1479 hacc
719 1452 782 1480 fuit:
1212 1476 1215 1478 -

434 1461 736 1516 IMP.CAE}.LUCIO
757 1491 935 1518 SEPTIMIO
957 1492 1074 1519 M.F1L.
1091 1491 1240 1517 SEVERO
1261 1491 1322 1516 PIO
1344 1490 1553 1517 PERTINACI
1573 1490 1661 1516 AUG.
1675 1490 1788 1516 PATRI
1810 1490 1971 1522 PATRIAE,

392 1527 606 1559 PARTHICO,
629 1528 795 1554 ARABICO
813 1549 819 1558 ‚
841 1529 889 1555 ET
911 1529 1108 1556 PARTHICO
1129 1528 1373 1555 ADIABENICO.
1397 1527 1545 1554 PONTIF.
1570 1527 1748 1557 MAXIMO,
1771 1528 1970 1556 TRIBUNIC.

394 1564 547 1591 POTEST.
569 1565 617 1591 XI.
638 1565 713 1592 IMP.
733 1565 783 1592 XI.
805 1567 882 1593 COS.
905 1567 954 1592 ΙΙΙ.
976 1566 1132 1592 PROCOS.
1156 1566 1205 1591 ET
1227 1566 1303 1592 IMP.
1324 1566 1409 1592 CAES.
1432 1567 1470 1592 M.
1492 1565 1679 1596 AURELIO,
1706 1565 1738 1591 L.
1759 1565 1826 1592 Fu..
1848 1567 1971 1593 ANTO-

393 1601 494 1628 NINO
515 1603 602 1629 AUG.
624 1603 683 1629 PIO
705 1603 826 1630 FELICI
845 1604 1044 1631 TRIBUNIC.
1066 1603 1273 1630 FOTESTAT.
1293 1604 1342 1629 Vl.
1363 1603 1442 1629 COS.
1462 1603 1618 1629 PROCOS.
1639 1602 1667 1629 P.
1687 1602 1717 1629 P.

431 1639 587 1667 OPTIMIS
607 1641 921 1676 FORTISSIMISQUE
942 1641 1179 1667 PRINCIPIBUS
1200 1641 1248 1667 OB
1271 1640 1550 1668 REMPUBLICAM
1571 1640 1821 1667 RESTlTUTAM
1834 1660 1842 1672 ,
1867 1641 1970 1669 IMPE-

397 1677 579 1713 RIUMQJE
600 1678 731 1705 POPUL.
751 1679 908 1706 ROMANI
928 1678 1195 1707 PROPAGATUM
1214 1679 1432 1715 INSIGNIBUS
1454 1678 1690 1706 VIRTUTIBUS
1710 1678 1847 1706 EORUM
1869 1680 1972 1708 DOMI.

393 1715 594 1751 FORISQJE.
614 1717 638 1743 S.
659 1717 687 1743 P.
709 1717 803 1754 QR.

434 1754 504 1781 Item
519 1762 550 1780 ex
564 1754 736 1789 inscriptione
749 1764 821 1781 arcus
836 1753 995 1790 triumphalis
1010 1755 1176 1784 Constantini
1196 1756 1268 1783 Max.
1283 1763 1340 1791 quae
1356 1755 1413 1784 talis
1426 1756 1478 1783 est:

434 1792 509 1819 IMP.
533 1794 618 1820 CAES.
639 1793 690 1819 FL.
712 1794 997 1829 CQNSTANTINO
1021 1795 1178 1822 MAXIMO
1199 1794 1226 1820 P.
1249 1794 1276 1819 F.
1300 1796 1479 1820 AUGUSTO
1499 1795 1524 1820 S.
1545 1794 1573 1821 P.
1594 1794 1687 1828 QR.

434 1830 545 1863 QUOD
566 1831 778 1858 INSTINCTU
799 1832 1041 1859 DIVINITATIS
1053 1853 1060 1864 ,
1090 1832 1235 1858 MENTIS
1265 1831 1544 1858 MAGNITUDINE
1572 1831 1655 1858 CUM
1685 1830 1880 1858 EXERCITU
1900 1834 1971 1859 SUO

394 1869 478 1895 TAM
507 1869 555 1894 DE
582 1870 780 1896 TYrcANNO
793 1890 801 1900 ,
837 1870 950 1906 QUAM
977 1870 1026 1896 DE
1054 1869 1158 1897 OMNI
1184 1869 1220 1906 Ε]
1229 1869 1271 1894 US
1300 1869 1496 1896 FACTIONE
1525 1869 1609 1895 UNO
1637 1869 1822 1896 TEMPORE
1848 1871 1970 1907 JUSTIS

394 1906 671 1934 REMPUBLICAM
692 1909 817 1934 ULTUS
838 1908 906 1935 EST
927 1908 1046 1935 ARMIS
1065 1908 1205 1936 ARCUM
1225 1906 1438 1935 TRIUMPHIS
1458 1906 1648 1934 INSIGNEM
1670 1907 1839 1935 DICAVlT.
1860 1909 1977 1936 VOTIS

392 1944 429 1971 X.
450 1945 562 1971 VOTIS
583 1946 646 1972 XX.

434 1983 665 2011 LIBERATORI
686 1984 810 2016 URBIS,
830 1985 1061 2011 FUNDATORI
1082 1985 1243 2021 QJIETIS.

432 2019 463 2046 In
479 2019 597 2056 trophaeo
610 2022 692 2049 etiam
709 2022 832 2055 Alpium,
853 2022 971 2059 elogium
985 2020 1094 2059 Augusto
1105 2024 1224 2051 dicatum
1239 2021 1290 2049 tale
1304 2022 1352 2050 est:

434 2057 509 2084 ΙΜΡ.
530 2060 674 2086 CAESARI
695 2061 777 2088 DIVI
797 2062 825 2087 F.
847 2062 1026 2088 AUGUSTO
1049 2061 1162 2089 PONT.
1184 2062 1278 2089 MAX.
1299 2061 1376 2089 IMP.
1396 2061 1473 2089 XIV.
1493 2060 1690 2088 TRIBUNIC.

434 2094 640 2124 POTESTAT.
661 2098 753 2125 XVII.
773 2100 798 2125 S.
822 2100 850 2125 P.
872 2099 912 2134 Q
929 2100 963 2126 R.

433 2133 543 2170 QJOD
562 2134 646 2170 EJUS
667 2132 806 2163 DUCTU'
820 2137 1080 2174 AUSPICIISQJE
1105 2137 1257 2164 GENTES
1278 2137 1426 2164 ALPINAE
1446 2137 1578 2164 OMNES
1593 2156 1600 2168 ‚
1636 2137 1726 2173 QJAE
1751 2138 1775 2165 A
1796 2138 1894 2166 MARI
1913 2136 1976 2166 SU‘.

393 2169 493 2196 FERO
511 2169 561 2211 'AD
582 2171 758 2201 INFERUM
778 2175 1066 2206 PERTINEBANT,
1087 2177 1153 2203 SUB
1173 2175 1373 2202 IMPERIUM
1389 2176 1417 2201 P.
1439 2176 1475 2203 R.
1494 2175 1686 2205 REDACTAE
1706 2176 1818 2203 SUNT.

433 2210 497 2235 Haec
510 2208 592 2244 igitur
607 2218 709 2237 merces
722 2214 748 2240 ὅ(
762 2213 846 2248 gratia
859 2213 928 2249 apud
943 2215 1084 2241 Romanos
1096 2216 1277 2248 Imperatorum
1292 2213 1384 2240 virtuti
1398 2215 1424 2241 ὃς
1439 2212 1552 2241 fortunae
1564 2213 1615 2241 fuit
1629 2212 1730 2246 habita,
1751 2214 1825 2249 cujus
1835 2213 1900 2246 fuit,
1912 2223 1970 2251 par-

394 2246 445 2274 tim
459 2253 488 2273 ut
503 2246 587 2272 animi
597 2254 668 2275 tanta
681 2250 814 2285 propofita
826 2250 911 2288 gloria
922 2253 954 2279 ad
968 2251 1174 2280 clariffimorum
1189 2250 1340 2279 facinorum
1354 2251 1469 2279 studium
1480 2252 1673 2284 excitarentur,
1692 2252 1791 2288 partim
1807 2259 1836 2279 ut
1851 2253 1972 2280 videren-

395 2289 436 2311 tur
450 2285 511 2326 Deo
524 2283 648 2311 exhibere
660 2288 851 2322 gratitudinem
867 2297 917 2325 pro
930 2290 1068 2317 eventibus
1080 2289 1221 2326 prosperis.
1248 2291 1288 2318 Ac
1299 2289 1476 2317 memorabile
1489 2291 1525 2318 est
1540 2311 1548 2322 ,
1575 2291 1649 2327 quod
1662 2291 1730 2328 apud
1746 2289 1871 2317 Valerium
1883 2290 1972 2316 Maxi-

392 2331 466 2349 mum
479 2321 524 2349 hb.
535 2330 624 2358 z.cap.
634 2333 656 2360 3.
671 2324 704 2350 de
712 2327 762 2351 Cn.
773 2325 858 2352 Fulvio
874 2327 981 2363 legitur:
1003 2328 1073 2355 Eum
1082 2349 1089 2359 ,
1108 2328 1154 2365 qui
1166 2326 1288 2362 triumphi
1301 2327 1435 2355 honorem
1449 2329 1495 2356 fibi
1507 2328 1521 2356 ὲ
1534 2327 1623 2356 senatu
1637 2328 1671 2355 ob
1686 2339 1727 2357 res
1736 2329 1819 2366 gestas
1829 2328 1968 2356 decretum

391 2358 538 2396 spreverat,
556 2363 582 2390 &
591 2362 790 2397 repudiaverat,
800 2363 874 2391 fuisse
885 2365 966 2393 exilio
979 2365 1151 2395 mulctatum.
1170 2366 1253 2395 Causa
1261 2365 1341 2403 hujus
1353 2366 1455 2395 decreti
1468 2366 1534 2399 fuit,
1550 2367 1780 2405 quodindicarunt
1793 2365 1968 2394 insolentiam,

1913 2412 1972 2441 quae
