2075 2734
356 122 428 157 29'4'
651 115 1469 152 AuriQuirnruMRoiiAiiAnum
1509 116 1652 149 LstIV.

399 169 486 197 Nonis
497 166 691 210 Decembribus
705 166 888 205 Faunisestum
902 173 959 195 erat
969 187 976 198 ‚
998 167 1070 204 quod
1080 156 1221 197 *dicebatur
1235 167 1363 197 Faunalia
1380 190 1387 202 ,
1409 171 1516 199 Acrone
1531 174 1557 200 δε
1571 171 1756 210 Porphyrione
1769 175 1938 211 authoribus:

359 210 386 237 εκ*
400 209 426 234 in
440 207 517 243 sylvis
532 215 562 233 ac
577 213 657 242 pratis
672 206 862 235 celebrabatur.
882 206 973 233 Fiebat
988 213 1079 234 autem
1092 210 1178 234 Fauno
1193 215 1222 234 ca
1235 207 1279 235 die
1293 218 1334 234 res
1346 207 1416 236 fiicra
1429 208 1513 237 hoedo
1527 211 1554 238 &
1568 212 1633 239 vino
1647 232 1657 244 ,
1677 214 1751 249 quod
1763 214 1871 246 testatur
1884 219 1946 244 Hex

359 253 412 273 rat.
425 246 469 273 lib.
480 256 504 283 3.
519 244 612 272 Carm-
628 244 680 272 oda
699 248 742 274 13.
755 245 800 272 ubi
813 247 839 273 &c
858 244 958 282 reliqua
972 245 1028 282 ejus
1041 246 1094 274 diei
1110 245 1227 274 solennia
1242 245 1365 282 explicat.
1404 247 1502 276 Versus
1514 248 1572 284 ejus
1588 249 1648 278 sunt
1659 249 1701 278 hi:
1934 260 1938 267 ¹

436 283 465 312 Si
475 293 544 311 tener
552 283 623 318 pleno
636 282 704 310 cadit
719 283 804 310 hoedus
817 293 882 310 anno
890 295 899 310 :
1242 282 1324 323 Festus
1334 284 1362 312 tn
1369 285 1452 320 pratis
1464 295 1538 314 vacat
1550 285 1621 322 otioso

434 327 519 360 Larga
533 331 575 348 nec
587 321 675 355 desunt
688 319 881 356 Venerissodalt
1390 328 1456 352 Cum
1468 323 1526 352 bove
1532 334 1621 363 pagus.

433 364 496 390 Vma
509 368 606 387 cratera
619 369 625 386 :
646 367 719 386 vetus
732 370 778 387 ara
790 360 869 388 multo
930 372 932 376 >
1244 365 1315 389 Inter
1329 361 1446 390 audaceis
1459 363 1531 398 lupus
1544 373 1613 391 errat
1626 376 1717 403 agnos.-

722 399 816 426 Fumat
827 399 905 427 odore.
1244 399 1342 438 Spargit
1355 400 1456 439 agrestis
1469 400 1595 439 tibisy'lva
1603 403 1715 439 frondes.

434 435 515 464 Ludit
527 435 620 471 herbosb
632 444 705 470 pecus
718 447 789 463 omne
808 445 890 471 campo
898 458 906 470 ,
1239 439 1341 466 Gaudet
1353 438 1459 475 invisam
1470 443 1550 475 pepulr
1571 451 1583 466 e
1590 441 1666 479 fossor

434 479 502 502 Cum
519 473 568 502 tibi
582 478 658 501 Nomz
673 476 778 502 redeunt
794 475 953 503 Decembres:
1424 481 1476 505 Ter
1484 479 1547 512 pede
1561 487 1666 508 terram.

395 514 444 542 111.
464 514 526 541 ldus
541 513 715 542 Deceinbrcis
734 513 861 551 Agonalia
876 521 950 542 erant
963 534 970 546 ,
990 514 1055 542 teste
1071 513 1233 543 Kalendario
1252 527 1257 543 :
1278 515 1351 552 quod
1371 514 1406 544 fic
1419 515 1515 544 habet:
1538 519 1570 545 A.
1585 518 1709 556 Agonalia
1733 519 1792 548 NP.
1812 519 1866 550 hoc
1880 522 1935 558 estg

357 550 496 590 Agonalia,
518 551 642 579 chastus
655 553 754 589 primo.
775 554 816 580 De
829 552 992 590 Agonalibus
1008 554 1124 581 diximus
1139 555 1166 581 in
1180 555 1313 592 Januario.

374 630 380 635 ⁶
398 594 436 618 :ss
453 591 502 617 III.
522 590 649 619 Kalendis
662 592 779 629 Januarii
793 591 925 626 Confimlm
939 597 1015 619 erant
1027 613 1035 624 ‚
1056 599 1087 620 ut
1101 593 1292 620 Kalendarium
1312 591 1391 621 habet
1402 611 1410 622 ‚
1438 593 1472 620 de
1485 593 1580 631 quibus
1599 595 1627 623 in
1647 595 1738 624 mense
1758 596 1876 635 Augusto
1896 600 1936 627 di·

354 639 450 657 ximus.

396 669 473 695 XVI.
493 667 621 696 Kalendis
640 668 758 706 Januarii
771 667 920 696 Saturnalia
934 675 1010 698 erant
1023 689 1030 701 ,
1050 669 1084 697 de
1099 669 1193 707 quibus
1213 669 1248 697 ita
1263 668 1455 698 Kalendarium
1470 680 1475 697 z
1502 671 1539 700 G.
1552 669 1606 700 Sat.
1628 670 1702 698 Feriae
1715 674 1848 702 Saturnal.
1881 674 1934 704 hoc

355 707 405 738 est,
425 705 587 737 Saturnalia,
610 708 690 734 Feriae
704 708 819 738 Saturni.

394 744 557 776 Saturnalm,
578 745 664 782 inquit
680 748 756 772 Varro
770 745 815 773 lib.
824 757 850 782 5.
866 746 899 774 de
913 745 1003 784 lingua
1018 747 1128 779 Latina,
1148 747 1218 774 dieta
1231 746 1244 774 ὲ
1260 749 1382 778 Saturno,
1404 746 1476 784 quod
1491 755 1523 773 eo
1536 747 1580 775 die
1594 746 1665 774 feriae
1679 747 1750 783 ejus,
1770 757 1799 778 ut
1806 752 1863 787 post
1881 758 1934 780 ter«

353 783 422 812 tium
440 783 512 810 diem
528 782 619 816 Opalia
632 804 640 815 ,
662 785 737 819 Opis.
760 786 830 812 Sext.
844 786 973 819 Pompejus
988 783 1073 822 Festus
1087 796 1092 811 :
1115 788 1228 813 Saturno
1243 786 1298 813 dies
1313 786 1390 812 festus
1405 784 1551 812 celebratur
1572 785 1663 813 mense
1676 787 1838 820 Decembri,
1861 790 1935 826 quod

354 831 387 850 eo
402 821 463 848 aedis
473 821 510 848 est
522 821 655 849 dedicata:
677 824 703 850 &c
716 823 737 849 is
750 821 858 851 culturae
875 832 1002 860 agrorum
1017 823 1154 859 praesidere
1166 824 1283 857 videtur:
1305 824 1378 861 quod
1392 823 1474 850 etiam
1490 822 1542 850 falx
1556 825 1591 851 est
1608 824 1631 851 ci
1646 824 1761 861 infigne,
1783 828 1835 854 &a
1867 829 1934 855 Fue-

351 867 415 887 runt
435 867 526 887 autem
542 859 689 887 Saturnalia
705 861 792 889 multo
804 869 865 889 ante
879 863 1001 889 Romam
1015 862 1151 889 conditam
1166 863 1192 889 in
1210 862 1283 890 Italia
1295 883 1302 893 ,
1330 862 1477 898 quinetiam
1492 862 1520 888 in
1534 863 1635 889 Graecia
1648 863 1779 891 celebrata
1792 883 1799 893 ,
1820 864 1854 892 de
1868 874 1934 903 quo-

353 907 414 925 rum
436 898 540 934 origine
560 897 668 925 Macrob.
682 898 727 926 lib.
747 910 768 927 1.
788 899 916 927 Saturnal.
931 909 987 936 cap.
999 910 1023 936 7.
1039 906 1091 927 tres
1104 899 1217 928 diversas
1231 909 1355 929 veterum
1370 900 1536 936 Scriptorum
1551 900 1692 928 sententias
1706 901 1825 930 recenset
1840 914 1845 930 :
1872 913 1935 941 qua-

351 945 413 963 rum
429 934 515 969 prima
535 936 571 963 est
586 957 593 967 ,
619 937 691 973 quod
710 936 857 964 Saturnalia
878 937 891 965 ἐι
905 941 974 976 Jano
988 959 995 970 ‚
1021 947 1101 974 quem
1116 940 1240 966 Saturnus
1255 948 1317 966 cum
1332 938 1380 965 alia
1393 959 1400 970 ‚
1426 946 1485 965 tum
1500 938 1688 974 agriculturam
1702 940 1829 967 docuerat
1843 961 1849 972 ‚
1876 943 1934 978 post

352 974 409 1009 ejus
429 973 534 1002 obitum
556 973 656 1002 fuerint
674 976 799 1003 instituta.
839 976 934 1003 Altera
948 976 1019 1013 quod
1034 977 1046 1003 ἐι
1062 976 1205 1004 comitibus
1221 977 1343 1005 Herculis
1357 976 1389 1003 ab
1409 976 1466 1012 ipso
1480 977 1507 1003 in
1523 977 1595 1004 Italia
1608 976 1706 1005 reliffis
1720 997 1727 1008 ,
1755 979 1816 1014 quia
1830 979 1937 1007 Saturni

351 1013 464 1040 nomine
485 1022 515 1040 ac
529 1012 659 1050 religione
672 1014 722 1041 tuti
738 1013 752 1040 a
767 1014 902 1041 latronum
917 1014 1107 1042 incursionibus
1119 1014 1224 1044 fuerant
1236 1036 1243 1047 ‚
1270 1015 1340 1042 sacra
1353 1014 1408 1042 haec
1422 1015 1468 1051 ipsi
1484 1014 1600 1042 instituta
1614 1014 1663 1043 sint
1673 1035 1681 1047 ,
1707 1022 1737 1042 ut
1750 1016 1783 1042 ad
1797 1017 1933 1051 majorem

351 1052 531 1078 reverentiam
546 1051 599 1087 ipsa
619 1052 712 1079 indicii
728 1052 783 1079 festi
797 1051 947 1080 observatio
960 1053 1071 1089 agrestes
1087 1053 1236 1080 vicinorum
1251 1053 1356 1080 animos
1370 1062 1486 1082 vocaret.
1528 1051 1617 1079 Tertia
1632 1053 1682 1084 est,
1703 1054 1776 1089 quod
1791 1053 1804 1081 ὲ
1823 1054 1936 1093 Pelasgis

351 1089 378 1117 in
392 1089 491 1117 Delum
507 1089 618 1117 insulam
633 1089 739 1121 delatis,
760 1099 791 1117 ex
807 1089 938 1126 Apollinis
951 1091 1059 1119 oraculo
1073 1099 1116 1118 ara
1131 1093 1238 1118 Saturno
1253 1091 1353 1122 erem,
1374 1094 1399 1119 &c
1416 1091 1510 1118 festum
1521 1111 1527 1121 ,
1548 1100 1601 1127 quo
1615 1090 1685 1118 lacra
1698 1090 1744 1127 ipfi
1758 1091 1867 1124 fierent,
1888 1096 1934 1121 Sa-

349 1128 463 1154 turnalia
479 1129 619 1155 nominata
632 1127 691 1156 fint.
732 1128 814 1156 Addit
825 1129 925 1156 ibidem
943 1128 1062 1165 Pelaigos
1074 1125 1195 1166 primum
1211 1131 1350 1156 Saturnum
1362 1129 1479 1157 victimis
1492 1128 1614 1156 humanis
1627 1128 1736 1165 placaffe
1750 1148 1757 1160 ‚
1784 1129 1816 1157 ab
1831 1132 1934 1159 Hercu-

348 1165 373 1193 le
399 1167 488 1201 postea
513 1167 633 1194 monitos
645 1187 652 1197 ‚
678 1174 707 1193 ut
726 1165 812 1194 faustis
831 1166 961 1195 sacrificiis
979 1166 1089 1194 infausta
1108 1174 1244 1194 mutarent
1258 1187 1264 1197 ‚
1290 1167 1402 1194 accensis
1419 1167 1564 1194 luminibus
1582 1168 1699 1194 eundem
1719 1166 1826 1195 coluiffe
1838 1189 1846 1199 ‚
1871 1171 1948 1198 inde.

351 1213 460 1231 morem
481 1214 529 1241 per
546 1203 693 1231 Saturnalm
711 1204 868 1232 missitandis
882 1206 963 1233 cercis
977 1205 1092 1240 coepisse.
1135 1203 1307 1231 Saturnalibus
1322 1204 1414 1231 crebra
1427 1205 1552 1230 convivia
1565 1204 1698 1240 agitabant
1711 1225 1718 1235 ‚
1747 1207 1774 1233 8<
1789 1207 1936 1236 mittebant

350 1241 397 1269 sibi
411 1243 527 1270 invicem
543 1249 602 1270 tum
617 1241 665 1269 alia
680 1251 805 1274 munera,
825 1252 882 1280 quae
897 1242 1068 1270 Saturnalitia
1081 1242 1251 1273 dicebantur,
1271 1249 1333 1269 tum
1348 1242 1429 1269 etiam
1444 1250 1550 1271 cerem,
1565 1241 1605 1268 vel
1614 1250 1674 1268 eam
1682 1242 1717 1268 ob
1725 1243 1843 1273 causam,
1858 1247 1933 1281 quod

349 1281 490 1307 Saturnum
509 1280 655 1308 luminibus
675 1280 789 1308 accenfis
811 1281 929 1310 colerent
944 1303 951 1314 ‚
978 1280 1020 1309 vel
1040 1288 1069 1309 ut
1083 1281 1260 1317 significarent
1275 1301 1282 1311 ‚
1308 1279 1360 1308 hoc
1375 1280 1498 1316 Principe
1509 1278 1541 1306 ab
1555 1279 1657 1306 incomi
1673 1281 1698 1307 ἃ
1713 1279 1852 1307 tenebrosa
1866 1283 1934 1316 vita,

350 1319 420 1355 quasi
435 1319 467 1346 ad
481 1319 569 1347 lucem
584 1338 591 1350 ,
620 1321 647 1347 δε
661 1318 793 1346 bonarum
808 1321 905 1347 artium
920 1319 1059 1348 scientiam
1073 1319 1159 1347 editos
1174 1328 1222 1347 nos
1238 1319 1298 1346 effe.
1338 1320 1409 1345 Cum
1427 1326 1518 1346 autem
1533 1317 1612 1345 multi
1625 1317 1763 1345 occafione
1778 1319 1935 1347 Saturnalia.

349 1367 407 1384 rum
425 1367 472 1393 per
489 1358 629 1385 avaritiam
646 1356 659 1385 ὰ
678 1356 817 1386 clientibus
836 1357 977 1386 ambitiose
997 1367 1109 1386 munera
1128 1357 1266 1394 exigerent
1282 1377 1290 1388 ‚
1317 1357 1396 1393 idque
1410 1365 1478 1383 onus
1494 1357 1628 1384 tenuiores
1640 1363 1761 1393 gravaret
1775 1376 1782 1387 ‚
1809 1356 1936 1386 Publicius

351 1394 427 1422 Trib.
448 1394 519 1431 pleb.
533 1396 601 1424 tulit.
617 1402 646 1423 ut
660 1405 716 1422 non
729 1395 776 1423 nili
790 1396 860 1423 cerei
874 1396 1014 1424 ditioribus
1029 1396 1226 1423 miffitarentur.
1251 1393 1360 1422 Macrob.
1374 1395 1389 1421 l.
1408 1404 1429 1421 1.
1455 1396 1539 1421 Satur.
1556 1404 1578 1421 c.
1596 1405 1620 1429 7.
1663 1394 1713 1430 Ipli
1729 1394 1811 1421 etiam
1826 1395 1933 1424 domini

349 1431 438 1461 servos
456 1433 513 1461 suos
534 1434 665 1462 conviviis
684 1433 834 1461 liberalibus
854 1436 881 1462 &
901 1435 1015 1470 opiparis
1031 1433 1216 1469 accipiebant,
1243 1431 1325 1469 iisque
1340 1431 1530 1459 ministrabant.
1557 1432 1665 1459 Macrob.
1680 1435 1706 1460 &t
1720 1432 1813 1459 Athen.
1826 1432 1871 1461 lib.
1891 1444 1934 1470 ¹4·

348 1470 434 1500 testib.
455 1473 612 1508 Quinetiam
627 1471 728 1499 bellum
744 1471 919 1499 Saturnaltbut
933 1472 1037 1500 sumere
1051 1471 1124 1498 nefas
1137 1469 1290 1498 habebatur.
1320 1471 1355 1498 Et
1367 1479 1459 1507 poenas
1474 1469 1487 1497 a
1500 1478 1615 1498 nocente
1628 1470 1722 1497 iifflem
1736 1469 1829 1498 diebus
1842 1473 1932 1509 exige—

348 1518 378 1536 re
393 1530 400 1539 ‚
426 1510 556 1545 piaculare
571 1519 636 1539 erat.
662 1509 770 1537 Macrob.
795 1512 910 1538 Saturno
925 1520 965 1537 res
977 1510 1067 1537 divina
1079 1507 1158 1537 fiebat
1172 1510 1258 1546 capite
1272 1508 1390 1538 retecto.
1422 1518 1484 1536 curn
1498 1508 1553 1536 aliis
1569 1508 1645 1535 Divis
1658 1529 1666 1540 ‚
1688 1516 1801 1544 excepto
1815 1512 1930 1542 Honore,

349 1546 438 1575 velato
459 1549 545 1584 capite
558 1547 733 1576 sacrificarent
746 1568 754 1579 ‚
781 1549 855 1583 cujus
868 1550 952 1576 moris
966 1548 1094 1574 Plutarch.
1108 1549 1135 1574 in
1152 1547 1249 1586 Qaest.
1265 1548 1350 1574 Rom.
1363 1547 1451 1583 quaest-
1465 1557 1504 1574 11.
1518 1547 1633 1575 rationes
1646 1546 1781 1583 inquirens
1795 1547 1832 1574 ait
1844 1548 1870 1574 id
1889 1548 1931 1576 vel

348 1592 490 1621 propterea
510 1586 569 1613 fieri
583 1607 591 1617 ‚
613 1586 686 1623 quod
708 1585 794 1612 velare
813 1594 891 1622 caput
906 1588 1056 1614 institutum
1071 1585 1101 1613 fit
1116 1587 1202 1613 AEnea:
1217 1595 1222 1611 :
1249 1584 1355 1612 Saturni
1367 1592 1458 1612 autem
1472 1584 1629 1612 sacrificium
1644 1584 1732 1612 multo
1744 1584 1775 1611 sit
1789 1585 1931 1613 vetustius:

349 1623 392 1650 vel
409 1624 481 1660 quod
492 1625 576 1660 capita
590 1625 712 1661 operiant
724 1632 815 1650 coram
832 1624 979 1652 coelestibus
991 1625 1049 1651 Diis
1061 1634 1066 1650 ·.
1089 1625 1213 1650 Saturnus
1225 1631 1316 1651 autem
1330 1623 1400 1650 inter
1413 1622 1513 1650 inferos
1522 1643 1529 1654 ,
1550 1621 1735 1659 terrestresque
1748 1622 1822 1648 Deos
1836 1632 1932 1651 nume«

349 1668 422 1688 retur
436 1673 441 1688 z
468 1662 509 1689 vel
526 1663 587 1699 quia
601 1663 704 1690 veritati
716 1681 724 1695 ,
752 1662 826 1697 cujus
841 1663 948 1690 Patrem
963 1662 1082 1689 Romani
1096 1664 1235 1689 Saturnum
1247 1661 1298 1688 effe
1310 1660 1432 1688 censeant
1446 1682 1453 1693 ,
1474 1660 1538 1688 nihil
1552 1668 1678 1696 opertum
1694 1661 1724 1687 lit
1739 1681 1747 1692 ‚
1766 1659 1832 1687 nihil
1843 1661 1931 1689 occul-

349 1706 418 1727 tum.
439 1701 573 1728 Caetetum
587 1702 707 1736 primum
722 1701 826 1727 Saturn-
842 1702 873 1728 A.
886 1712 913 1728 D.
926 1711 988 1728 xrv.
1007 1700 1120 1728 Kalend.
1133 1701 1270 1737 Januarias
1283 1697 1498 1731 celebrabantur,
1519 1708 1598 1735 atque
1606 1708 1659 1725 uno
1667 1699 1710 1726 die
1718 1697 1931 1728 absolvebantur.

349 1738 492 1775 Postquam
507 1747 572 1765 vero
587 1740 618 1765 C.
633 1737 718 1765 Caesar
730 1739 756 1764 in
770 1739 831 1765 anni
845 1740 1034 1766 emendatione
1047 1738 1108 1765 huic
1124 1738 1207 1765 menfi
1222 1738 1288 1765 duos
1301 1737 1356 1764 dies
1371 1737 1487 1769 addidit,
1507 1747 1569 1764 xV1.
1581 1737 1692 1765 Kalend.
1708 1737 1825 1774 Januarii
1840 1745 1929 1773 coepta

347 1774 408 1804 sunt
429 1775 565 1804 celebrari.
606 1777 642 1803 Ea
662 1786 690 1804 re
710 1776 810 1803 netum
831 1777 868 1803 est
881 1797 888 1809 ‚
914 1784 943 1805 ut
961 1786 1023 1804 cum
1044 1776 1138 1813 vulgus
1157 1777 1263 1814 ignoret
1277 1782 1382 1803 certum
1397 1775 1601 1803 Saturnaltorum
1615 1775 1704 1805 dtem,
1729 1773 1902 1811 nonnullique
1916 1775 1930 1803 zi

349 1815 382 1841 C.
397 1815 497 1842 Caesare
510 1814 610 1842 inserto
625 1815 668 1842 dic
676 1834 683 1846 ,
703 1816 730 1842 8<
744 1813 786 1841 alii
798 1821 888 1842 vetere
902 1825 980 1842 more
994 1814 1170 1846 celebrarent,
1191 1813 1279 1850 plures
1291 1814 1347 1841 dics
1362 1813 1509 1840 Saturnalia
1521 1820 1734 1840 numerarentur.
1775 1812 1855 1847 Qod
1875 1815 1928 1840 Au-

347 1853 436 1888 gustus
451 1854 521 1889 Imp.
533 1852 717 1884 confirmavit,
738 1861 802 1880 cum
815 1853 842 1880 in
854 1852 956 1891 legibus
967 1853 1112 1889 judiciariis
1125 1853 1215 1881 triduo
1228 1851 1305 1880 ferias
1316 1860 1358 1878 eas
1370 1850 1467 1878 servari
1477 1850 1559 1886 jussit.
1585 1851 1745 1888 Qanquam
1760 1851 1787 1877 δε
1800 1850 1869 1885 apud
1884 1861 1930 1878 ve«

349 1898 417 1918 teres
438 1891 478 1918 vel
494 1902 524 1919 vr
535 1902 555 1919 1.
578 1891 633 1918 dies
648 1889 796 1918 Saturnalia
811 1893 902 1929 peragi
917 1890 1078 1920 consuevisse
1092 1912 1099 1922 ‚
1129 1890 1234 1918 Nonius
1249 1893 1275 1918 δ’,
1291 1890 1442 1917 Mummius
1455 1908 1463 1918 ‚
1491 1888 1531 1916 vel
1544 1888 1664 1916 triduum
1679 1896 1785 1916 tantum
1799 1887 1930 1917 celebrata

350 1927 423 1956 fuisse
440 1930 543 1957 Mallius
558 1930 670 1957 tradant.
714 1928 765 1956 Alii
779 1938 870 1957 tamen
884 1930 1048 1958 contrarium
1064 1929 1240 1966 prodiderunt
1255 1949 1262 1959 ,
1292 1937 1343 1965 qua
1357 1927 1391 1954 de
1405 1936 1432 1954 re
1443 1927 1507 1967 ⁴vide
1520 1926 1622 1964 prolixe
1636 1926 1806 1954 differentem
1822 1926 1930 1967 Macrob-

348 1965 365 1992 l.
379 1977 400 1995 1.
416 1969 498 1995 Satur.
510 1978 532 1995 c.
546 1979 585 1995 ιο.
601 1967 682 2004 Joan.
699 1967 815 2001 ‹im-opius
830 1971 942 1995 Becanus
955 1968 999 1996 lib.
1009 1977 1036 2003 4.
1048 1968 1115 2005 orig.
1130 1970 1260 2003 Antverp.
1273 1975 1355 2004 quem
1370 1964 1610 2002 Cronminscripfit,
1631 1965 1761 1996 affirmat,
1783 1965 1930 1992 Saturnalm

350 2005 469 2038 primum
486 2006 497 2033 ἐ]
516 2006 595 2034 Nolia
610 2015 734 2042 tempore
747 2005 839 2034 diluvii
850 2007 877 2034 in
891 2009 959 2035 Arca
971 2006 1101 2034 celebrata
1114 2006 1189 2034 fuiffe
1203 2006 1294 2033 menie
1309 2004 1401 2032 diluvii
1412 2004 1534 2032 decimo.
1552 2012 1586 2030 eo
1601 2003 1656 2034 die.
1678 2012 1732 2040 quo
1739 2003 1930 2040 primumjuga

350 2044 486 2071 montium
501 2054 531 2071 ex
546 2046 618 2081 aquis
632 2053 756 2082 apparere
770 2046 901 2080 ctcperint
914 2056 918 2072 t
948 2054 978 2073 ac
993 2045 1089 2073 deinde
1103 2044 1208 2082 lingulis
1222 2045 1298 2072 annis
1310 2063 1319 2076 ,
1348 2052 1411 2070 eum
1424 2042 1497 2070 diem
1511 2041 1607 2070 festum
1622 2041 1697 2069 fuisse
1710 2052 1717 2073 5
1737 2050 1819 2078 quem
1836 2042 1869 2069 de
1881 2041 1930 2070 hac

349 2088 379 2105 re
394 2082 496 2113 prolixe
510 2082 687 2118 disputantem
697 2105 703 2115 ,
725 2084 770 2120 qui
784 2083 871 2115 volet,
892 2083 980 2121 legere
993 2084 1102 2120 poterit.

364 2154 367 2157 Ι
389 2118 465 2145 XIV.
488 2119 617 2147 Kalendas
644 2123 752 2157 ianuarii
773 2122 863 2156 Opalm
882 2131 973 2155 erant,
994 2122 1154 2150 Kalendario
1174 2122 1254 2153 teste,
1274 2120 1346 2158 quod
1361 2119 1396 2147 sic
1409 2118 1501 2147 habet:
1524 2120 1556 2147 A.
1570 2118 1644 2154 Opal.
1659 2119 1718 2146 NP.
1737 2120 1799 2146 Hoc
1813 2119 1848 2146 est
1864 2123 1929 2154 Opa-

347 2154 405 2185 [ηις
422 2155 544 2183 chastus
558 2160 616 2193 prin
630 2156 655 2186 o.

388 2193 479 2233 Opalra
491 2215 499 2225 ,
525 2195 610 2231 inquit
627 2201 700 2224 Vama
715 2198 782 2226 libro
798 2209 822 2233 5.
836 2198 869 2226 de
880 2198 969 2237 lingua
985 2199 1078 2226 Latina
1092 2219 1100 2231 ‚
1126 2200 1169 2226 die
1183 2199 1263 2226 tertio
1277 2197 1336 2234 post
1349 2195 1495 2223 Saturnalia
1510 2217 1516 2227 ,
1530 2194 1598 2230 seria
1611 2194 1679 2230 Opis.
1694 2197 1752 2223 Sex.
1769 2194 1925 2231 Pompejus:

350 2231 439 2264 Opalia
453 2232 507 2258 dies
522 2232 578 2259 festi
591 2253 597 2263 ‚
624 2235 716 2271 quitus
731 2236 888 2272 supplicatur
901 2243 948 2272 Op}
960 2258 966 2269 ‚
994 2237 1164 2274 appellantur.
1183 2235 1290 2263 Mam-ob.
1303 2235 1347 2262 lib.
1369 2246 1389 2262 1.
1415 2234 1641 2266 Saturnaliorum,
1662 2243 1718 2270 cap.
1735 2244 1776 2262 10.
1790 2242 1851 2260 cum
1868 2231 1926 2268 plu-

348 2270 422 2297 JibUS
435 2269 468 2296 de
484 2269 658 2297 Saturmhhas
673 2273 819 2308 diipumilbt
835 2296 841 2301 .
870 2277 905 2304 ita
920 2276 1029 2304 tandem
1044 2275 1180 2304 concludit
1194 2285 1199 2301 ⁴.
1223 2275 1261 2303 Ex
1275 2274 1315 2301 his
1331 2282 1396 2311 ergo
1410 2272 1536 2300 omnibus
1551 2273 1641 2310 colligi
1655 2273 1755 2309 potest,
1774 2273 1801 2299 ὃ(
1815 2280 1864 2297 una
1882 2271 1926 2297 die

350 2308 499 2335 Saturnalia
514 2307 588 2335 fuiii'e
598 2329 604 2339 ‚
626 2312 650 2337 S<
667 2319 720 2337 non
735 2312 780 2338 nili
797 2323 858 2341 xiv.
875 2314 1006 2342 Kalendas
1020 2315 1153 2352 januarias
1168 2313 1314 2344 celebrata,
1334 2321 1388 2349 quo
1404 2311 1460 2339 solo
1474 2312 1517 2339 die
1531 2312 1600 2347 apud
1613 2312 1698 2339 aedem
1717 2309 1820 2337 Saturni
1834 2309 1924 2336 convi-

349 2347 394 2373 vio
416 2345 502 2374 toluto
512 2367 520 2378 ,
547 2346 693 2374 Satur-mlta
710 2347 912 2379 clamitabantur
926 2373 932 2383 ,
960 2354 1005 2389 qui
1021 2354 1076 2381 dies
1090 2362 1161 2380 nunc
1174 2351 1288 2386 Opahbus
1304 2352 1373 2378 inter
1387 2350 1530 2377 Saturnalia
1544 2351 1683 2386 deputatur
1695 2368 1704 2378 ,
1729 2356 1789 2374 cum
1805 2347 1925 2382 primum

348 2387 456 2413 37131710
474 2385 571 2421 pariter
585 2405 593 2417 ³
622 2387 648 2414 ἃ
667 2385 715 2419 opi
730 2385 807 2416 fucrit
821 2387 973 2426 adscriptus,
1015 2391 1092 2420 Hanc
1106 2399 1197 2420 autem
1212 2392 1298 2419 Deam
1313 2394 1390 2424 Opem
1403 2388 1507 2417 Saturni
1521 2397 1666 2426 coniugem
1681 2385 1848 2414 crediderunt
1861 2387 1925 2451 11&

1867 2433 1875 2450 1
1895 2432 1927 2451 eo
