2075 2734
393 105 448 135 570
669 85 1708 126 Ani-iquiravunRonininnmLimvm.

724 166 834 201 Tertia
852 178 920 213 pars
938 165 1043 213 legum
1061 167 1135 201 XII.
1155 162 1346 200 tabularum:
1374 165 1410 201 dc
1427 169 1493 211 jure
1510 167 1642 214 privato.

806 247 875 275 DE
918 245 1150 275 PATRIA
1192 245 1568 276 POTESTATE.

445 322 473 355 I.
499 319 561 354 vti
576 318 629 365 qui
645 330 682 351 ex
695 326 784 367 patre
798 342 807 359 ‚
833 327 988 366 matreque
994 318 1145 364 familias
1168 317 1232 363 ejus
1246 317 1428 361 nasceretur,
1455 320 1488 352 in
1501 319 1746 369 patrisfamilias
1753 319 1803 367 fiii
1817 334 1930 371 manu,

534 365 694 419 potestate,
719 369 930 417 mancipioque
947 368 1027 412 effet:
1054 365 1231 411 haberetque
1240 367 1470 414 paterfamilias
1479 369 1533 415 jus
1555 371 1588 402 in
1607 382 1672 404 eum
1686 373 1769 411 vita,
1794 383 1832 406 ac

781 422 863 451 necis
877 443 886 459 ,
912 427 1014 465 terque
1032 414 1139 462 filium
1160 426 1272 448 venum
1293 413 1392 448 dandi
1411 416 1595 465 potestatem.

436 499 472 527 At
488 498 505 526 fi
521 505 562 527 ter
576 497 660 526 filium
677 504 751 535 pater
764 507 864 526 venum
879 498 952 530 duit,
974 497 1040 526 filius
1052 495 1065 523 ἓι
1078 502 1152 532 patre
1166 495 1233 536 liber
1246 495 1309 537 estol.
1337 495 1437 532 Utique
1451 495 1516 529 filia,
1538 500 1677 537 caeterique
1690 500 1764 529 liberi
1777 511 1828 530 una
1844 502 1980 539 mancipai

399 537 473 566 tione
487 537 668 564 liberarentur.
689 535 859 573 Justinimms
875 536 976 565 scribit:
996 540 1041 568 jus
1048 532 1191 570 potestatis,
1211 534 1282 571 quod
1298 542 1324 559 in
1335 531 1422 560 llberos
1431 533 1573 568 habemus,
1594 541 1734 575 proprium
1749 541 1798 568 esse
1809 542 1911 568 civium
1921 543 1978 569 Ro-

397 585 554 603 manorum:
576 575 670 603 Nullos
685 576 758 602 enim
773 574 837 602 alios
851 575 902 602 effe
915 574 1053 603 homines,
1073 573 1120 609 qui
1134 571 1215 600 talem
1230 573 1257 599 in
1272 570 1369 598 liberos
1382 573 1541 608 potestatem
1552 574 1674 606 habeant.
1694 579 1768 610 Nam
1789 579 1837 613 (ut
1847 577 1975 617 Dionifius

395 614 523 648 testatur)
542 620 636 650 gentes
648 612 704 641 aliae
717 622 813 641 omnes
827 614 941 642 modum
955 613 1045 650 patriae
1059 610 1182 647 potestati
1196 610 1311 647 aliquem
1327 610 1471 640 statuerunt
1487 622 1497 639 ι
1521 619 1547 640 at
1563 614 1681 643 Romani
1694 617 1722 644 in
1737 626 1821 645 omne
1835 618 1895 646 vitae
1909 613 1977 646 ‘filio-

396 661 457 679 rum
473 659 579 689 tempus
592 661 651 680 eam
668 652 861 689 produxerunt:
882 652 983 681 etiamsi
999 648 1193 686 rempublicam
1209 655 1346 686 gererent,
1367 650 1566 687 magistratusve
1581 651 1701 681 summos
1713 654 1829 683 obirent.

436 690 492 729 Qi
506 701 538 718 ex
549 699 637 726 patre,
657 700 789 730 matreque
795 690 941 728 firmilian]
964 691 1006 718 Sic
1014 687 1166 724 accipienda
1179 686 1238 715 sunt
1252 686 1306 715 haec
1321 688 1413 720 verba,
1435 689 1505 725 quafi
1513 689 1616 718 dietum
1630 691 1703 719 effet:
1727 694 1781 730 Qui
1794 692 1901 731 exjusta
1915 702 1977 721 uxa-

394 738 431 756 re.
454 731 526 756 Nam
537 730 578 764 (ut
585 728 743 765 Justmianm
752 731 801 767 ait)
813 731 838 758 in
847 730 975 766 potestate
983 729 1070 756 nostra
1077 725 1136 753 sunt
1146 727 1163 754 ii
1175 726 1287 754 demum
1297 726 1371 753 liberi
1381 747 1388 758 ‚
1402 736 1468 764 quos
1477 737 1507 755 ex
1516 728 1588 764 justis
1599 730 1697 765 nuptiis
1711 731 1919 765 procreavimus.

436 771 518 795 Manu
532 789 539 799 ‚
555 766 676 805 potestate
689 790 697 800 ‚
717 769 866 804 mansrpiffi]
897 769 961 795 Tria
975 767 1029 794 hxc
1043 765 1209 800 conjunCtirn
1226 772 1380 792 coacervata
1394 764 1452 793 sunt
1466 786 1473 796 ,
1495 774 1524 794 ut
1536 767 1674 794 summum
1691 768 1755 796 illud
1770 789 1777 799 ‚
1798 771 1825 797 &
1839 768 1976 798 infinitum

394 806 437 841 jus
451 806 540 842 patriae
555 806 688 842 potestatis
701 807 917 844 intelligeremus.
958 806 1036 833 Unde
1050 804 1113 832 illud
1128 804 1162 831 de
1177 804 1208 830 C.
1222 803 1355 844 Flaminio
1368 804 1437 839 apud
1452 806 1599 832 Ciceronem
1612 807 1641 833 in
1656 816 1680 833 2.
1700 806 1732 833 de
1745 808 1889 833 Inventione
1903 827 1910 839 ,
1930 808 1978 844 qui

396 852 458 871 eum
468 843 587 871 tribunus
595 843 677 879 plebis
684 845 747 872 effet
755 866 762 877 ‚
773 847 797 873 ὃς
808 855 838 872 ex
848 845 935 872 rostris
942 845 1102 871 concionem
1112 842 1143 869 ad
1152 842 1281 877 populum
1290 841 1399 869 haberet
1408 862 1414 872 ‚
1421 843 1447 870 vi
1455 842 1469 869 {i
1477 850 1551 878 patre
1558 844 1591 871 de
1603 854 1635 872 eo
1643 844 1746 882 templo
1757 845 1885 872 dedu6tus
1893 845 1937 873 est.

435 881 596 921 Haberetque
605 882 789 918 paterfamilias
794 885 840 918 jus
852 883 879 910 in
893 893 950 910 eum
962 882 1046 916 vste]
1070 880 1140 907 Huic
1152 888 1244 907 tamen
1257 880 1310 917 legi
1324 883 1483 914 Imperatores
1497 882 1617 909 Romani
1630 903 1637 913 ,
1659 890 1738 920 atque
1743 881 1914 917 jurisconficlti
1932 883 1979 911 de,

393 924 547 951 traxerunt,
568 930 682 958 eamque
695 922 726 948 ad
741 921 888 949 naturalem
905 921 1058 957 aequitatem
1071 918 1248 950 reduxerunt,
1267 926 1298 947 ut
1310 927 1342 947 cx
1354 917 1478 955 Plurimis
1490 919 1692 953 Fandefiarum,
1714 920 1825 952 Codicis,
1846 923 1873 949 &
1887 920 1980 957 Novel-¹

393 956 482 985 larum
496 959 717 987 constitutionum
732 959 797 988 locis
811 966 928 996 apparet.

434 1000 536 1035 Terque
541 995 633 1036 fillum
650 1008 742 1025 venum
755 998 865 1033 danda]
894 995 981 1033 Hujus
993 996 1076 1033 partis
1090 996 1184 1024 testem
1198 995 1328 1024 habemus
1342 994 1488 1034 Dionysium
1501 997 1722 1036 Halicarnaffeum
1736 997 1780 1026 lib.
1797 1008 1822 1025 2.
1836 998 1882 1035 qui
1894 999 1979 1026 etiam

394 1032 460 1062 illud
474 1034 612 1068 adscribit,
633 1038 770 1072 Majorem
785 1036 833 1064 hae
848 1036 906 1073 lege
918 1035 1034 1072 patribus
1048 1035 1075 1062 in
1089 1035 1172 1067 filios,
1181 1044 1260 1073 quam
1275 1033 1346 1061 heris
1360 1035 1387 1061 in
1401 1036 1488 1062 servos
1501 1038 1660 1071 potestatem
1674 1036 1827 1074 permissam
1841 1036 1900 1064 effe.
1921 1038 1983 1064 Ser-

398 1081 465 1100 vum
482 1073 554 1101 enim
569 1074 651 1102 semel
666 1076 807 1102 venditum
822 1095 830 1107 ,
850 1075 868 1102 fi
889 1075 902 1101 a
916 1083 990 1101 novo
1004 1074 1118 1102 domino
1138 1073 1346 1102 manumittatur
1360 1093 1367 1104 ,
1388 1071 1503 1108 suijuris
1516 1073 1586 1102 effici
1600 1086 1605 1102 :
1635 1082 1661 1103 at
1676 1075 1759 1103 filium
1774 1084 1830 1103 non
1842 1075 1914 1111 prius
1928 1074 1979 1104 suae

394 1112 531 1147 potestatis
544 1112 600 1140 fieri
614 1114 695 1150 quam
715 1120 756 1140 ter
772 1112 784 1140 ἓ]
799 1120 874 1149 patre
888 1112 934 1139 suo
949 1112 1086 1144 venditus,
1106 1120 1147 1140 ter
1163 1112 1177 1140 ὲ
1189 1111 1239 1139 suis
1253 1111 1373 1138 dominis
1383 1112 1558 1140 manumiss'us
1570 1113 1658 1142 fuerit.

436 1153 472 1175 At
496 1160 504 1175 t
518 1158 557 1177 ter
567 1148 651 1188 filium
658 1152 762 1187 patera]
791 1150 939 1179 Authorem
962 1150 1016 1179 haec
1031 1160 1090 1187 pars
1110 1150 1176 1187 legis
1189 1149 1267 1187 habet:
1281 1148 1415 1183 Ulpianum
1427 1170 1436 1181 ,
1457 1150 1530 1186 cujus
1545 1151 1625 1179 verba
1644 1161 1701 1189 cap.
1718 1153 1917 1181 Institutionum
1937 1162 1978 1180 ro.

395 1184 450 1215 haec
464 1188 522 1217 sunt
543 1199 549 1216 z
575 1189 657 1216 Liberi
671 1198 807 1223 parentum
823 1188 943 1226 potestate
962 1189 1099 1217 liberantur
1113 1186 1309 1222 emancipanone
1321 1198 1329 1212 .·
1351 1187 1379 1214 id
1393 1187 1429 1215 est
1443 1207 1450 1217 ‚
1472 1188 1490 1215 si
1503 1189 1673 1227 posteaquam
1687 1191 1834 1226 mancipati
1854 1191 1979 1222 fuerunt,

396 1227 551 1254 manumissi
564 1227 622 1255 fint.
642 1228 692 1255 Sed
708 1227 776 1255 filius
788 1228 898 1265 quidem
912 1236 953 1255 ter
965 1228 1146 1263 mancipatus,
1166 1234 1207 1255 ter
1221 1224 1409 1258 manumiffus,
1429 1224 1542 1263 suijuris
1554 1227 1595 1255 fit.
1613 1228 1645 1256 ld
1659 1229 1732 1256 enim
1749 1227 1791 1255 lex
1804 1237 1868 1256 xxx.
1881 1228 1979 1257 tabula.

394 1271 457 1291 rum
470 1264 547 1300 jubet
560 1264 600 1292 his
615 1266 701 1294 verbis
715 1276 720 1292 z
742 1265 772 1294 Si
780 1274 855 1300 pater
864 1264 948 1302 filium
962 1274 1013 1298 ter,
1036 1265 1099 1299 &a

432 1305 528 1330 Venum
542 1302 629 1339 elain]
651 1304 705 1333 Alii
720 1303 828 1341 legunt,
849 1315 942 1332 venum
955 1306 1044 1332 davit.-
1067 1303 1220 1335 Turnebus,
1241 1311 1335 1330 venum
1349 1300 1434 1330 dabit:
1453 1301 1583 1340 josephus
1596 1302 1726 1341 Scaliger,
1745 1306 1840 1331 Venum
1853 1303 1926 1333 duit,
1946 1303 1979 1332 ab

393 1341 505 1378 antiquo
519 1341 601 1370 verbo
614 1343 665 1370 duo
678 1343 735 1371 duis
748 1364 756 1376 ‚
774 1353 827 1380 pro
840 1353 893 1381 quo
914 1353 962 1371 nos
977 1343 1079 1372 utimur
1092 1343 1123 1370 do
1137 1363 1146 1375 ‚
1168 1344 1194 1371 ὅτ,
1208 1340 1314 1377 subjicit
1328 1362 1336 1374 ,
1361 1351 1453 1369 venum
1466 1341 1543 1370 davit
1557 1363 1565 1375 ,
1584 1341 1655 1370 male
1666 1363 1675 1375 ,
1696 1341 1755 1370 imo
1771 1341 1879 1371 barbare
1897 1345 1923 1372 &
1938 1343 1978 1371 in-

391 1378 455 1415 epte
471 1380 533 1408 dici.

436 1418 518 1456 Qod
532 1419 568 1448 ait
580 1418 622 1447 lex
634 1440 641 1451 ‚
662 1418 729 1447 Filia
745 1419 798 1447 verb
811 1441 818 1452 ,
842 1419 903 1452 &a
923 1420 1062 1447 Existimat
1080 1423 1287 1450 Hortomanmu,
1306 1417 1491 1446 testimonium
1505 1425 1610 1446 certum
1623 1428 1678 1446 non
1690 1426 1789 1447 extare.
1816 1419 1888 1446 Nam
1904 1419 1978 1455 quod

397 1454 517 1489 Ulpianus
531 1466 588 1494 cap.
608 1468 648 1485 ιο.
662 1457 696 1485 fic
710 1457 800 1486 scribit
815 1470 819 1485 :
842 1461 935 1485 Caterl
949 1457 1022 1485 liberi
1036 1477 1043 1487 ,
1057 1455 1239 1494 praterfilium
1252 1476 1260 1486 ‚
1281 1464 1337 1482 mm
1353 1455 1456 1489 maseuli
1468 1476 1476 1487 ‚
1496 1455 1580 1494 qulam
1587 1456 1712 1490 soemina,
1732 1467 1783 1483 una
1797 1455 1978 1489 mancipatione

396 1494 853 1534 manumt'ffionequeficiJurtsssfiunn
868 1496 929 1528 &a
947 1497 1109 1523 nominatim
1125 1495 1178 1532 legi
1191 1504 1221 1521 xr
1233 1504 1253 1521 1.
1267 1493 1416 1521 tabularum
1438 1502 1492 1520 non
1511 1493 1634 1520 adscribit
1648 1513 1655 1524 ,
1676 1501 1705 1521 ut
1720 1495 1809 1522 necin
1822 1494 1839 1520 l.
1849 1496 1875 1522 8.
1893 1494 1927 1521 D.
1943 1494 1979 1522 de

394 1530 476 1565 injur.
490 1540 547 1566 rup.
558 1533 602 1567 irr.
616 1533 673 1559 test.
694 1535 839 1570 Utcunque
852 1533 883 1560 fit
893 1554 901 1565 ‚
923 1534 1015 1570 capitis
1028 1532 1105 1568 hujus
1118 1532 1276 1559 sententiam
1292 1533 1371 1564 Cajus
1385 1539 1493 1566 quoque
1506 1530 1574 1558 libro
1588 1531 1681 1566 primo
1695 1532 1897 1559 Institutionum
1913 1540 1978 1558 con-

396 1567 520 1601 sumam,
541 1570 639 1607 inquit:
662 1572 806 1603 Foeminae,
826 1571 869 1600 vel
880 1579 992 1608 nepotes
1005 1570 1114 1599 masculi
1127 1579 1158 1599 ex
1173 1569 1242 1602 filio,
1263 1578 1316 1599 una
1326 1568 1524 1604 mancipatione
1537 1570 1571 1596 de
1583 1570 1665 1605 patris
1678 1569 1720 1596 vel
1735 1569 1778 1597 avi
1790 1574 1888 1596 exeunt
1901 1575 1978 1605 potef

394 1606 475 1639 state,
496 1609 523 1636 &
536 1607 574 1637 sui
586 1609 652 1645 juxis
666 1609 826 1638 efficiuntur.

692 1686 755 1714 DE
788 1685 1212 1717 TESTAMENTIS,
1246 1684 1308 1711 AC
1341 1684 1668 1713 TUTORIBUS.

531 1754 579 1789 II.
600 1753 835 1800 Paterfamilias
854 1757 900 1788 uti
923 1754 1040 1802 legaffit
1055 1754 1144 1804 super
1155 1754 1307 1803 pecunia,
1332 1751 1468 1784 tutelavc
1480 1750 1537 1796 fiaeae
1556 1753 1626 1792 rei,
1652 1752 1698 1784 ita
1706 1751 1761 1797 jus
1778 1750 1842 1796 esto.

433 1831 483 1859 His
497 1831 584 1860 verbis
598 1832 664 1872 legis
678 1843 709 1862 xr
720 1844 740 1862 ι.
754 1834 903 1864 tabularum
912 1856 919 1867 ,
938 1833 980 1862 mi
991 1832 1102 1872 legaffit,
1121 1832 1212 1867 itajus
1221 1830 1282 1872 esto:
1301 1832 1338 1858 ait
1349 1830 1562 1866 jurisconsultus,
1583 1828 1742 1871 amplifl‘nna
1755 1829 1866 1866 potestas
1880 1829 1979 1858 tributa

397 1869 432 1896 est
446 1871 612 1899 testatoribus
629 1893 636 1904 ‚
662 1879 692 1900 ut
705 1873 806 1901 etiamsi
814 1882 944 1908 praetorem
957 1893 964 1902 ,
984 1880 1029 1901 aut
1042 1871 1176 1906 Confidem
1188 1891 1197 1904 ,
1219 1871 1264 1909 qui
1278 1879 1342 1898 cum
1356 1868 1465 1897 summo
1481 1868 1596 1906 imperio
1608 1868 1645 1895 est
1658 1888 1665 1899 ,
1685 1868 1737 1895 1uis
1749 1867 1838 1895 liberis
1855 1875 1977 1897 tutorem

395 1908 546 1941 instituant,
566 1920 612 1938 eos
626 1913 658 1939 ad
671 1910 723 1939 hoc
737 1921 805 1940 onus
817 1911 1010 1949 suscipiendum
1026 1910 1156 1947 obligent.
1738 1945 1743 1949 Π
1825 1944 1840 1949 ..
1915 1945 1920 1949 .
1935 1945 1940 1949 .

434 1948 653 1985 Paterfizmilias.]
675 1950 701 1977 Si
713 1949 766 1979 hoc
779 1950 983 1988 intelligendum
998 1950 1048 1981 est,
1069 1948 1129 1976 iolis
1137 1945 1376 1983 patribusfamilias
1390 1946 1500 1975 testandi
1511 1946 1552 1983 jus
1566 1944 1652 1977 fuisse,
1672 1944 1788 1982 sequitur
1795 1943 1977 1977 filusfamihas,

398 1992 429 2011 ne
445 1986 561 2020 patribus
575 1989 685 2025 quidem
701 1988 869 2021 authoribus,
890 1998 944 2017 non
957 1988 1046 2020 fuiffe,
1069 1987 1165 2024 quippe
1176 1987 1221 2024 qui
1233 1985 1310 2013 suum
1328 1985 1393 2013 nihil
1408 1984 1544 2013 haberent.
1592 2021 1595 2025 ,

436 2026 479 2049 Ul!
493 2024 615 2063 legaffi't.]
638 2028 690 2054 Pro
706 2037 739 2055 eo
754 2028 805 2059 est,
826 2027 895 2065 quasi
909 2028 1026 2058 detinet,
1046 2026 1087 2053 un'
1093 2024 1294 2063 statuent‚five
1306 2023 1464 2053 decreverit.
1482 2023 1595 2060 Legand1
1609 2020 1722 2049 verbum
1735 2020 1748 2048 ὲ
1761 2020 1814 2058 lege
1827 2021 1919 2050 fletum
1929 2022 1979 2055 est,

397 2065 427 2088 ut
439 2060 519 2098 legare
530 2063 594 2092 nihil
609 2065 678 2093 aliud
693 2065 741 2098 sit,
762 2066 841 2103 quam
852 2065 980 2104 statuere,
1001 2065 1158 2096 decernere,
1179 2065 1206 2092 &
1218 2063 1266 2098 (ut
1279 2063 1372 2100 vulgus
1386 2061 1521 2099 loquitur)
1541 2060 1682 2095 disponere:
1702 2059 1756 2088 five
1769 2060 1802 2087 de
1815 2059 1976 2093 haereditate,

396 2096 450 2125 five
464 2100 497 2126 de
511 2100 616 2137 legatis,
637 2106 663 2132 ὃ(
679 2105 865 2133 donationibus
879 2105 907 2132 in
922 2104 1092 2132 testamenm-
1477 2137 1482 2142 .
1846 2138 1851 2142 .

435 2139 511 2170 Super
519 2147 631 2170 petuma.
644 2142 657 2178 ]
696 2145 758 2170 Hoc
771 2143 854 2172 verbo
868 2153 922 2170 non
937 2143 1025 2170 modo
1030 2140 1137 2176 pecunia
1151 2146 1292 2168 numerata
1305 2160 1314 2172 ,
1334 2147 1430 2168 verum
1447 2144 1530 2166 etiam
1544 2147 1586 2166 res
1598 2146 1695 2166 omnes
1707 2157 1716 2170 ,
1736 2142 1793 2165 tam
1805 2135 1853 2165 soh
1864 2158 1872 2170 ,
1894 2137 1974 2176 quzlm

398 2172 525 2206 mobiles,
548 2178 572 2203 δε
589 2184 643 2206 tam
659 2189 784 2217 corpora,
806 2181 886 2219 quam
900 2182 959 2217 jura
974 2181 1155 2209 continentur.
1874 2213 1878 2216 -

411 2247 414 2251 ,
436 2212 615 2247 Tutelavefitae
626 2216 689 2252 rei.]
711 2220 815 2247 Mirum
830 2221 914 2248 videri
926 2219 1025 2256 potest,
1047 2218 1118 2255 quasi
1132 2218 1186 2249 rei,
1206 2215 1233 2244 id
1248 2216 1297 2247 est,
1317 2215 1483 2252 patrimonio
1498 2213 1580 2243 tutela
1592 2215 1678 2243 detur.
1708 2212 1803 2242 Tutela
1815 2212 1923 2241 moribus
1930 2221 1975 2246 po-

395 2247 448 2276 nii!
459 2259 488 2276 ac
499 2249 626 2284 distiplina
634 2255 783 2287 pupillorum
792 2279 801 2290 ,
822 2258 906 2297 quam
921 2256 1033 2293 fortunis
1047 2257 1089 2290 ζῇ
1099 2253 1252 2291 patrimonio
1265 2261 1407 2288 comparata
1423 2251 1465 2289 est.
1504 2254 1554 2281 Sed
1570 2252 1640 2281 forte
1657 2252 1804 2289 adjecstunr
1816 2252 1852 2279 est
1864 2259 1974 2288 propter

394 2286 510 2328 superius
524 2288 636 2317 verbum
652 2295 774 2326 pecunia,
795 2297 864 2332 quali
880 2297 921 2324 lex
937 2296 989 2323 hoc
1002 2296 1088 2332 capite
1100 2296 1134 2323 de
1149 2294 1369 2323 testamentorum
1385 2291 1550 2328 patrimonio
1563 2293 1591 2320 &
1605 2290 1719 2319 fortunis
1732 2289 1861 2318 sanxisset.
1889 2289 1972 2324 Qod

393 2326 438 2352 ait.
451 2334 490 2353 na
496 2328 542 2359 jus
555 2324 616 2359 esto,-
636 2337 684 2364 per
695 2329 763 2360 hauc
776 2331 864 2370 legem
877 2334 919 2371 jus
931 2334 1022 2372 patriae
1035 2333 1185 2372 potestatis,
1205 2331 1288 2361 etiam
1300 2330 1359 2368 post
1372 2330 1453 2368 patris
1467 2337 1605 2362 mortem,
1625 2331 1653 2359 ὃς
1665 2329 1747 2367 usque
1760 2327 1793 2355 ad
1804 2326 1975 2363 pubertatem

392 2362 540 2393 liberorum
554 2366 717 2396 extenditur.
1810 2403 1850 2429 ΠΙ
1874 2405 1898 2429 1²

1848 2420 1855 2428 .
1899 2411 1972 2437 arem,-
