2075 2734
380 127 436 163 433
672 117 1483 152 Aurrquxrirunssonruanun
1524 118 1679 146 Lrn.vl1.

380 173 444 202 fuit,
464 167 688 197 constituentibus
701 166 842 199 omnibus,
864 167 910 203 qui
923 167 979 203 ejus
993 167 1084 204 populi
1096 166 1233 194 historiam
1249 165 1413 203 scripserunt.
1445 168 1476 194 In
1490 175 1586 195 comm
1602 176 1666 194 vero
1681 167 1814 197 creatione
1827 168 1870 198 hic
1884 179 1958 203 mOS,

379 205 495 244 Dionyfio
511 208 527 235 l.
537 216 564 242 4.
578 207 642 234 teste
655 227 661 238 ,
681 205 732 232 fuit
747 205 908 233 oblervatus.
931 205 1072 233 *Defuncio
1086 208 1152 242 Rege
1167 204 1255 241 aliquo
1268 225 1275 236 ‚
1302 204 1404 233 senatus
1422 204 1436 233 a
1449 205 1549 242 populo
1562 204 1709 240 accipiebat
1722 207 1880 241 potestatem
1895 218 1960 236 con-

382 242 519 274 stituenda:
534 265 541 276 ,
569 246 601 272 ad
623 253 704 280 quam
719 243 834 279 placeret
849 243 969 271 formam
984 265 991 276 ‚
1017 243 1126 280 reipubl.
1159 246 1268 271 Senatus
1282 246 1416 280 [mer-reges
1432 244 1543 272 creabat.
1586 243 1625 270 Illi
1642 243 1729 270 virum
1745 243 1877 281 eligebant
1891 247 1961 283 opii-

382 293 479 315 mum,
502 282 576 310 nullo
597 283 707 312 civium,
726 280 859 309 sociorum
872 303 879 313 ,
902 289 946 309 aut
960 289 1115 310 exterorum
1132 280 1298 312 discrimine,
1318 291 1399 318 quem
1418 283 1524 319 Regem
1547 281 1754 309 constituerent:
1776 283 1803 309 in
1823 292 1920 319 quem,
1941 284 1959 311 fi

381 322 487 351 senatus
502 342 508 352 ‚
528 320 672 358 populique
693 318 873 347 consentirent
884 318 1025 359 soff-agia,
1046 322 1073 348 ὃς
1091 319 1243 346 addicerent
1262 319 1370 353 auspicia
1382 341 1390 352 ‚
1411 319 1557 348 assumebat
1574 320 1595 346 is
1615 319 1768 354 imperium.
1787 321 1860 356 quod
1879 322 1897 348 si
1914 321 1960 349 ho-

383 369 446 387 rum
466 359 548 386 trium
568 358 665 394 aliquid
685 356 795 389 deess‘et,
816 358 881 385 alter
900 358 1106 389 nominabatur,
1126 360 1152 386 ἃ
1173 357 1229 393 post
1248 356 1318 384 hunc
1337 359 1442 389 tertius,
1462 357 1509 385 nili
1524 354 1651 384 secundus
1665 357 1708 384 ille
1720 356 1876 393 probaretur
1889 360 1960 387 Deo-

383 407 445 426 rum
466 396 663 432 hominumque
684 395 798 431 judiciis.
823 396 924 435 Diofflvfi
942 395 986 423 lib.
998 406 1022 423 2.
1043 394 1101 423 Liv.
1113 394 1155 422 ltb.
1171 403 1194 422 x.
1216 394 1343 422 Plutarch.
1358 394 1386 422 in
1399 396 1455 423 vita
1467 395 1575 423 Romuli.
1615 396 1648 423 Et
1668 395 1719 422 hac
1733 396 1844 431 quidem
1859 397 1961 425 ratione

383 443 479 463 omnes
500 438 578 472 Reges
596 434 654 470 post
670 434 821 462 Romulum
836 454 844 465 ,
870 435 1016 470 imperium
1029 434 1118 470 adepti
1132 432 1191 461 sunt
1205 453 1212 464 ‚
1238 440 1333 469 praeter
1345 433 1463 462 Servium
1479 433 1593 461 Tullium
1606 454 1613 465 ‚
1641 436 1667 461 ὅς
1682 432 1854 471 Tarquintum
1868 435 1963 470 Super.

383 473 467 502 bum,
487 473 533 509 qui
552 481 607 499 non
625 471 745 509 legitime
765 473 797 500 ad
818 481 932 509 regnum
952 478 1139 509 pervenerunt.
1179 471 1301 497 Romulus
1321 479 1429 504 autem,
1448 481 1511 500 curn
1533 471 1617 499 nullus
1632 470 1717 499 adhuc
1736 471 1837 500 leuatus
1852 472 1928 504 estet,
1949 471 1963 500 ὲ

382 509 485 548 populo
506 510 647 537 communi
667 509 793 537 consensu
809 514 865 536 Rex
878 509 1022 538 declaratus
1036 510 1100 537 fuit:
1129 509 1170 536 cui
1184 517 1274 537 tamen
1288 509 1379 546 populi
1393 510 1563 538 declarationi
1576 509 1847 546 obtemperareprius
1860 510 1962 542 noluit,

383 558 465 586 quam
488 549 513 575 D
523 558 537 575 E
549 558 564 574 υ
575 559 587 576 s
609 547 724 584 auspicio
744 555 819 576 certo
839 548 1028 585 comprobaret
1041 548 1114 575 illatn
1131 547 1292 574 electionem
1307 557 1311 573 z
1340 556 1370 574 ac
1383 548 1480 576 deinde
1494 547 1564 575 hunc
1577 557 1683 574 morem
1699 548 1810 575 instituit
1822 568 1830 578 ,
1856 557 1890 575 ne
1903 550 1961 585 quis

384 586 431 614 nifi
451 585 573 620 auspicato
587 607 596 618 ‚
622 595 737 623 regnum
756 586 896 614 assumeret
909 607 916 618 ‚
944 587 1161 624 magistratumve
1181 585 1261 612 iniret
1275 606 1282 617 ‚
1309 592 1338 612 ut
1357 584 1447 614 scribit
1466 584 1599 623 Diorgysr‘us
1612 585 1657 612 lib.
1672 595 1697 612 2.
1713 586 1759 622 qui
1772 586 1854 614 etiam
1872 587 1961 619 addit,

383 623 556 653 observatum
568 624 620 651 hoc
639 624 708 661 apud
723 626 863 652 Romanos
876 624 926 651 esse
939 624 1023 662 longo
1035 632 1160 660 tempore
1173 644 1180 655 ‚
1200 633 1255 650 non
1271 622 1356 650 {olum
1369 623 1414 650 sub
1431 622 1538 661 Regibus
1551 644 1558 655 ‚
1578 633 1672 650 verum
1689 625 1773 651 etiam
1786 623 1884 651 sublata
1900 635 1964 652 mo-

384 662 492 690 narchia
505 684 513 695 ,
541 663 567 689 in
593 662 728 697 Confidam
742 682 749 694 ,
769 670 901 696 pratorum
913 681 921 691 ,
948 670 1158 698 caeterorumque
1184 659 1377 699 magistratuum
1396 662 1522 689 comitiis.
1562 661 1676 689 Potestas
1695 669 1774 697 atque
1791 661 1869 696 officia
1888 662 1963 700 Regis

383 701 493 729 fuerunt
505 722 511 732 ‚
532 699 646 734 primum
661 722 668 732 ‚
693 707 724 728 ut
741 699 811 727 sacra
830 708 949 732 curaret,
975 709 1054 737 atque
1075 699 1196 727 sacrificia
1208 720 1216 730 ‚
1243 708 1343 736 perque
1362 709 1424 727 eum
1443 706 1597 737 gereretur,
1623 699 1748 736 quicquid
1767 699 1799 725 ad
1818 699 1960 736 placandos

384 740 459 767 Deos
478 739 581 766 attinet.
620 738 757 770 Alterum,
777 745 808 766 ut
822 737 913 775 legum
926 748 956 766 ac
971 748 1079 766 morum
1091 738 1239 774 patriorum
1255 736 1365 765 haberet
1378 738 1524 766 custodiam
1535 759 1541 769 ‚
1563 739 1589 765 ὃς
1602 736 1668 772 juris
1683 737 1735 764 five
1750 737 1887 770 naturalis,
1908 739 1962 767 five

385 777 458 814 quod
472 776 568 812 scripta
582 778 606 805 f&
622 776 698 813 pafita
711 777 845 804 continet:
865 783 948 813 utque
961 776 994 803 de
1008 776 1112 811 injuriis
1125 775 1289 810 gravissimas
1303 775 1387 803 causas
1402 775 1456 814 ipse
1469 777 1644 807 decerneret,
1663 774 1774 802 leviares
1787 777 1958 811 permitteret:

384 814 547 844 ienatoribus
561 824 566 841 z
593 814 767 849 providendo*
777 815 885 842 interim
900 835 907 845 ‚
934 823 967 841 ne
986 814 1049 851 quid
1063 820 1218 850 peccaretur
1231 814 1259 840 in
1271 813 1376 849 judiciis
1389 824 1395 840 z
1422 815 1631 852 utquepsenatum
1644 820 1754 849 cogeret
1769 832 1776 844 ‚
1798 815 1916 847 populum
1931 815 1960 842 in

385 854 547 880 concionem
563 860 723 879 convocaret
736 873 743 884 ‚
763 853 865 888 primus
879 851 1037 880 sententiam
1048 852 1164 882 diceret,
1187 849 1265 887 quod
1274 851 1391 887 pluribus
1405 852 1539 888 placuiffet
1551 858 1640 879 ratum
1655 850 1772 878 haberet.
1811 853 1876 879 Haec
1891 853 1962 890 Regi

385 891 480 918 munia
500 889 618 917 Romulus
635 889 755 918 attribuit
769 911 776 922 ‚
804 891 830 918 δε
847 897 972 926 praeterea
991 889 1128 918 summurn
1147 889 1174 916 in
1193 889 1265 917 bello
1278 890 1433 926 imperium.
1460 890 1559 924 Πίονιν-β
1571 888 1613 917 Ιιό.
1625 899 1648 916 2.
1663 893 1721 916 Len.
1734 887 1777 916 lib.
1790 895 1816 915 1.
1829 890 1881 917 dec.
1893 897 1917 917 1.
1932 895 1960 919 ὅς

386 927 439 956 a‘lii.
481 927 628 965 Insignibus
640 935 731 955 autem
745 926 900 964 quibusdam
915 949 922 959 ,
943 935 972 955 ut
987 937 1040 964 pra:
1053 928 1153 955 exteris
1164 927 1307 955 internosci
1319 948 1326 958 ,
1347 930 1374 956 ὃ(
1388 939 1401 954 a
1415 923 1630 965 reliquo‘populo
1645 927 1756 955 discerni
1769 927 1873 964 poffent
1884 948 1894 960 ,
1914 933 1966 956 Ro-

387 966 471 995 mulus
483 987 490 998 ,
513 968 539 994 δε
554 966 611 1002 post
624 974 687 993 eum
701 965 745 992 alii
759 969 836 1002 Reges
849 965 886 992 ufi
901 965 1007 993 fuerunt
1017 986 1024 996 ,
1045 964 1131 1001 qualia
1144 964 1201 993 sunt
1214 965 1270 994 haec
1282 976 1288 992 :
1315 965 1477 993 Incedebant
1491 967 1578 993 ornati
1591 973 1707 1001 purpura
1721 985 1728 996 ‚
1748 967 1774 992 ὃ(
1790 972 1853 1002 toga
1866 976 1966 1004 purpu-

387 1014 433 1032 rea
446 1025 454 1039 ‚
481 1005 572 1032 dantes
590 1003 694 1040 populo.
708 1004 766 1039 jura
778 1023 784 1032 ‚
806 1004 832 1030 &
847 1011 997 1031 exercentes
1011 1003 1111 1038 judicia
1125 1002 1248 1031 sedebant
1262 1004 1289 1030 in
1303 1002 1363 1030 sella
1379 1003 1462 1031 curuli
1475 1002 1615 1040 conspicua
1628 1013 1633 1029 :
1657 1001 1788 1032 habebant
1804 1005 1873 1031 circa
1889 1004 1915 1032 se
1928 1005 1965 1032 le-

387 1044 446 1071 &os
458 1043 570 1078 juvenes
583 1048 718 1069 trecentos
732 1062 739 1072 ‚
767 1039 863 1076 eosque
879 1040 1069 1069 robustissimos
1084 1061 1091 1072 ,
1120 1042 1152 1068 ad
1167 1041 1313 1068 custodiam
1328 1040 1364 1068 sui
1379 1042 1499 1078 corporis
1512 1062 1520 1073 ,
1541 1042 1586 1078 qui
1602 1050 1647 1072 eo,
1670 1041 1742 1077 quod
1757 1042 1828 1078 Regi
1843 1043 1966 1079 quotidie

387 1082 481 1118 praesto
495 1080 577 1107 effent
591 1101 599 1112 ,
620 1079 633 1106 :l
648 1079 781 1107 celeritate
793 1077 875 1105 officii
886 1078 973 1105 celeres
987 1077 1045 1107 sunt
1060 1080 1204 1116 nuncupati
1218 1089 1223 1105 :
1243 1079 1353 1115 quidam
1366 1086 1458 1106 tamen
1469 1079 1483 1106 a
1494 1078 1601 1108 tribuno
1615 1098 1622 1110 ,
1643 1079 1686 1107 vel
1700 1078 1828 1115 praefecto
1842 1081 1901 1112 ino,
1922 1081 1965 1109 cui

388 1120 442 1147 hoc
461 1127 563 1146 nomen
583 1117 661 1145 fuerit
673 1137 680 1148 ‚
702 1116 743 1144 vel
763 1115 776 1143 ἐι
797 1115 883 1142 Celere
902 1117 1020 1153 quodam
1040 1118 1152 1145 Romuli
1172 1117 1290 1149 comite,
1311 1118 1356 1154 qui
1375 1121 1483 1144 Remum
1502 1116 1686 1148 interfecerat,
1706 1116 1795 1143 celeres
1814 1126 1859 1145 eos
1879 1119 1966 1146 dietos

388 1157 533 1185 affirmant.
572 1157 668 1183 Praeter
679 1154 763 1181 celeres
777 1152 907 1181 habebant
921 1154 1064 1182 duodecim
1077 1154 1141 1182 alios
1156 1155 1288 1182 ministros
1303 1175 1310 1186 ,
1330 1153 1468 1183 succinctis
1481 1154 1593 1182 vestibus
1608 1157 1634 1182 ὃς
1649 1155 1787 1190 expeditos
1801 1155 1833 1182 ad
1847 1156 1966 1192 plecten-

390 1196 439 1223 dos
452 1192 614 1222 facinorosos
626 1203 633 1223 ς
655 1201 721 1229 quos
738 1190 836 1219 [inflores
850 1199 960 1224 vocant,
982 1192 1026 1229 qui
1039 1193 1097 1229 ipsis
1112 1192 1194 1220 curuli
1208 1191 1267 1229 sella
1281 1192 1361 1219 vestis
1374 1213 1383 1224 ,
1403 1193 1558 1228 praeferrent
1569 1191 1704 1220 fasciculos
1718 1193 1854 1228 virgarum
1866 1215 1874 1226 ,
1896 1195 1966 1223 intra

390 1242 455 1270 quas
468 1232 584 1269 obligata
597 1230 692 1258 securis
703 1238 759 1258 erat
773 1249 780 1261 ‚
801 1230 835 1257 sic
849 1238 879 1259 ut
893 1230 995 1258 ferrum
1010 1231 1036 1257 in
1052 1231 1159 1258 iiimmo
1172 1229 1239 1257 fisce
1252 1237 1362 1258 extaret.
1396 1231 1479 1266 Cujus
1495 1231 1532 1257 rei
1546 1230 1630 1257 causas
1647 1229 1772 1257 Plutarch.
1789 1231 1816 1257 in
1831 1232 1969 1260 Problenu

389 1269 476 1307 probl.
486 1272 529 1299 82.
543 1269 671 1300 ostendit,
692 1269 824 1306 inquiens:
847 1268 889 1296 vel
902 1268 1031 1296 indicium
1049 1269 1074 1296 id
1088 1267 1176 1299 fuisse,
1196 1269 1264 1295 iram
1279 1268 1444 1305 magistratus
1456 1278 1512 1296 non
1527 1268 1622 1296 debere
1636 1268 1686 1294 effe
1700 1268 1727 1294 in
1741 1268 1867 1303 proclivi,
1888 1273 1914 1298 ὃς
1924 1270 1966 1298 so-

388 1309 474 1336 lutam
487 1319 492 1335 :
514 1307 555 1335 vel
567 1314 708 1343 propterea
721 1308 756 1334 iic
769 1306 920 1335 institutum
933 1327 942 1338 ‚
967 1314 997 1334 ut
1011 1305 1106 1334 solutio
1119 1305 1231 1333 fascium
1245 1327 1253 1338 ‚
1278 1315 1335 1343 quae
1347 1306 1473 1343 paulatim
1489 1307 1518 1335 fit
1529 1327 1537 1338 ,
1566 1314 1672 1333 moram
1686 1305 1802 1342 aliquam
1815 1307 1860 1335 irae
1872 1308 1966 1344 injice-

390 1354 431 1374 ret
445 1367 453 1378 ,
481 1348 508 1375 &
521 1345 719 1373 cunctationem
733 1355 737 1371 :
766 1343 905 1381 feciffeque
918 1353 1110 1381 nonnunquam
1123 1364 1130 1375 ‚
1155 1352 1184 1371 ut
1197 1343 1327 1372 sententia
1340 1346 1373 1372 de
1389 1343 1518 1382 supplicio
1532 1344 1664 1382 exigendo
1683 1351 1839 1372 mutaretur.
1880 1349 1968 1383 Vtrgns

390 1394 457 1412 vero
478 1387 504 1413 ὃς
518 1385 616 1418 ftcures
635 1382 711 1410 fimul
724 1383 783 1419 ipsis
795 1382 912 1418 praelatas
922 1403 929 1414 ,
955 1390 984 1410 ut
998 1392 1062 1409 cum
1077 1383 1204 1409 vitiorum
1219 1382 1268 1409 alia
1283 1381 1405 1410 sanabilia
1419 1383 1486 1416 sint,
1507 1382 1556 1410 alia
1568 1381 1717 1410 insanabilia
1729 1403 1737 1414 ‚
1764 1381 1840 1419 virgis
1852 1385 1968 1421 corrige-

390 1429 482 1450 rentur
494 1443 502 1454 ,
523 1431 579 1459 quae
598 1420 727 1448 emendari
746 1421 843 1457 possint
857 1441 865 1452 ‚
882 1418 1007 1455 ftcuribus
1026 1426 1226 1456 amputarentur
1246 1419 1447 1448 immedicabslia.
1489 1422 1644 1447 Numerum
1665 1428 1755 1448 autem
1774 1419 1894 1448 liv-*lorum
1913 1423 1972 1449 Ro-

390 1461 479 1488 mulus
492 1459 615 1497 sumpfit,
636 1458 676 1486 vel
692 1469 706 1485 a
718 1467 833 1486 numero
844 1458 951 1489 aviam,
972 1467 1029 1494 quae
1041 1458 1151 1494 augurio
1165 1457 1211 1493 ipfi
1225 1466 1338 1494 regnum
1352 1459 1557 1493 portenderant,
1577 1458 1619 1485 vel
1634 1457 1666 1485 ab
1681 1457 1816 1485 Hetruscis
1831 1459 1966 1492 finitimis,

392 1499 464 1535 quod
480 1498 498 1524 ii
513 1507 545 1524 ex
558 1497 702 1524 duodecim
719 1496 823 1532 populis
845 1495 908 1529 (tot
921 1496 994 1523 enim
1008 1497 1142 1531 primores
1155 1495 1231 1522 urbes
1252 1497 1279 1522 in
1294 1497 1421 1524 Hetruria
1440 1496 1514 1525 fuisse
1535 1495 1567 1522 ab
1587 1494 1740 1523 authoribus
1753 1495 1892 1531 proditum
1909 1497 1966 1532 est)

393 1535 578 1563 communiter
591 1543 681 1561 creato
695 1535 778 1571 Regi,
800 1533 913 1570 fingulos
928 1532 1020 1569 finguli
1033 1532 1123 1569 populi
1136 1532 1242 1560 lictores
1255 1533 1386 1561 dederint.
1412 1531 1536 1573 Tarquin.
1551 1532 1647 1567 Prtfius
1661 1542 1687 1560 v.
1702 1534 1893 1561 Romanorum
1908 1536 1968 1562 Rex

393 1572 452 1601 usus
466 1573 548 1600 etiam
561 1571 613 1599 fuit
627 1578 690 1609 toga
703 1572 773 1606 picta
785 1579 928 1609 purpurea,
949 1570 1007 1597 sella
1020 1571 1141 1598 eburnea.
1166 1571 1284 1599 Gestavit
1296 1581 1426 1599 coronam
1441 1580 1563 1603 auream,
1583 1570 1770 1607 sceptrumque
1782 1571 1929 1599 eburneum
1939 1573 1967 1600 in

392 1610 550 1639 summitate
563 1608 657 1637 habens
672 1609 802 1645 aquilam,
828 1608 954 1644 permissu
970 1608 1067 1636 scilicet
1080 1607 1181 1635 senatus
1195 1628 1201 1639 ‚
1222 1609 1367 1646 populique
1382 1610 1499 1637 Romani
1514 1628 1521 1639 ‚
1544 1617 1606 1635 cum
1621 1609 1733 1635 donatus
1748 1609 1778 1635 iis
1792 1608 1854 1636 effet
1867 1608 1899 1636 ab
1914 1612 1970 1638 He-

394 1648 487 1677 truscis
499 1668 507 1680 ‚
534 1657 591 1685 quae
611 1654 770 1675 ornamenta
789 1647 871 1674 etiam
885 1647 1040 1683 posteriores
1054 1648 1142 1683 Reges
1156 1647 1321 1674 retinuerunt
1334 1667 1342 1676 ,
1369 1647 1475 1675 testibus
1489 1644 1600 1683 Dionysio
1612 1665 1620 1676 ,
1646 1645 1692 1673 lib.
1704 1655 1729 1682 3.
1746 1645 1820 1673 Livio
1832 1646 1849 1674 l.
1862 1657 1888 1683 9.
1908 1647 1971 1674 I’lu-

396 1686 480 1714 tarcho
499 1686 527 1713 in
548 1685 678 1713 Romulo.
712 1685 783 1712 Floro
797 1703 804 1712 ,
833 1683 947 1718 Eutropio
963 1703 970 1712 ,
996 1684 1040 1711 lib.
1063 1694 1087 1711 1.
1110 1687 1135 1712 δε
1151 1684 1214 1711 aliis.
1245 1687 1379 1719 Impenum
1389 1693 1465 1718 penes
1485 1688 1562 1721 Reges
1578 1683 1628 1711 fuit
1649 1693 1731 1712 annos
1747 1693 1877 1712 chLirr.
1895 1689 1968 1714 Sext.

395 1722 502 1762 Ruffus,
521 1722 641 1761 Mffsla,
662 1722 762 1754 Livius,
784 1721 930 1756 Eutropius,
948 1720 1062 1758 Orosius,
1084 1724 1109 1749 &
1129 1721 1171 1748 alii
1187 1731 1194 1747 :
1221 1721 1348 1760 Diorgwfi'us
1368 1721 1570 1759 Halicarnasseus
1589 1720 1634 1751 lib.
1649 1731 1675 1757 4.
1694 1721 1761 1750 titul.
1777 1732 1800 1749 2.
1821 1731 1903 1750 unum
1925 1733 1970 1751 an-

394 1771 463 1790 num
477 1761 568 1828 adjicssit
578 1782 586 1793 ,
607 1761 649 1789 alii
661 1762 797 1800 pauciores
811 1768 966 1794 numerant,
987 1760 1061 1801 cujus
1074 1759 1230 1800 diverfitatis
1244 1761 1348 1794 caulam
1361 1761 1475 1798 Srgonius
1488 1760 1690 1798 commentarii}
1703 1758 1754 1790 suis
1769 1761 1796 1799 in
1812 1760 1896 1793 §astos
1909 1771 1969 1799 eru2

396 1798 454 1830 dite
469 1809 536 1830 mon
559 1801 635 1830 ravit.
732 1800 736 1801 ⁷

1086 1872 1110 1900 C
1130 1877 1151 1900 A'
1169 1882 1191 1900 P.
1232 1873 1288 1901 IV.

893 1930 946 1965 De
960 1930 1111 1980 praesensio,
1136 1933 1188 1967 vel
1204 1932 1323 1968 tribuno
1338 1934 1477 1968 celerum.

400 2011 562 2073 Tribunus
574 2032 581 2042 ,
607 2012 661 2040 five
679 2011 816 2049 praefedffls
836 2011 941 2039 celerum
954 2030 962 2040 ‚
982 2019 1012 2039 ut
1030 2011 1120 2040 scribit
1141 2011 1298 2047 Pomponius.
1321 2012 1363 2040 rit.
1387 2023 1412 2041 2.
1424 2010 1459 2052 ff
1479 2012 1510 2039 de
1528 2010 1590 2049 orig.
1609 2009 1692 2047 Juris
1710 2010 1760 2039 fuit
1780 2010 1824 2048 qui
1843 2012 1972 2049 equitibus

480 2060 589 2087 praeerat
601 2072 608 2083 ,
637 2054 664 2079 ὅ(
684 2050 764 2078 veluti
785 2049 929 2077 secundum
942 2050 1033 2077 locum
1048 2049 1062 2077 a
1076 2048 1182 2087 Regibus
1194 2051 1332 2080 obtinebat
1344 2072 1351 2082 ,
1379 2061 1433 2088 quo
1446 2051 1473 2078 in
1486 2060 1601 2078 numero
1616 2049 1666 2078 fuit
1677 2048 1769 2081 junias
1783 2053 1879 2076 Brutus
1892 2071 1899 2082 ‚
1926 2051 1973 2087 qui

402 2088 496 2115 author
510 2090 597 2117 extitit
612 2089 695 2125 Regis
709 2088 841 2124 ejiciendi.
862 2089 896 2116 Et
909 2087 988 2124 paulo
1001 2089 1058 2124 post
1072 2089 1124 2120 ait,
1145 2090 1283 2127 magistros
1297 2091 1415 2125 equitum
1427 2090 1465 2118 ita
1480 2088 1661 2116 Dictatoribus
1675 2087 1726 2115 effe
1737 2087 1856 2123 junftos,
1878 2095 1907 2116 ut
1917 2089 1971 2115 Re-

402 2124 478 2161 gibus
496 2127 589 2153 tribum·
608 2127 722 2154 sclerum.
762 2128 879 2154 Fuerunt
899 2133 989 2154 autem
1007 2125 1093 2152 celeres
1112 2128 1225 2154 trecenti
1246 2127 1415 2155 robustissimi
1427 2147 1435 2159 ,
1462 2128 1489 2155 ὅς
1508 2136 1539 2153 ex
1561 2125 1727 2154 nobilissimis
1750 2124 1857 2153 familiis
1876 2125 1970 2153 deleffi

400 2164 524 2198 juvenes,
545 2165 729 2192 commendati
750 2163 878 2200 suffragiis
897 2165 1047 2195 curiarum,
1069 2166 1095 2192 &
1115 2165 1177 2192 deni
1195 2174 1244 2201 per
1264 2166 1374 2204 lingulas
1394 2165 1477 2192 curias
1495 2165 1603 2196 deleffi,
1625 2164 1670 2200 qui
1690 2163 1752 2190 circa
1770 2163 1971 2201 Rejgemess'ent,

402 2198 489 2236 ipsum
507 2200 596 2228 hastati
612 2211 657 2237 per
674 2202 779 2230 Urbem
792 2202 977 2230 assectarentur
991 2223 998 2234 ‚
1021 2204 1047 2230 ὃς
1060 2201 1120 2236 juffi
1135 2204 1280 2231 ministeria
1293 2211 1485 2241 exequerentur
1495 2223 1504 2235 ,
1523 2203 1551 2230 in
1565 2201 1660 2230 militia
1674 2202 1834 2239 antesignani
1844 2221 1852 2232 ‚
1872 2203 1898 2228 ὃς
1910 2209 1970 2236 pro-

402 2237 533 2268 tectores,
554 2240 597 2274 qui
611 2241 691 2275 primi
704 2250 823 2278 pugnam
839 2241 950 2271 inirent,
972 2242 998 2268 δε
1013 2240 1141 2276 postremi
1155 2240 1180 2268 se
1193 2243 1353 2278 reciperent:
1372 2241 1467 2280 equites
1480 2241 1589 2278 quidem
1606 2240 1650 2267 ubi
1662 2248 1772 2275 campus
1785 2238 1885 2267 effetad
1893 2247 1972 2275 eque-

404 2276 455 2303 stre
468 2282 604 2315 certamen
619 2279 811 2306 accommodus
825 2300 833 2311 ‚
853 2279 951 2312 pedrtes
965 2288 1031 2305 vero
1044 2279 1072 2305 in
1082 2278 1175 2315 aspero
1189 2279 1251 2308 loco
1262 2301 1270 2312 ‚
1296 2282 1323 2309 &
1336 2289 1409 2316 equis
1418 2280 1503 2307 invio.
1544 2278 1674 2315 Appellati
1688 2277 1794 2305 fuerunt
1804 2275 1891 2302 celeres
1903 2276 1944 2303 vel
1958 2275 1972 2303 ὲ

401 2314 529 2340 telerfflm'
542 2313 694 2344 ministerii,
713 2316 788 2349 Juxta
800 2317 933 2344 rationem
950 2315 1071 2344 vocabuli
1082 2318 1216 2349 Romani,
1236 2317 1425 2352 velficlucefico,
1446 2318 1598 2345 cuinomen
1607 2317 1632 2344 id
1641 2315 1713 2343 fuiffe
1721 2316 1799 2344 dicit,
1819 2312 1972 2340 VelfilCe’lere

403 2351 520 2389 quodam
536 2351 647 2378 Romuli
660 2354 760 2379 comite
770 2374 776 2384 ‚
797 2356 842 2389 qui
853 2364 916 2381 eum
931 2355 958 2381 in
972 2363 1061 2391 pugna
1075 2360 1283 2383 contraRemum
1292 2355 1392 2383 strenue
1401 2356 1547 2391 adjuverit,
1570 2351 1890 2389 Remumqueoccidmit,
1912 2352 1972 2378 Flu-

402 2390 501 2419 nrchus
514 2389 542 2416 in
558 2389 686 2417 Romulo·
723 2391 759 2417 Hi
773 2393 884 2420 trecenti
897 2393 1023 2428 juvenes,
1042 2393 1070 2421 in
1083 2400 1136 2422 tres
1148 2396 1278 2422 centurias
1292 2394 1408 2423 distincti
1420 2415 1428 2427 ,
1449 2392 1553 2430 singulae
1566 2392 1643 2421 flium
1655 2389 1811 2427 pra-‘festum
1825 2388 1970 2421 habebant,

1929 2428 1976 2465 qui.
