2075 2734
419 93 473 130 5⁶²
706 83 1144 118 'An-riquiriirun
1186 81 1525 112 Romnunnum
1567 77 1745 114 Lus-VIII.-

419 141 530 182 persona
544 138 626 178 Craffi
639 140 739 168 mirum
755 140 783 166 in
797 136 912 165 modum
928 145 970 164 eas
983 135 1122 173 praedicat,
1143 137 1170 164 &
1184 134 1258 173 fiipra
1274 144 1369 163 ornnes
1383 134 1438 162 fere
1451 133 1625 163 bibliothecas
1638 136 1763 165 omnium
1779 136 2001 178 Philosophorum

420 180 533 210 extollit.
563 179 652 207 Verba
672 178 728 214 ejus
750 176 809 204 sunt
822 175 892 203 haec:
912 175 1031 203 Plurima
1054 174 1162 212 (inquit
1176 172 1296 212 Craffus)
1313 172 1347 211 est
1358 173 1386 201 in
1399 183 1430 202 xi
1441 184 1461 201 1.
1474 172 1568 201 tubalia
1580 172 1746 213 antiquitati}¹
1758 177 1862 214 effigies,
1881 182 1953 218 quod
1965 183 2000 218 &-

418 218 550 247 verboram
564 217 642 253 prim
656 213 764 253 vetusta
775 212 935 252 cognoscitur,
956 213 997 247 (ἶς’
1009 211 1136 241 astianum
1142 222 1237 251 genera
1249 212 1379 251 quadam,
1399 214 1524 248 majorum
1536 212 1751 246 consaetudinem,
1770 215 1904 257 vitamque.
1921 220 2002 250 decla.

419 265 495 285 rant:
514 256 567 284 five
580 249 637 293 quis
650 254 757 284 civilem
772 253 909 281 scientiam
923 251 1134 290 contempletur,
1155 260 1234 287 quam
1249 250 1352 278 Scaevola
1367 261 1421 279 non
1435 258 1510 288 putat
1526 252 1649 279 Oratoris
1663 251 1714 279 effe
1725 254 1878 290 propriam,
1898 257 1941 287 sed
1957 270 2002 288 cu-

418 295 524 334 jusdam
545 304 576 323 cx
594 294 645 322 alio
664 302 763 332 genere
778 292 924 329 prudentiae
936 312 944 324 ‚
968 298 1055 319 totam
1070 290 1138 318 hanc
1151 288 1289 327 descriptis
1301 290 1427 318 omnibus
1440 289 1552 318 civitatis
1566 290 1723 318 utilitatibus
1733 312 1740 323 ‚
1765 301 1795 320 ac
1810 294 1927 328 partibus
1938 308 2002 327 xm,

421 333 514 362 rabulis
533 333 665 361 contineri
682 330 805 360 videbitis
819 342 824 358 :
852 331 904 359 five
925 339 1006 368 quem
1026 330 1070 357 ista
1091 337 1240 367 praepotens
1255 331 1282 357 ὃς
1296 327 1412 365 gloriosa
1426 328 1592 364 Philosophia
1608 328 1723 357 delcetat
1737 331 1846 365 (dicam
1860 334 2000 372 audacius)

419 372 498 402 hosce
518 370 596 399 habet
611 371 699 399 fontes
712 370 836 399 omnium
851 369 1060 406 disputationum
1075 367 1179 396 suarum
1195 389 1202 400 ,
1229 368 1275 405 qui
1289 367 1349 407 jure
1362 366 1432 394 civili
1445 369 1472 396 ὃ(
1487 366 1589 404 legibus
1607 368 1790 397 continentur.
1831 370 1959 401 Fremant
1973 383 2003 402 o-

421 422 499 441 mnes
513 410 574 439 licet
586 431 593 442 ,
620 411 709 439 dicam
725 409 797 447 quod
811 408 896 437 sentio
911 429 918 440 ,
941 406 1094 434 bibliothecas
1115 406 1249 434 mehercule
1268 416 1382 433 omnium
1403 405 1596 440 Philosophorum
1612 417 1679 434 unm
1692 405 1756 435 mihi
1769 406 1874 435 videtur
1886 419 1917 438 xi
1927 421 1948 439 1.
1961 420 2002 440 ta-

418 449 538 477 hulmum
557 449 669 483 libellus,
681 447 712 487 fi
720 447 777 488 quia
789 446 872 485 legum
879 446 977 483 [πίε-τ,
998 445 1039 478 (⁶5⁵
1057 444 1139 480 capita
1151 444 1264 476 viderit,
1285 443 1325 477 ζῇ·
1340 442 1501 471 authoritatis
1511 446 1630 479 pondere,
1654 445 1687 478 &n
1701 445 1826 473 utilitatis
1838 445 1952 476 ubertate
1959 451 2006 485 fi⁴·

413 497 512 524 pemre.
552 488 666 526 Egregia
686 486 812 524 profecto
825 485 1029 514 commendatio
1042 483 1136 511 harum
1151 482 1392 520 pulcherrimarum
1406 482 1512 520 legum:
1534 484 1568 511 de
1586 483 1680 521 quibus
1693 485 1774 512 etiam
1792 485 1865 512 idem
1878 485 1921 516 lib.
1934 498 1958 515 2.
1973 489 2005 516 de

419 526 528 564 Legibus
546 525 637 554 scribit
651 547 658 557 ‚
683 525 756 563 quod
771 523 797 552 se
809 533 893 562 puero
907 523 991 551 moris
1004 523 1084 550 fuerit
1098 543 1105 554 ,
1130 531 1159 550 ut
1173 522 1292 558 juniores
1305 520 1360 548 illas
1374 521 1516 549 didicerint
1527 542 1535 552 ‚
1555 528 1682 559 tanquam
1696 532 1805 551 carmen
1819 525 2002 557 neceffarium.

420 566 506 604 Qod
527 565 612 602 magis
632 564 779 596 dolendum
793 563 844 594 est,
864 570 968 591 tantum
985 560 1135 589 thesaurum
1147 561 1204 595 jam
1220 559 1360 591 amissum,
1382 561 1409 588 δε
1422 558 1488 587 nihil
1500 559 1547 587 nisi
1561 559 1712 597 fragmenta
1725 563 1844 599 quaedam
1860 562 2002 600 supereffe,

420 602 482 631 hinc
495 603 558 631 inde
571 605 598 631 in
613 603 691 631 variis
704 601 874 638 scriptoribus
889 599 1010 642 dispersa.
1042 600 1074 627 In
1087 599 1182 636 quibus
1195 606 1287 627 tamen
1302 597 1472 636 colligendiS,
1492 599 1679 630 emendandis,
1700 601 1728 628 ὃ(
1740 599 1911 634 illustrandis,
1933 603 2003 632 mul-

420 642 442 670 ti
458 643 507 670 viri
521 642 667 670 doetiffimi
680 640 753 668 suam
772 648 883 676 operam
903 640 1046 676 posuerunt
1062 649 1069 665 z
1094 638 1136 666 alii
1150 638 1261 675 quidem
1281 636 1337 665 aliis
1351 636 1459 665 felicius.
1500 637 1622 668 Primus,
1642 644 1673 664 ut
1686 639 1800 675 opinor,
1820 641 1847 667 in
1865 639 1916 668 illis
1930 641 2005 670 colli·
2034 643 2036 645 ’

420 681 516 718 gendis
535 689 646 717 operam
664 679 737 707 suam
758 687 899 706 commum
913 677 1020 705 utilitati
1034 676 1177 705 collocavit
1191 679 1324 713 Aymarus
1338 673 1466 702 Rivallius
1479 674 1609 703 Allobrox
1623 695 1631 707 ‚
1657 675 1751 712 easque
1762 675 1807 704 lib,
1819 687 1844 704 2.
1883 679 2005 709 Historiae

420 719 487 755 juris
507 719 591 747 civilis
611 718 646 745 est
666 718 872 755 interpretatus:
892 718 971 744 Hunc
980 716 1061 744 secuti
1073 713 1253 749 Oldendoipius
1267 715 1434 746 Germanus,
1457 715 1483 742 &
1497 714 1637 748 Franciscus
1651 712 1810 740 Balduinus:
1830 724 1945 752 quorum
1960 718 2004 747 hic

420 757 525 793 prolixe
537 766 630 786 earum
645 755 803 784 sententiam
817 754 930 782 ostendit
945 775 953 786 ,
980 757 1005 783 ἃ
1021 754 1163 791 quomodo
1175 753 1218 788 jus
1236 752 1291 780 fere
1305 760 1396 781 totum
1411 751 1488 780 civile
1503 752 1564 780 inde
1578 752 1702 784 fluxerit,
1723 751 1888 781 conferendo
1899 764 1961 784 cum
1975 757 2006 786 il.

420 796 451 824 lis
472 793 661 823 Pandefflarum
678 795 741 832 leges
759 792 902 822 declaravit
916 803 921 819 ·.
946 792 989 820 ille
1010 802 1074 820 vero
1095 792 1212 820 breviter
1226 800 1268 819 eas
1282 791 1430 828 explicavit.
1472 792 1569 828 Neque
1582 800 1648 818 vero
1661 790 1719 827 post
1732 790 1780 818 hos
1794 800 1878 819 nemo
1892 793 2007 830 amplius

420 833 495 862 ausus
514 833 565 861 fuit
586 833 674 860 eidem
693 833 768 869 operi
790 841 901 860 manum
922 831 1077 859 admovere.
1118 830 1167 857 Sed
1185 837 1215 858 ut
1231 830 1318 856 nostra
1331 835 1391 857 :etas
1405 828 1477 856 ferax
1493 830 1529 856 est
1542 828 1687 857 doetomm
1702 829 1823 857 virorum
1837 851 1845 862 ,
1872 831 1909 859 ita
1923 833 2006 862 etiam

419 871 507 908 plures
521 873 547 899 in
563 871 601 899 his
616 870 716 908 legibus
730 870 918 901 emendandis,
932 870 992 906 quia
1006 869 1129 906 plurimae
1142 868 1289 903 depravatae
1303 866 1426 895 fuerunt:
1448 869 1475 895 &
1489 866 1651 904 explicandis
1663 888 1670 899 ,
1691 867 1752 905 quia
1765 867 1877 896 obscure
1890 869 2006 900 elabora-

419 916 491 938 runt,
511 910 586 937 Inter
602 918 648 936 eos
664 908 771 937 fuerunt
785 906 925 941 Franctfius
934 911 1136 938 Hottomannus‚
1150 904 1263 942 Jacobus
1276 905 1404 940 Cnjacius,
1413 904 1526 941 Jacobus
1540 906 1684 938 Rammius,
1703 906 1863 940 Pandulphus
1874 911 2009 945 Pratcy'us,

419 947 557 976 Adrianus
577 947 720 976 Turnebus,
738 945 859 984 Joftphus
874 943 995 981 Scaliger,
1018 945 1052 978 &-
1068 944 1162 981 Justus
1176 943 1284 983 Lipstus,
1307 943 1322 970 a
1341 953 1396 981 quo
1413 943 1496 979 justos
1509 944 1722 971 commentarios
1734 944 1761 971 in
1775 943 1820 972 has
1835 944 1921 984 leges,
1940 947 2007 977 ficut

419 988 448 1016 ὅ(
463 986 476 1014 ὲ
491 985 614 1013 Ludovico
627 985 748 1013 Carrione
768 983 947 1020 expectamus.
983 983 1121 1012 Omittam
1136 981 1200 1009 alios
1214 1002 1221 1013 ,
1250 981 1296 1018 qui
1308 981 1339 1007 de
1351 981 1445 1018 legibus
1457 980 1497 1009 his
1511 980 1677 1018 scripserunt.
1708 983 1781 1010 Cum
1795 984 1868 1011 enim
1882 992 1954 1013 tanta
1967 986 2007 1014 di-

420 1025 507 1062 ‘gnitas
528 1033 620 1052 earum
640 1023 687 1056 fit,
709 1026 733 1052 ἃ
749 1032 781 1050 xl
791 1032 812 1049 ι.
828 1020 982 1056 tabulaefhns
989 1019 1046 1057 fint
1059 1020 1138 1049 torius
1149 1018 1219 1055 juris
1230 1017 1326 1050 civilia,
1345 1028 1512 1056 nequaquam
1525 1020 1644 1047 arbitrati
1655 1018 1713 1048 sunt
1729 1019 1829 1049 summi
1843 1021 1882 1050 illi
1896 1024 1959 1056 viri,
1981 1023 2007 1052 se

423 1072 550 1100 operam,
571 1072 652 1100 quam
673 1061 767 1090 inistis
786 1059 948 1087 declarandis
969 1066 1118 1095 ponerent,
1139 1058 1249 1086 ludere:
1269 1055 1414 1094 praesertim
1430 1067 1492 1085 curn
1506 1058 1590 1085 etiam
1607 1058 1685 1086 multi
1705 1066 1806 1087 veteres
1816 1060 2006 1096 judsconsulti,

421 1106 515 1130 Sextus
532 1101 626 1134 AElius,
645 1101 747 1127 Servius
761 1096 899 1133 Sulpitius,
919 1096 1001 1124 Labeo
1015 1097 1056 1130 ἐς
1069 1100 1147 1132 Cujus
1163 1106 1205 1124 eas
1219 1096 1269 1125 suis
1284 1096 1487 1124 commentariis
1501 1095 1625 1124 illustrare
1636 1106 1692 1124 non
1705 1096 1850 1126 dubitarint
1861 1120 1869 1131 ,
1890 1109 2007 1136 quorum

424 1142 550 1169 omnium
565 1148 657 1168 tamen
672 1139 716 1166 vix
730 1138 842 1165 nomina
854 1135 914 1164 sunt
928 1136 1038 1173 reliqua:
1059 1135 1155 1173 scripta
1168 1143 1259 1163 autem
1275 1143 1337 1162 cum
1353 1135 1472 1163 maxima
1484 1135 1610 1162 omnium
1623 1134 1798 1164 studiosorum
1811 1136 1914 1173 jastura
1928 1139 2009 1167 imer-

423 1179 555 1207 cjdemnt,
589 1178 640 1206 sed
653 1177 763 1205 mittam
776 1175 832 1211 jam
847 1174 1004 1211 prolixiores
1017 1174 1144 1211 querelas.
1173 1175 1313 1210 Qantum
1326 1173 1357 1200 ad
1370 1173 1442 1201 hunc
1456 1182 1551 1201 meum
1565 1173 1708 1201 tractatum
1724 1175 1834 1207 attinet,
1852 1175 1913 1204 sciat
1928 1176 2009 1205 bene-

421 1216 498 1244 volus
517 1217 617 1248 lestor,
636 1215 691 1243 haee
708 1224 740 1242 xi
750 1224 771 1241 1.
784 1212 931 1241 tabularum
946 1212 1114 1250 fragmenta,
1135 1215 1161 1241 ὃς
1179 1212 1316 1249 reliquias,
1338 1210 1449 1238 collefia
1461 1211 1512 1239 esse
1527 1220 1559 1238 ex
1573 1210 1713 1241 Ciceronis,
1732 1214 1835 1251 Diorgys
1846 1212 2009 1250 Halicarnafi

413 1254 467 1290 fti,
487 1253 573 1287 Livii,
594 1252 702 1290 Agelli),
722 1256 794 1280 Sext.
811 1250 932 1286 Pompeji.
953 1250 1032 1289 festi,
1052 1249 1186 1283 Macrobii,
1207 1248 1296 1278 Plinii,
1318 1248 1373 1283 &a
1393 1249 1479 1280 libris,
1500 1251 1527 1278 ὅ(
1541 1259 1573 1277 ex
1588 1248 1730 1277 Pandeffl's.
1771 1250 1803 1278 In
1821 1252 1915 1288 quibus
1928 1253 2011 1289 expli-

419 1293 510 1321 candis
528 1293 648 1330 primum
669 1300 760 1319 earum
780 1289 939 1318 sententiam
959 1289 1163 1327 paraphrasticos
1183 1288 1243 1333 ipsis
1264 1287 1351 1316 verbis
1369 1287 1434 1326 legis
1448 1308 1455 1319 ,
1481 1287 1562 1316 ficubi
1575 1295 1686 1324 propter
1701 1287 1891 1318 obscuritatem
1907 1292 2010 1319 necesse
2056 1293 2057 1304 ¹

421 1338 492 1363 erat,
512 1331 624 1367 subjeci:
646 1329 742 1358 deinde
756 1329 775 1356 si
788 1338 841 1366 qua
853 1328 1030 1356 occurrebant
1045 1328 1125 1356 verba
1140 1336 1261 1364 antiqua.
1284 1325 1415 1358 obsoleta,
1437 1328 1463 1355 &
1479 1326 1492 1353 a
1506 1327 1596 1354 nostro
1609 1325 1654 1353 ufir
1663 1333 1784 1358 remota,
1805 1327 1943 1365 explicavi.
1962 1331 2010 1368 Ju-

422 1369 473 1397 stos
487 1369 699 1397 commentarios
712 1367 826 1395 scribere
840 1366 906 1393 mihi
921 1366 1088 1402 propositum
1103 1377 1158 1395 non
1174 1366 1234 1393 fuit:
1258 1364 1276 1392 ii
1291 1365 1336 1401 qui
1351 1374 1396 1392 eos
1410 1364 1569 1395 desiderant,
1591 1363 1629 1392 illi
1642 1364 1738 1393 adeant
1753 1365 1928 1402 Oldendorpii,
1948 1367 2010 1395 Bal-

420 1406 508 1439 duim,
527 1406 659 1439 Remuli,
678 1404 848 1433 Hottomanni
861 1425 870 1437 ,
891 1403 1097 1432 clarissimorum
1109 1403 1370 1442 jureconiiiltorum
1393 1405 1435 1436 δε,
1455 1402 1626 1440 sialiquando
1639 1403 1765 1435 edentur,
1777 1401 1947 1445 JustiLtpfii,
1969 1406 2010 1435 vel

419 1446 517 1473 Ludov.
534 1444 666 1472 Carriom's
679 1444 786 1480 scripta.

462 1485 597 1510 Caeterum
612 1490 642 1510 ut
655 1483 687 1509 de
699 1482 785 1508 ordine
799 1481 879 1508 etiam
894 1480 1017 1517 quaedam
1031 1481 1144 1513 addam,
1164 1490 1218 1518 quo
1233 1489 1343 1517 quaeque
1356 1479 1413 1510 lex,
1435 1481 1460 1507 δε
1474 1480 1502 1506 in
1517 1488 1567 1516 qua
1577 1478 1662 1507 tabula
1670 1478 1766 1514 scripta
1773 1478 1868 1511 fuerit,
1886 1490 1935 1508 nos
1944 1479 2008 1509 scire

422 1528 480 1548 non
493 1520 641 1556 poss‘umus:
662 1528 724 1547 cum
738 1527 829 1547 autem
844 1518 972 1552 Ausonius
984 1527 1074 1545 earum
1089 1520 1253 1555 tripertitam
1270 1517 1429 1545 divisionem
1444 1516 1519 1544 fuisse
1527 1517 1636 1548 scribat,
1656 1517 1692 1545 ita
1701 1524 1730 1544 ut
1738 1518 1825 1552 prima
1833 1519 2009 1553 parsadfiura

421 1558 569 1596 pertineat,
588 1557 669 1586 altera
680 1559 726 1591 jus
736 1556 878 1591 publicum,
900 1556 978 1583 tertia
991 1557 1033 1592 jus
1047 1555 1181 1591 privatum
1196 1555 1423 1592 comprehendat:
1443 1564 1496 1592 ego
1511 1564 1618 1592 quoque
1633 1555 1749 1582 eundem
1764 1555 1903 1587 ordinem,
1926 1565 2007 1593 quem

423 1604 483 1624 ante
497 1596 597 1633 aliquot
610 1605 692 1624 annos
708 1593 850 1629 franciscus
862 1597 1065 1627 Hortomannus,
1087 1597 1113 1623 &
1126 1594 1197 1624 hunc
1210 1595 1332 1632 sequutus
1345 1592 1430 1631 Joan.
1444 1593 1570 1627 Crispinus
1586 1592 1772 1624 observarunt,
1782 1590 1882 1630 sequar.
1904 1595 1944 1622 Ac
1951 1595 2006 1632 pri<

423 1643 503 1664 mum
515 1635 546 1662 de
559 1633 666 1672 legibus,
686 1643 744 1671 quae
757 1633 798 1669 jus
812 1632 916 1662 sacrum
929 1633 1056 1665 uastant,
1078 1642 1167 1670 agam.

775 1700 884 1732 Prima
896 1710 969 1747 pars
985 1699 1084 1747 legum
1103 1700 1159 1733 XI
1168 1701 1194 1733 I.
1214 1697 1407 1742 tabularum,
1434 1697 1471 1731 de
1480 1698 1553 1746 jure
1563 1698 1661 1744 fhcrO.

463 1770 503 1798 Ex
518 1769 549 1796 iis
560 1778 591 1797 xx
603 1777 622 1795 i.
636 1765 786 1795 tabularum
801 1765 974 1803 fragmentis,
995 1775 1052 1803 qus:
1066 1775 1223 1808 temporum
1242 1769 1338 1805 injuria
1350 1767 1451 1804 reliqua
1464 1765 1541 1793 nobis
1555 1765 1633 1797 fecit,
1653 1775 1735 1802 pauca
1744 1767 1891 1795 admodum
1900 1767 2011 1804 desticro}
2056 1768 2058 1776 '

422 1807 581 1845 loquuntur:
603 1806 725 1843 quinimo
738 1806 847 1832 unicum
864 1812 970 1832 tantum
982 1805 1013 1831 de
1019 1807 1099 1839 stum
1106 1814 1219 1839 privam
1233 1808 1300 1843 agit,
1323 1814 1416 1834 caetera
1430 1805 1524 1832 omnia
1537 1803 1567 1829 de
1573 1802 1704 1838 sune-ribus
1719 1806 1744 1832 δε
1753 1805 1895 1839 sepulchris,
1937 1809 2011 1835 Nam

424 1856 480 1884 ’,μω
497 1850 617 1879 Aymarua
633 1842 759 1870 zeii-allius
770 1842 897 1871 Allobrox
912 1865 919 1875 ,.
948 1846 972 1871 8<
987 1842 1103 1879 Joaimes
1119 1843 1297 1879 Ollendoipius
1310 1842 1489 1880 jurisconsulti
1502 1863 1510 1873 ‚
1537 1850 1569 1868 ex
1584 1841 1708 1868 Ciceronis
1722 1842 1753 1868 de
1765 1842 1871 1880 Legibus
1884 1845 1958 1873 libris
1971 1854 2012 1873 re-

423 1882 551 1913 citansex
566 1893 596 1911 xi
607 1893 627 1910 1.
641 1880 734 1910 tabulis
746 1880 836 1911 fuiffe,
856 1882 980 1909 convinci
997 1881 1071 1908 nullo
1086 1886 1171 1910 modo
1186 1883 1280 1918 potest.
1302 1882 1375 1909 Nam
1391 1890 1424 1908 ne
1439 1880 1520 1908 verbo
1528 1879 1636 1916 quidem
1646 1883 1729 1906 Cicero
1738 1882 1876 1913 meminit,
1899 1883 1972 1912 fuiffe
1981 1891 2011 1910 ea

424 1924 510 1959 capita
523 1923 549 1949 in
565 1932 597 1949 xi
608 1932 628 1949 ι.
641 1919 733 1947 rabuli:
745 1919 903 1956 perscripm.
923 1929 986 1947 cum
1000 1920 1114 1956 alioqui,
1135 1917 1239 1958 quoties
1253 1930 1332 1948 unam
1343 1942 1349 1952 ‚
1369 1928 1413 1948 aut
1428 1919 1515 1955 plures
1528 1927 1559 1945 ex
1573 1927 1604 1945 xi
1615 1927 1636 1944 1.
1650 1926 1801 1950 mutuatur,
1821 1920 1849 1947 id
1864 1920 1932 1949 haud
1947 1930 2011 1959 qua-

426 1970 506 1997 quam
523 1959 682 1990 distimulet,
705 1960 743 1986 uti
757 1959 846 1995 postea
860 1957 1018 1986 videbimus.
1042 1959 1123 1993 Quod
1137 1969 1199 1987 cum
1215 1961 1251 1987 ita
1265 1959 1312 1991 fit,
1332 1969 1381 1987 nos
1395 1958 1496 1986 omiffis
1508 1956 1739 1993 reliquisincertis‚
1761 1956 1793 1985 ab
1801 1967 1830 1986 ea
1838 1959 2010 1996 incipiemus,

427 2007 482 2036 qux
497 1999 530 2027 de
544 1998 621 2026 sacris
634 1998 743 2034 privatis
757 1998 827 2035 agit,
847 2003 926 2034 atque
940 1997 976 2025 ita
990 1997 1149 2035 concipitur.

912 2064 940 2096 I.
967 2065 1064 2097 Sacra
1076 2066 1207 2111 privata
1218 2072 1358 2113 perpetuo
1376 2070 1524 2096 manento.

466 2126 554 2162 Hujus
573 2126 639 2163 legis
658 2135 730 2156 extat
744 2128 929 2156 testimonium
941 2129 1012 2164 apud
1027 2127 1167 2156 Ciceronem
1183 2129 1210 2156 in
1225 2130 1355 2158 Oratione
1367 2138 1413 2165 pro
1427 2133 1539 2156 ,Murena
1552 2148 1560 2158 ‚
1586 2128 1632 2157 ubi
1646 2128 1681 2157 fic
1693 2129 1829 2168 loquitur:
1858 2131 1932 2159 Nam
1945 2139 2009 2158 curn

425 2165 559 2200 permulta
573 2164 695 2199 praeclare
708 2166 809 2203 legibus
823 2168 906 2195 effent
920 2167 1060 2195 constituta
1075 2187 1081 2197 ‚
1109 2176 1138 2194 ea
1150 2166 1202 2202 juri
1214 2166 1397 2197 'consultorum
1413 2169 1525 2205 ingeniis
1537 2167 1662 2205 pleraque
1676 2177 1799 2205 corrupta
1811 2190 1818 2202 ‚
1845 2179 1875 2198 ac
1886 2169 2010 2205 deprava-

428 2209 454 2243 ta
473 2200 539 2229 sunt.
578 2204 653 2243 Sim—31
673 2204 781 2232 interire
798 2205 834 2232 illi
853 2205 996 2233 noluerunt
1011 2215 1016 2232 :
1043 2204 1142 2232 horum
1163 2205 1272 2242 ingenio
1286 2206 1359 2235 senes
1375 2206 1406 2234 ad
1421 2207 1608 2243 coemptiones
1623 2206 1754 2235 faciendas
1769 2207 2012 2236 interimendorum

427 2241 560 2266 merorum
578 2243 651 2266 caula
667 2244 762 2282 teperti
778 2243 845 2272 sunt.
884 2244 963 2271 Idem
979 2243 1023 2271 lib.
1038 2254 1063 2271 2.
1079 2244 1112 2271 de
1125 2245 1232 2281 Legibus
1245 2254 1308 2272 cum
1321 2245 1389 2273 hanc
1404 2245 1492 2282 legem
1511 2245 1633 2281 possui'ss'et
1647 2255 1652 2271 ·.
1680 2249 1755 2273 Sacra
1765 2244 1870 2281 privam
1883 2253 2010 2281 perpetua

427 2284 564 2320 manento·
605 2278 646 2304 De
658 2280 734 2320 sacris
749 2301 755 2311 ,
782 2282 889 2318 inquit,
917 2281 972 2310 htc
991 2291 1042 2310 una
1062 2281 1092 2309 fit
1112 2283 1240 2311 r'cntentia
1253 2303 1260 2314 ,
1286 2292 1316 2310 ut
1330 2283 1500 2318 construentur
1516 2303 1523 2315 ,
1552 2282 1586 2317 ό·
1605 2281 1716 2318 deinceps
1731 2283 1840 2320 firmiliis
1850 2283 2012 2317 prodimtur:

425 2318 453 2344 ὅς
474 2322 502 2343 ut
522 2325 548 2343 in
569 2313 627 2357 lege
647 2314 736 2351 posui,
750 2316 930 2354 perpetuafim
939 2321 1024 2354 stim-a,
1064 2321 1098 2349 Et
1119 2330 1199 2348 mox:
1222 2320 1329 2349 Privata
1337 2322 1410 2356 siit-a
1429 2323 1466 2350 ita
1485 2321 1626 2358 pontificio
1639 2321 1698 2357 jure
1711 2322 1850 2350 constituta
1863 2321 1913 2352 ait,
1933 2329 1962 2349 ut
1976 2321 2010 2349 ad

425 2362 507 2393 quem
527 2361 637 2391 pecunla
651 2373 658 2386 ‚
684 2353 716 2381 ad
733 2357 849 2385 eundem
864 2358 946 2385 etiam
961 2357 1096 2387 sacrorum
1112 2359 1240 2398 obligatio
1254 2360 1415 2398 perveniret.
1455 2360 1584 2388 Omnino
1596 2360 1669 2387 enim
1681 2359 1879 2397 diligentiffime
1894 2359 1944 2387 effe
1958 2360 2013 2387 ani-

1937 2397 2013 2426 mad-
