2075 2734
554 94 1304 134 Dz--Lun1sR0MAN1s.Cn.19‚
1668 108 1726 142 34¹

817 180 841 207 C
862 191 878 208 A
899 191 922 208 r.
962 181 1040 208 XIX.

755 235 809 267 De
833 235 915 269 ludis
940 240 1096 272 Romanis.

191 320 229 351 'ui
249 322 358 351 Romani
375 321 430 350 ludi
449 321 568 352 fixerint,
594 319 676 348 docet
695 318 818 355 Afionius
839 319 972 348 Pedianus
990 323 1017 349 in
1038 323 1173 351 actionem
1193 335 1213 353 r.
1235 327 1264 353 in
1282 331 1396 356 Verrem
1418 324 1458 357 his
1479 331 1584 360 verbis:
1604 336 1718 364 Romani

140 321 275 403 Qludi
288 361 334 389 sub
348 360 466 403 Regibus
480 358 591 386 instituti
604 357 677 389 sunt,
698 367 833 396 magnique
847 358 983 394 appellati,
1005 361 1077 397 quod
1093 363 1196 398 magnis
1209 364 1332 400 impenfis
1348 367 1403 394 dati
1412 367 1487 400 sunt5
1506 377 1570 398 tunc
1578 373 1651 400 enim
1661 375 1716 409 pri-

220 409 300 427 mum
312 399 379 427 ludis
391 396 509 433 impeni'a
522 395 582 424 sunt
596 396 711 423 ducenta
726 396 809 424 millia
824 406 982 424 nummum.
1003 398 1054 425 Alii
1071 400 1132 426 ideo
1147 410 1245 437 magnos
1261 403 1331 429 ludos
1345 405 1430 432 diCtos
1440 414 1549 442 putant,
1570 411 1643 446 quod
1652 415 1716 438 Con-

129 440 159 473 so
173 459 180 470 ,
208 438 378 466 confiliorum
397 435 561 469 secretorum
575 435 637 461 Deo
650 454 658 465 ,
686 434 712 461 id
728 435 764 461 est
777 455 785 466 ‚
812 438 926 468 Neptuno
939 435 1046 463 laticum
1059 438 1130 474 Regi
1146 457 1152 468 ‚
1183 441 1209 466 bt
1224 449 1314 467 rerum
1328 443 1496 472 conditarum
1511 466 1518 477 ‚
1550 449 1574 475 ὃς
1590 449 1648 476 Dji's
1660 459 1718 477 ma-

136 478 196 513 gnis
209 498 218 508 ‚
238 477 265 504 jd
284 476 319 502 est
333 494 341 505 ‚
359 472 468 500 Laribus
487 472 568 499 Urbis
589 474 700 502 Romae,
722 473 777 500 dati
795 472 873 501 sunt:
894 473 988 510 quibus
1007 474 1082 510 ajunt
1101 483 1186 512 raptas
1207 476 1313 505 Sabinas
1334 480 1398 511 elle,
1420 490 1446 507 ut
1469 483 1589 512 videatur
1607 495 1718 523 propr&

136 514 189 542 hoc
203 515 290 542 dicere
305 511 430 548 Virgilius
443 521 449 538 ς
476 509 579 547 Μηὲῃὶς
592 509 818 548 εἰνιε)]]ἳόιιε’σᾶι’ό.
853 511 927 538 Nam
944 514 970 539 δε
987 512 1073 549 magni
1089 515 1115 541 Sc
1127 513 1239 547 circenses
1253 515 1336 542 iidem
1352 516 1410 544 sunt
1421 537 1427 546 ,
1455 521 1506 547 Sec.
1547 524 1628 551 Quod
1643 525 1715 557 Asio-

135 552 194 579 m'us
211 551 301 579 scribit
320 550 381 577 ideo
400 558 501 585 magnos
518 548 568 575 hos
586 548 656 575 ludos
674 549 761 576 dictos
782 548 832 576 effe
845 569 853 580 ,
879 549 951 585 quod
970 553 1045 584 Conso‘
1058 571 1066 582 ,
1086 551 1112 579 id
1133 552 1169 578 est
1181 571 1187 582 ,
1211 552 1381 580 confiliorum
1402 548 1594 586 secretorumk
1587 563 1647 589 Deo
1655 555 1668 593 ’.
1686 564 1714 591 id

135 591 171 617 est
186 611 194 622 ‚
219 592 331 622 Neptuno
345 608 351 619 ‚
378 590 429 614 διε.
449 587 502 614 dati
522 586 572 613 smt
586 607 593 618 ,
615 586 704 614 nescio
722 596 803 624 quam
824 596 919 614 verum
937 586 983 618 fit,
1003 597 1066 615 cum
1086 588 1177 615 Livius
1197 589 1255 617 illos
1275 590 1350 618 ludos
1370 594 1502 626 Cmstmlm
1521 599 1663 633 appellffiog
1684 601 1717 628 ῃ,

134 627 184 655 bro
203 638 224 655 1.
242 625 350 653 scribat:
370 626 412 652 cui
431 625 512 651 ctiam
534 627 612 651 Varro
631 624 699 652 libro
719 632 814 662 quarto
833 625 866 652 de
884 625 972 661 lingua
993 627 1102 658 Latina;
1123 627 1293 654 Tertullianus
1311 628 1380 656 libro
1395 629 1515 666 singulari
1531 640 1564 661 ue
1578 637 1712 672 specstacu-

129 666 161 694 lis
175 686 183 698 ‚
203 667 230 693 &
247 667 341 690 Sextus
360 662 477 689 Aurelrus
494 661 577 689 WcJor
595 662 783 699 assentiuntur:
804 663 876 700 quod
896 665 978 691 etiam
1000 665 1106 692 monuit
1128 669 1200 691 Tttus
1222 666 1324 702 Popma
1343 669 1412 695 notis
1433 670 1460 695 in
1477 671 1631 702 Asconmm,
1672 678 1714 704 De

131 702 254 730 Romanis
273 711 338 729 vero
356 701 422 727 ludis
442 700 486 727 lib.
505 711 525 728 ι.
554 701 643 728 Livius
657 702 684 728 in
698 700 803 728 historia
817 701 955 737 Tarquinii
974 701 1054 729 Prisci
1070 705 1104 730 V.
1120 703 1309 731 Romanorum
1327 705 1408 742 Regis
1425 706 1460 734 ita
1474 707 1581 737 scribit:
1609 713 1713 742 Bellum

131 743 253 779 primum
269 750 332 768 curn
348 739 448 766 Latinis
462 739 550 775 gessit,
572 741 598 767 ὃς
611 739 742 775 oppidum
757 739 793 766 ibi
807 737 920 773 Appiolas
937 740 962 766 vi
976 740 1059 775 cepit:
1079 741 1219 777 praedaque
1232 742 1294 770 inde
1310 744 1428 779 majore*²
1451 753 1531 781 quarn
1546 756 1641 784 quanta
1649 752 1711 781 beni

131 780 205 807 fama
219 779 317 810 fuerat,
338 777 457 808 revesta,
477 777 553 804 ludos
567 776 733 812 opulentius,
754 776 954 813 instructiusque
967 786 1047 813 quam
1062 779 1164 814 priores
1180 780 1283 817 Reges,
1305 780 1377 809 fecit.
1412 784 1485 809 Tum
1502 786 1620 819 primum
1636 789 1712 822 cirto‘,

132 818 178 855 qui
192 827 262 845 nunc
275 815 403 843 maximus
417 815 513 842 dicitur
525 833 532 844 ‚
560 814 708 851 defignatus
722 814 795 842 locus
809 814 844 841 est
858 835 865 845 ,
893 814 950 842 loca
965 815 1046 842 divisa
1060 816 1176 851 parribus
1190 837 1197 848 ,
1224 818 1408 856 equitibusque
1418 840 1425 850 ,
1446 820 1490 848 ubi
1504 822 1651 858 spectacula
1666 828 1713 856 fibi

132 855 242 893 quisque
264 855 382 882 facerent
392 873 400 884 ,
423 851 478 888 sari
489 850 619 888 appellati.
653 853 811 888 Spectavere
822 851 903 880 furcis
917 853 1055 881 duodenos
1069 854 1101 881 ab
1116 862 1184 882 terra
1196 854 1341 891 spenstacula
1355 857 1407 885 alt-a
1419 857 1602 889 sustinentibus
1616 866 1695 900 pedes
1704 886 1712 898 ,

130 892 340 921 Ludtcrum-fuit
354 912 362 924 ,
389 891 450 928 equi
463 910 471 922 ,
498 888 650 926 ΡυὲιΙείέμιε
665 899 697 918 ex
714 891 818 918 Etruria
833 892 951 919 maxime
966 892 1063 923 acciti,
1089 892 1209 920 splennes
1224 894 1321 922 deinde
1334 897 1415 923 annui
1428 899 1548 925 mansere
1561 899 1616 928 ludi
1630 922 1637 932 ,
1664 908 1714 930 Ro-

93 924 95 928 ’
131 931 205 959 mam*
223 929 356 968 magnique
375 929 447 956 varie
465 928 596 964 appellati.
638 929 728 964 Atque
745 928 771 956 hi
786 929 840 956 ludi
852 931 972 966 primum
987 928 1000 956 ὲ
1014 929 1121 967 Rngbus
1133 951 1142 962 ,
1172 933 1404 968 quemadmodum
1420 943 1451 961 ex
1465 935 1538 963 Livn‘
1554 938 1638 966 verbis
1654 950 1714 968 ma-

130 969 254 997 nifestum
271 968 308 995 cst
320 986 328 996 ,
353 966 498 994 edebantur
510 987 518 998 ,
542 964 626 993 tuma
642 966 786 1000 Canfiaelibus
799 988 807 999 ‚
833 968 872 994 uti
886 967 1026 995 verifimile
1042 968 1078 995 cst
1090 989 1097 999 ,
1118 978 1181 996 cum
1196 970 1214 996 ii
1229 971 1257 998 in
1271 972 1380 1008 Regum
1396 972 1458 1000 loco
1471 973 1651 1009 successerint,
1672 979 1714 1006 in-

131 1008 165 1035 de
184 1007 215 1034 ab
234 1004 354 1032 AEdrldms
367 1003 486 1039 plebejis,
514 1004 624 1031 tandem
644 1005 657 1031 ὲ
675 1004 817 1036 ιιινιιίιόω,
849 1005 988 1042 postquam
1009 1006 1026 1032 ii
1046 1008 1126 1034 creati
1146 1006 1254 1035 fuerunt
1268 1029 1274 1039 ‚
1294 1010 1322 1036 in
1343 1009 1477 1038 honorem
1497 1014 1580 1040 trium
1602 1024 1714 1053 magno.

127 1054 191 1073 rum
212 1046 349 1075 Deorum,
369 1041 450 1079 Jovp's
485 1040 614 1078 Junom's,
635 1045 661 1071 δε
682 1042 814 1074 Min-erra,
836 1044 909 1080 quod
932 1043 971 1071 vel
990 1053 1022 1071 ex
1045 1053 1100 1071 uno
1118 1044 1237 1072 cicerone
1257 1046 1316 1076 latis
1337 1049 1453 1080 constat,
1474 1052 1519 1086 qui
1533 1051 1602 1080 libro
1617 1063 1712 1090 quinto

128 1083 239 1111 aetionis
255 1092 279 1110 2.
292 1083 320 1109 in
333 1077 449 1109 Verre‘m
459 1079 518 1107 ‘hsec
528 1080 610 1107 dicit:
634 1082 716 1108 Nunc
730 1081 788 1108 sum
805 1082 953 1118 deiignatus
964 1081 1071 1110 AEdilis:
1091 1082 1176 1110 habeo
1191 1085 1322 1112 rationem
1332 1106 1340 1117 ,
1363 1087 1426 1123 quid
1441 1086 1454 1114 ὲ
1468 1089 1569 1124 populo
1584 1092 1712 1121 Romano

128 1121 298 1158 acceperim:
325 1119 394 1147 mihi
414 1119 491 1147 ludos
508 1117 684 1146 saudfiffimos
696 1139 704 1150 ‚
732 1121 852 1146 maxima
874 1129 936 1146 cum
958 1121 1112 1147 ceremonia
1132 1120 1218 1147 Cereri
1230 1141 1238 1151 ‚
1266 1122 1352 1150 Libero
1366 1145 1373 1155 ,
1399 1123 1540 1164 Liberaque
1561 1127 1714 1161 faciendos,

129 1159 199 1188 mihi
218 1158 319 1185 Floram
339 1166 448 1185 matrem
467 1156 568 1192 populo
587 1155 712 1193 plebique
735 1159 865 1185 Romam:
883 1157 1006 1184 ludorum
1028 1157 1181 1187 celebritate
1192 1159 1366 1195 placandam:
1396 1162 1463 1190 mihi
1477 1164 1554 1193 ludos
1567 1168 1712 1204 antiquissi-

129 1207 192 1225 mos
206 1218 213 1229 ‚
240 1198 285 1233 qui
298 1197 381 1232 primi
395 1194 504 1222 Romani
516 1194 639 1230 appellati
650 1194 708 1221 sunt
721 1215 729 1226 ,
756 1196 874 1223 maxima
888 1204 949 1221 cum
965 1196 1096 1231 dignitate
1111 1206 1141 1223 ac
1157 1198 1286 1234 religione
1299 1197 1380 1234 Jovi‚
1400 1198 1517 1235 Junom‚
1537 1207 1709 1244 Mmervaeque

131 1235 184 1263 effe
196 1234 338 1261 faciendos.
368 1233 405 1261 Hi
418 1242 484 1260 vero
495 1231 550 1258 ludt
562 1233 682 1268 primum
694 1232 808 1266 cirrenfts-
818 1239 892 1259 erant
906 1252 912 1263 ‚
932 1234 1003 1269 quod
1018 1242 1052 1272 ex
1067 1233 1153 1261 verbis
1166 1234 1238 1261 Lxx-ti
1250 1236 1330 1271 paulo
1343 1245 1405 1264 ante
1419 1237 1432 1264 ἐι
1446 1238 1523 1266 nobis
1536 1241 1609 1269 citati
1625 1243 1711 1271 maiii-

132 1272 229 1300 festum
249 1271 303 1298 est:
329 1270 425 1298 deinde
440 1279 503 1297 vero
517 1270 597 1297 etiam
613 1269 720 1298 fuerunt
726 1269 816 1303 scenici
828 1291 835 1302 ‚
863 1277 892 1297 ut
906 1270 979 1297 idem
993 1274 1082 1297 Ln-tus
1093 1272 1175 1299 'docet
1189 1293 1198 1303 ‚
1226 1281 1285 1300 tum
1301 1273 1361 1301 alibi
1376 1295 1383 1305 ,
1411 1283 1470 1302 tum
1487 1276 1555 1304 libro
1569 1281 1709 1316 trigefimo

130 1311 236 1348 primo,
259 1308 304 1336 ubi
323 1308 357 1336 fic
370 1308 472 1335 scribit:
493 1306 561 1333 Ludi
576 1306 781 1342 Ro›n.miftenici
795 1318 828 1335 co
841 1314 912 1335 anno
928 1309 1085 1345 magnifice,
1106 1318 1281 1347 apparateque
1294 1311 1357 1339 faeti
1370 1312 1402 1339 ab
1417 1315 1546 1343 AEdilibus
1560 1318 1710 1351 curulibus,

129 1353 162 1376 L.
183 1346 278 1375 Valerio
298 1346 382 1373 Flacco
395 1366 404 1378 ,
431 1348 458 1374 ὃ(
478 1349 500 1371 L
529 1343 651 1382 Qinel‘to
664 1344 790 1373 Flammio
803 1346 915 1380 biduum
929 1347 1062 1374 instaurati
1076 1345 1143 1375 sunt.
1183 1350 1316 1376 Caeterum
1333 1360 1395 1377 cum
1410 1350 1438 1377 hi
1451 1352 1504 1379 ludi
1518 1354 1637 1389 primum
1655 1366 1710 1385 uno

128 1387 186 1418 die,
206 1385 294 1422 postea
307 1384 402 1416 biduo,
425 1384 532 1412 &item
545 1384 634 1410 triduo
649 1391 851 1419 peragerentur,
873 1385 982 1411 tandem
996 1384 1082 1419 plures
1095 1385 1151 1412 dies
1166 1386 1196 1413 iis
1210 1386 1268 1414 sunt
1282 1387 1383 1415 tributi.
1425 1390 1490 1416 Fasti
1508 1392 1617 1427 quidem
1636 1404 1710 1423 vete-

127 1434 170 1453 res
183 1432 283 1451 novem
295 1423 436 1449 continuos
449 1422 521 1452 dies,
544 1420 558 1447 ’ξι
571 1421 657 1456 pridie
673 1423 765 1448 Nonas
780 1422 958 1457 Septembris,
980 1421 1062 1458 usque
1076 1423 1108 1449 ad
1122 1423 1281 1460 pridie-I-dus
1295 1425 1439 1454 celebratos
1452 1437 1497 1455 eos
1512 1430 1708 1461 fuiss'edocent:

127 1462 188 1500 post
200 1470 267 1498 quos
280 1460 363 1488 biduo
377 1460 520 1496 interjeeto
535 1479 542 1490 ,
563 1459 626 1486 alios
639 1459 707 1485 ludos
720 1463 844 1486 Romanos
858 1460 885 1487 in
900 1460 972 1487 circo
985 1468 1031 1495 per
1045 1461 1160 1496 quinque
1174 1462 1229 1488 dies
1242 1461 1359 1495 habitos,
1379 1465 1462 1492 iidem
1479 1467 1613 1495 testantur.
1649 1473 1708 1498 Hos

127 1508 221 1529 tamen
242 1497 336 1525 Paulus
349 1502 484 1525 Mannum
497 1497 711 1524 Commentariis
722 1498 749 1524 in
764 1497 899 1525 astionem
911 1498 1030 1535 primam
1046 1500 1189 1527 Verrinam
1199 1520 1207 1532 ,
1234 1500 1367 1530 institutos
1381 1503 1432 1531 effe
1447 1504 1592 1533 arbitratur
1606 1508 1665 1542 post
1678 1508 1707 1535 il-

127 1538 175 1568 lud
187 1545 307 1574 tempus,
327 1546 381 1575 quo
396 1539 494 1565 Verres
506 1536 542 1564 est
555 1535 570 1565 a
582 1538 698 1563 (ἷκεν-οἰκ
710 1535 850 1565 accusstus.

814 1615 838 1642 C
861 1626 877 1643 A
898 1627 922 1644 Ρ.
961 1610 1026 1644 5(Χρ

380 1671 431 1705 De
444 1667 526 1703 ludis
535 1667 677 1718 plebel’is,
703 1671 933 1719 compitalitiis‚
960 1670 1196 1720 Augustalibus,
1223 1679 1269 1708 (γ’
1288 1673 1451 1710 Palatini&

170 1769 172 1771 >
184 1747 230 1777 udi
236 1748 325 1784 plebey'i
335 1769 342 1780 ,
368 1748 458 1777 scribit
471 1747 588 1784 Aftonius
603 1748 733 1777 Pedianus
746 1751 774 1778 in
787 1750 922 1778 cretionem
940 1761 961 1779 1.
981 1751 1133 1783 Ciceronis,
1154 1751 1182 1778 in
1195 1754 1310 1780 Verrem
1324 1773 1331 1784 ‚
1352 1752 1412 1782 sunt
1426 1762 1493 1790 quos
1506 1754 1603 1782 exactis
1619 1755 1703 1793 Regi-

203 1787 251 1816 bus
263 1796 313 1824 pro
326 1786 447 1816 libertate
459 1787 543 1826 plebis
555 1789 613 1823 post
627 1788 748 1817 fecerunt
762 1790 895 1821 Romani,
915 1797 960 1816 aut
972 1799 1023 1826 pro
1029 1790 1247 1818 reconciliatione
1255 1790 1337 1827 plebis
1345 1792 1402 1827 post
1410 1790 1580 1819 scceffionem
1588 1794 1615 1821 in
1626 1803 1704 1822 mon-

126 1832 186 1854 tem
205 1826 373 1853 Aventinum.
413 1826 466 1854 Alii
485 1835 531 1855 eos
550 1827 608 1861 post
625 1827 743 1862 primam
763 1827 845 1863 plebis
860 1828 889 1854 in
900 1826 1003 1855 [acrum
1018 1836 1143 1857 montem
1159 1827 1331 1856 seceffionem
1344 1830 1466 1865 primum
1481 1830 1567 1858 editos
1579 1830 1705 1860 scribunt.

127 1866 186 1892 Hos
200 1863 290 1891 AEdiles
295 1863 374 1898 plebis
386 1864 514 1896 edebant,
533 1865 571 1892 uti
587 1873 619 1891 ex
631 1865 704 1891 Lwio
717 1874 772 1892 non
786 1872 840 1892 uno
853 1865 915 1892 loco
928 1866 1094 1903 intelligitur.
1122 1867 1140 1893 F
1143 1866 1232 1893 iebant
1244 1875 1334 1894 autem
1350 1868 1377 1894 in
1392 1868 1464 1895 circo
1477 1876 1499 1894 a.
1512 1868 1538 1895 d.
1551 1878 1601 1896 xvr
1612 1880 1633 1896 1.
1648 1872 1704 1897 Ka-

123 1901 213 1929 lendas
227 1902 394 1930 Novembris
405 1911 453 1938 per
466 1903 585 1930 triduum
600 1922 608 1934 ,
634 1911 664 1930 ut
678 1904 803 1930 testantur
816 1911 918 1931 veteres
932 1903 1007 1941 Fasti.
1048 1905 1137 1940 Atque
1151 1906 1178 1931 in
1191 1903 1231 1930 his
1244 1904 1310 1931 ludis
1325 1905 1511 1932 obrervabatur
1522 1925 1528 1934 ‚
1555 1913 1585 1933 ut
1598 1909 1704 1944 quoties

124 1940 327 1970 instaurarentur
341 1961 348 1971 ‚
373 1940 404 1968 ab
421 1940 539 1968 AEdihbus
556 1941 682 1968 ludorum
698 1941 772 1969 caula
786 1942 894 1977 epulum
909 1942 1023 1969 daretur.
1063 1943 1157 1969 Errant
1170 1942 1216 1979 qui
1229 1940 1278 1968 hos
1294 1942 1400 1970 eosdem
1415 1952 1478 1970 cum
1493 1947 1613 1970 Romanis
1625 1944 1700 1973 fuisse

125 1980 276 2014 opinantur.
307 1978 358 2006 Sed
376 1980 409 2006 de
428 1979 468 2006 his
485 1978 538 2007 hoc
551 1979 613 2007 loco
627 1988 682 2005 non
695 1988 742 2006 ero
755 1979 893 2015 prolixior.
927 1980 1035 2007 Restant
1048 1979 1081 2006 de
1094 1980 1162 2007 ludis
1176 1980 1220 2016 qui
1234 1980 1262 2006 in
1276 1981 1400 2008 Deorum
1412 1980 1545 2009 honorem
1559 1982 1611 2010 affl
1625 1982 1699 2016 sunt,

124 2015 258 2051 Conficales
272 2016 299 2043 &
312 2015 475 2050 compimluin‘.
661 2021 663 2023 ’

164 2056 206 2082 De
220 2053 288 2081 ludis
301 2054 472 2088 Confimltbus,
493 2064 555 2083 cum
572 2056 599 2082 in
614 2055 772 2083 Kalendario
785 2055 943 2085 dixerimus,
964 2064 1020 2082 non
1035 2054 1137 2082 necesse
1152 2056 1188 2082 est
1202 2064 1232 2081 ea
1246 2054 1289 2083 hic
1300 2056 1394 2092 repeti,

161 2093 205 2120 De
221 2091 289 2119 ludis
300 2091 466 2126 compttalitiis
479 2092 535 2120 haec
549 2092 645 2130 Julius
656 2095 733 2128 Caffir
744 2092 851 2130 scaliger
865 2093 934 2120 libro
955 2103 973 2119 ι.
992 2093 1113 2121 Poetices
1126 2114 1134 2125 ,
1161 2093 1247 2129 capite
1263 2096 1306 2123 28·
1319 2094 1424 2122 scribit:
1451 2096 1522 2124 Ante
1535 2096 1641 2126 Urbem
1657 2099 1701 2126 de-

123 2131 252 2168 signatam
266 2129 280 2156 a
293 2130 414 2158 vicorum
430 2132 555 2168 compitis
567 2152 576 2163 ‚
603 2132 630 2158 in
644 2133 738 2168 quibus
752 2132 793 2168 agi
808 2132 885 2158 abant
900 2132 1012 2168 agrestes
1025 2151 1032 2163 ,
1059 2130 1115 2157 ludi
1131 2133 1156 2158 δε
1172 2131 1234 2158 faeti
1251 2133 1276 2159 δε
1292 2132 1356 2159 dieti
1368 2132 1540 2167 compitalim:
1559 2137 1701 2166 intermissi

123 2169 221 2196 deinde
233 2168 264 2195 ad
278 2167 394 2195 Servium
408 2167 488 2205 usquc
502 2171 607 2206 Regem
621 2189 628 2201 ‚
656 2179 685 2197 ac
698 2179 745 2206 per
759 2179 883 2197 vicorum
899 2170 1039 2206 Magistros
1052 2169 1184 2196 instaurati
1198 2189 1204 2199 ‚
1231 2170 1461 2205 quemadmodum
1475 2173 1488 2199 a
1505 2175 1537 2199 L.
1551 2172 1636 2208 Pisone
1650 2176 1699 2202 ite-

123 2216 186 2234 rum
200 2214 320 2234 curatum
336 2206 372 2233 est
384 2227 391 2238 ‚
418 2214 447 2233 ut
461 2216 508 2244 per
521 2207 628 2235 eoidcm
645 2208 783 2246 magistro:
794 2228 801 2239 ‚
822 2209 867 2244 qui
881 2215 939 2234 turn
954 2206 1072 2244 pracfecti
1087 2207 1220 2235 nominati
1233 2207 1308 2239 sunt,
1328 2207 1535 2238 restituerentur.
1575 2213 1700 2240 Tandem

120 2244 228 2273 sublatis
246 2243 364 2280 collegiis
383 2244 431 2281 ipfi
451 2247 550 2280 pariter
567 2245 659 2273 aboliii
678 2246 745 2274 sunt.
786 2247 915 2273 Meminit
928 2244 1146 2280 compitalittorum
1160 2244 1287 2273 ludorum
1302 2246 1385 2274 etiam
1396 2250 1528 2275 Suetonius
1540 2249 1568 2276 in
1582 2251 1701 2288 Augusto

122 2283 208 2320 capite
221 2293 265 2320 31·
283 2284 325 2310 De
337 2282 505 2317 compitalibus
517 2284 545 2310 in
561 2283 721 2312 Kalendario
734 2293 840 2322 quoque
854 2284 980 2311 diximus·

161 2321 205 2349 Ad
224 2321 272 2348 hos
291 2320 366 2348 ludos
380 2342 387 2352 ,
413 2321 459 2358 qui
479 2321 507 2348 in
527 2322 649 2349 Deorum
669 2322 803 2350 honorem
823 2321 1019 2350 celebrarentur
1033 2342 1039 2353 ‚
1066 2321 1214 2360 Augustales
1228 2331 1334 2360 quoque
1349 2324 1375 2350 ὃ(
1389 2322 1518 2351 Palatina
1532 2325 1632 2353 referre
1644 2334 1701 2354 non

117 2359 298 2388 incommode
316 2359 468 2396 pessuium,
490 2368 553 2387 cum
573 2360 654 2388 etiam
669 2359 810 2398 Augzssus,
830 2360 857 2388 in
871 2360 945 2397 cujus
958 2359 1092 2388 honorem
1107 2361 1160 2388 aeti
1170 2360 1209 2389 illi
1221 2360 1294 2394 sunt,
1314 2361 1372 2398 post
1385 2363 1519 2391 excelsum
1532 2373 1565 2393 ex
1579 2364 1633 2393 vita
1646 2372 1697 2400 pro

1059 2401 1083 2427 V
1097 2409 1113 2428 v
1134 2409 1147 2437 3
1638 2403 1700 2430 Deo

1740 1424 1789 1479 ᾧ,
1803 1415 1867 1455 ἔξω,
1879 1407 1973 1458 Viba-
