2075 2734
386 90 449 123 848·
827 85 1159 113 PaurirM

385 133 574 165 quiserercitum
582 137 642 156 extra
651 131 713 156 suam
725 130 870 162 provinciam
884 130 969 159 injuss'u
982 132 1065 163 populi
1078 131 1155 157 duxit,

386 165 491 198 auripse,
511 165 593 189 relicto
601 164 716 190 exercitu,
735 163 861 193 provincia
868 162 954 187 finibus
962 162 1065 187 excellit:
1080 162 1157 193 siquis

386 197 500 228 rempub..
509 196 546 220 sua
553 197 619 228 culpa
633 196 694 219 male
701 194 778 225 geffit:
796 193 812 216 si
820 193 943 218 stationem
951 194 1062 218 deseruit:
1079 193 1158 217 sicon-

388 226 737 253 tralibertaremconliliainiit:
755 226 771 248 si
785 224 926 250 seditionem
933 234 970 250 aur
979 226 1068 250 bellum
1076 226 1160 249 excita-

387 261 435 284 vit:
455 260 470 284 si
479 258 696 291 publicunihostem
704 257 773 281 dorni
780 258 882 288 privatus
889 257 980 282 habuit:
998 257 1160 286 fiiuscivitatis

387 300 427 316 aut
435 292 578 323 magistratus
586 290 722 313 imminuit:
738 288 754 311 si
762 296 841 319 praeter
849 290 1079 321 dignitatemvpopuli
1088 292 1160 313 Rom.

389 325 455 355 regio
470 326 494 347 in
507 323 621 346 comitatu
635 320 693 344 fuit:
711 319 726 343 fi
735 327 813 343 conrra
827 321 920 345 bonum
934 322 1056 353 publicum
1070 322 1162 344 locutus

387 356 420 379 cst
431 372 437 382 ‚
455 354 521 386 quod
534 353 655 381 maiestatis
672 351 771 383 quidem
784 353 895 380 crimen,
912 361 962 377 non
976 360 1054 376 tamen
1067 352 1163 384 capitale

389 387 435 410 suit
450 403 455 412 ‚
473 392 499 409 ut
511 385 623 416 exemplo
635 384 759 408 docuimus
774 391 779 405 :
795 390 901 415 praeterea
914 401 921 412 ‚
939 385 955 408 st
967 385 1021 415 quis
1033 385 1060 407 ad
1072 383 1162 408 hostem

391 417 492 444 transsit,
509 416 602 441 aliudve
610 416 668 447 quid
675 423 730 438 curu
743 422 773 438 eo
786 415 891 439 adversus
903 416 1072 448 rempublicam
1088 415 1164 447 pastus

390 449 433 473 est.-
449 451 501 473 Haec
509 449 534 472 in
542 449 657 480 populum
666 445 720 471 1³ssae
726 447 848 475 majestatis
858 447 966 472 crimina.
974 449 999 472 in
1007 447 1164 479 magistratum

391 487 468 504 autem
476 498 482 508 ‚
501 481 537 504 vel
546 482 570 504 in
579 480 688 512 principis
696 477 817 510 personam
826 496 832 506 ,
845 478 861 502 fi
869 480 922 511 quis
928 481 976 504 vim
983 481 1086 504 omnino
1093 480 1165 502 ullam

391 513 481 536 attulit:
499 511 620 536 fitribuno
628 511 702 543 plebis
716 511 870 534 intercedenti
883 519 932 535 non
958 513 1030 538 aruit,
1048 518 1084 534 aut
1098 510 1124 533 ab
1135 518 1164 533 eo

392 545 536 568 concionem
549 544 666 569 avocavit,
684 550 738 565 eum
754 544 835 573 privari
847 544 902 566 loco
915 543 941 566 hi
977 544 1008 571 it,
1026 550 1050 566 ut
1065 550 1130 574 pura,
1148 541 1164 565 fi

392 577 525 599 occurrenti
536 575 561 598 in
574 576 610 599 via
623 582 673 598 nou
685 574 761 600 ceffit,
781 574 928 598 ficonfilitim
938 575 1010 606 plebis
1018 574 1164 598 disturbavit:

393 608 492 634 &huius
504 607 595 638 generis
608 607 648 630 alia
658 623 664 633 ‚
682 613 732 636 quat
745 605 811 629 facile
823 605 943 637 poffirmus
954 608 1086 638 intelligere
1099 613 1126 629 ex
1140 613 1164 629 ea

395 639 550 666 defiuitione,
568 646 618 670 quae
631 638 722 670 prodita
734 637 808 661 literis
818 637 862 661 est:
879 639 1026 670 &lajestarem
1039 647 1057 660 ts
1071 639 1150 660 minuit
1159 653 1164 663 ‚

396 672 438 702 qui
450 680 474 694 ea
487 672 547 694 tollit
560 686 567 696 ‚
592 679 619 693 ex
635 669 715 701 quibus
729 672 828 692 civitatis
840 672 961 700 amplrtrdo
979 671 1064 697 confiat.
1093 672 1166 700 Leges

396 703 551 726 nominantur
559 701 605 727 hae,
622 701 827 732 primumillaXII.
839 700 909 725 tabul.
923 702 1003 733 dequa
1017 700 1125 731 Polybius
1138 701 1166 724 li-

394 733 438 758 bro
453 737 480 758 V.
493 741 531 761 ut,
548 734 590 764 qui
598 732 689 756 hostem
696 731 841 759 concitasiet,
859 733 980 757 velcivem
988 732 1048 756 hosti
1061 731 1167 756 tradidis—

393 764 442 793 set,
460 766 534 796 capite
542 764 703 795 poenasdaret:
721 764 807 789 deinde
819 763 963 791 tribunicia,
983 764 1108 796 Appuleia,
1125 766 1165 787 Va—

395 798 427 820 ria
442 814 448 824 ‚
466 796 606 820 Consulares
620 813 626 823 ,
643 796 753 820 Cornelia
766 813 773 823 ‚
790 797 863 827 Julia,
880 797 994 820 Antonia.
1028 795 1167 826 Appuleiam

395 829 451 852 tulit
458 845 464 854 ,
473 829 560 859 opinor
568 845 573 855 ‚
592 830 619 851 L.
630 828 754 859 Appuleius
761 828 893 851 Saturninus
900 828 1006 851 tribunus
1013 828 1088 858 plebis
1095 834 1167 859 quem

398 860 474 892 postea
481 867 535 883 cum
543 862 569 883 C.
578 860 677 882 Servilio
685 860 779 883 Glaucia
793 865 890 890 praetore
902 862 931 883 C.
940 860 1026 883 Marius
1039 857 1169 882 VI.'consul

395 893 458 916 S.C.
468 890 589 915 interfecit.
607 891 705 922 haclege
712 890 954 922 damnatumlegimus
967 893 995 914 C.
1004 890 1100 922 Junium
1109 892 1168 914 Nor-

397 923 485 947 barrum
494 931 500 946 :
517 924 571 953 quia
580 940 587 950 ,
603 923 720 946 seditione
727 923 809 954 populi
819 929 930 946 concitata
939 939 945 949 ,
963 923 1028 953 quod
1036 921 1064 944 ad
1071 921 1171 949 majesta-

397 962 448 979 tem
456 955 578 986 pertinuit,
597 955 757 983 Q.Servilium
765 954 901 983 Caepionem
910 954 1062 977 innocentem
1068 951 1168 976 damnas

398 986 442 1011 set.
459 986 548 1009 Variam
562 986 615 1009 tulit
629 987 659 1015 Q
673 985 753 1008 Varius
764 984 912 1008 Sucronenfis
922 984 1028 1008 tribunus
1041 983 1115 1015 plebis
1128 985 1169 1014 qui

399 1018 512 1048 Philippo
525 1016 644 1040 &Cazsare
656 1015 717 1040 Coss'.
727 1017 753 1039 in
765 1016 846 1039 locum
859 1016 965 1040 M.Livii
978 1015 1044 1039 Drufi
1056 1014 1173 1038 interfeffl

397 1049 507 1073 tribunus
514 1047 729 1079 plebiscreatusest.
742 1047 811 1076 hujus
823 1048 882 1078 legis
889 1047 936 1070 haec
948 1047 1060 1071 sententia
1072 1046 1131 1073 suit,
1148 1053 1173 1069 ut

399 1086 539 1112 quaereretur
547 1080 575 1103 de
583 1080 611 1103 iis
618 1096 625 1106 ,
643 1086 746 1110 quorum
754 1086 800 1110 ope
807 1096 814 1106 ,
820 1085 859 1103 aut
865 1079 963 1103 confilio
971 1078 1059 1102 bellum
1066 1079 1173 1101 Italicum

399 1111 456 1136 effer
462 1112 614 1135 concitatum.
631 1118 679 1143 quo
688 1112 788 1134 crimine
797 1118 852 1134 curn
859 1110 929 1134 esseut
936 1111 1006 1134 multi
1013 1110 1174 1137 condemnari,

400 1144 426 1167 δι
436 1144 462 1167 ad
471 1144 547 1174 plures
556 1149 660 1174 prztterea
668 1159 674 1169 ‚
691 1150 752 1174 quos
764 1143 868 1166 damnari
882 1141 970 1166 necess'e
981 1141 1050 1169 effer,
1069 1149 1093 1165 ca
1107 1142 1174 1172 culpa

401 1177 518 1207 pertinere
530 1175 659 1198 videretur:
677 1173 733 1197 fecit
744 1173 856 1204 sapienter
869 1173 958 1197 senatus
972 1191 979 1201 ,
1001 1174 1043 1205 qui
1056 1173 1157 1197 decrevit
1166 1189 1173 1200 ,

402 1214 447 1234 ne,
465 1207 524 1231 dum
531 1206 645 1230 tumultus
655 1206 746 1229 Italicus
756 1205 824 1233 esset,
841 1206 954 1235 judicium
961 1206 1037 1229 ullum
1051 1206 1103 1237 lege
1112 1205 1175 1228 Varia

400 1239 475 1262 fieret.
492 1241 569 1262 Secuta
582 1237 613 1261 est
627 1237 751 1263 Cornelia,
768 1238 869 1268 L.Syll:c
879 1237 1017 1261 Dic'latoris:
1035 1237 1090 1260 inde
1098 1236 1157 1268 Julia
1166 1253 1172 1263 ,

401 1269 549 1296 cessaris,
567 1270 591 1293 in
599 1269 693 1299 primo,
711 1275 736 1292 ut
749 1269 850 1299 opinor,
867 1269 911 1292 lata
922 1268 1065 1295 Consulatu,
1082 1267 1176 1299 autpost

400 1302 494 1325 victum
507 1302 532 1325 in
544 1300 652 1324 Pharsalia
665 1301 812 1331 Pompeium.
830 1307 884 1324 nam
891 1300 983 1324 Consul
995 1301 1094 1327 iterum,
1111 1299 1176 1323 bello

401 1333 526 1364 Pompeii,
533 1339 571 1356 aut
579 1333 738 1356 Alexandrino
745 1331 873 1364 impeditus
880 1349 887 1359 ,
895 1331 976 1356 abfuit.
985 1332 1031 1355 haec
1038 1333 1075 1355 lex
1082 1331 1176 1355 damna-

404 1365 436 1388 ris
448 1372 505 1395 aqua
519 1366 542 1388 δι
556 1364 608 1395 igni
618 1363 777 1387 interdicebat.
795 1363 914 1387 Postremo
923 1365 1025 1387 Antonia
1033 1367 1066 1387 M.
1078 1363 1176 1387 Antonii

404 1396 531 1423 consulis,
547 1395 759 1427 qui111.virpossea
767 1395 823 1418 fuit:
842 1395 1015 1427 quaedamnatis
1027 1395 1177 1422 demaiestate

402 1428 601 1458 ¹provocationem
612 1427 639 1450 ad
652 1428 768 1458 populum
781 1427 855 1450 dabat.
871 1427 937 1458 qurd
950 1434 1014 1450 antea
1027 1428 1052 1450 in
1065 1434 1113 1450 uno
1126 1434 1177 1458 per-

405 1459 540 1486 duellione,
559 1459 671 1482 omnium
684 1459 713 1482 de
721 1458 835 1487 majestate
843 1459 972 1482 criminum
985 1458 1132 1489 graviffimo,
1148 1458 1177 1481 li-

406 1490 480 1514 cebat.
503 1491 528 1514 in
542 1489 605 1513 causa
618 1489 740 1518 majestatis
752 1506 759 1516 ‚
775 1491 800 1513 &
813 1489 969 1520 proditionis,
987 1491 1010 1512 δ’.
1022 1489 1038 1513 fi
1053 1489 1112 1520 quid
1121 1488 1175 1513 esset

405 1521 557 1551 hujusmodi,
573 1521 740 1552 impunitatem
748 1521 822 1544 indici
829 1520 1023 1544 datamredianus
1035 1521 1078 1543 ait:
1097 1521 1177 1543 incau-

406 1553 428 1576 [ει
440 1552 617 1583 repetundarum
631 1558 706 1584 negat.
726 1552 788 1575 nulla
795 1559 850 1575 vero
859 1550 949 1583 prorsus
961 1552 986 1575 in
993 1551 1055 1583 causa
1068 1551 1177 1575 senatori-

406 1584 450 1608 bus
459 1583 547 1608 licuisse
560 1584 676 1608 indicium
689 1583 806 1615 profiteri,
824 1591 854 1607 ne
861 1583 970 1608 videlicet
983 1583 1177 1614 summidignitas

407 1616 501 1640 ordinis
509 1617 653 1640 minueretur
661 1632 667 1642 ,
685 1615 791 1639 affirmat.
808 1615 933 1639 Praemium
943 1622 1033 1641 autem,
1053 1613 1069 1637 fi
1078 1616 1131 1645 quis
1143 1622 1176 1638 ac-

404 1647 499 1671 cusasset
510 1649 535 1672 &
548 1646 687 1673 damnasset,
705 1647 808 1677 aliquem
819 1646 991 1677 magistratum,
1008 1645 1117 1669 eidatum
1129 1654 1176 1670 cte-

407 1679 513 1703 ‹liderim
527 1679 576 1708 ejus
588 1679 657 1710 ipiius
670 1694 676 1704 ,
693 1678 735 1709 qui
748 1678 868 1701 damnatus
881 1677 934 1702 ess'et
947 1695 954 1704 ‚
971 1676 1142 1708 magistratum,
1160 1677 1176 1701 fi

406 1711 485 1734 niodo
492 1709 606 1734 accusator
617 1710 763 1740 competitor
773 1707 863 1736 fuisset,
879 1716 916 1733 aut
926 1710 947 1733 ei
961 1709 1052 1741 alioqui
1065 1717 1104 1740 per
1114 1710 1176 1739 leges

407 1743 583 1773 petereliceret:
603 1740 1135 1772 aurstreusmagistratusdelignarusnoness‘et,
1153 1741 1175 1764 ὅ(

401 1774 564 1806 :mgistratum
571 1780 635 1797 antea
641 1771 738 1804 geffiffet
744 1790 751 1800 ,
768 1772 815 1801 ejus
822 1773 908 1798 eodem
914 1774 969 1796 loco
977 1772 1080 1796 dicendae
1087 1771 1176 1795 senten-

402 1808 456 1834 tiae,
473 1806 489 1830 fi
501 1807 576 1830 modo
588 1805 677 1829 senator
692 1803 745 1828 effer
757 1803 877 1828 accusator.
892 1811 946 1828 nam
955 1821 961 1831 ‚
978 1811 1032 1828 cum
1046 1804 1077 1827 ait
1090 1804 1175 1827 Cicero

405 1840 431 1862 in
439 1845 546 1862 oratione
555 1844 597 1869 pro
605 1836 674 1861 Balbo
687 1844 735 1868 cap.
746 1844 784 1863 25.
801 1837 885 1867 Legum
895 1838 988 1868 praemiis
999 1837 1118 1865 pratariam
1127 1838 1171 1864 seu-

404 1871 509 1897 tentiam,
529 1869 554 1893 (9-
565 1874 689 1899 praemon:
703 1874 776 1900 rgam
788 1869 889 1898 ‹anj‘ecuri
899 1868 956 1923 glun
969 1877 977 1890 .·
999 1873 1076 1898 aperte
1089 1866 1163 1897 signifi

404 1908 440 1924 cat
453 1918 459 1928 ,
477 1909 528 1933 qua:
542 1899 633 1924 summa
651 1901 758 1924 darentur
775 1899 897 1923 accusatori
915 1907 941 1923 us
958 1899 1049 1930 ptxmia
1068 1899 1113 1921 haec
1126 1898 1173 1921 duo

405 1932 472 1957 fuiss'e
481 1950 487 1960 ,
504 1932 641 1964 potestatem
649 1932 749 1956 dicenda
760 1933 868 1962 praetorio
881 1932 936 1955 loco
943 1931 1073 1957 sementim,
1091 1930 1117 1953 &
1126 1937 1173 1953 ma-

402 1962 534 1995 gistratum.
551 1972 605 1987 eum
618 1964 704 1988 scilicet
717 1965 838 1988 damnatus
850 1963 905 1987 esset
916 1963 948 1989 is,
965 1963 1007 1995 qui
1020 1979 1026 1989 ,
1045 1960 1076 1985 ob
1088 1961 1173 1992 gestam

404 2003 469 2019 antea
482 2002 615 2028 praeturarn,
634 1996 773 2020 sententiam
786 1996 959 2027 prsrorioloco
973 1995 1071 2018 diceret:
1090 2000 1127 2016 aut
1139 1994 1173 2021 is,

406 2027 584 2060 quidesignatus
591 2027 762 2059 ess'etinaliquo
770 2027 909 2059 magistratu.
927 2027 992 2058 quod
1007 2025 1076 2050 filiae
1083 2024 1172 2048 summa

406 2065 469 2082 erant
476 2059 641 2083 accusatoribus
653 2060 757 2091 praemia:
775 2066 834 2082 certe
842 2058 938 2083 nonnisi
948 2057 1046 2082 summis
1058 2057 1172 2081 decrimi-

406 2089 476 2115 nibus
488 2090 606 2115 dabantur.
625 2092 647 2114 ἃ
662 2091 677 2115 fi
690 2091 735 2115 hoc
749 2109 754 2117 ,
772 2089 876 2122 sequitur
890 2089 949 2114 illud
963 2108 968 2117 ,
988 2097 1012 2113 nr
1028 2088 1059 2112 ob
1073 2088 1161 2117 majesta

406 2127 470 2148 tem,
487 2123 551 2152 quod
559 2123 678 2146 summurn
686 2123 845 2149 eratcrirnen,
863 2123 975 2154 prxcipue
988 2122 1104 2145 darentur.
1122 2123 1171 2143 Per—

403 2152 495 2176 duellio
503 2170 508 2179 ,
526 2154 709 2184 quodomnium
718 2155 746 2178 de
755 2155 868 2181 maiestate
874 2155 1004 2177 criminum
1010 2153 1054 2177 fuir
1062 2151 1169 2177 :trociffi-

405 2191 487 2211 mum,
506 2184 636 2213 (namrunc
644 2187 674 2209 est
682 2186 827 2218 perduellio,
844 2194 898 2210 cum
911 2186 937 2209 in
947 2184 1020 2217 ipsam
1033 2180 1173 2215 remp‘ublic.

402 2216 440 2240 vel
451 2216 476 2239 in
484 2214 604 2247 personam
618 2218 774 2247 magistratus,
795 2224 832 2241 aut
840 2218 951 2249 principis
964 2216 1060 2241 insertur
1071 2215 1171 2245 injuria)

403 2255 454 2271 non
467 2245 480 2270 ὲ
491 2253 600 2278 praetore,
617 2247 654 2273 sed
669 2248 680 2272 a
693 2252 722 2273 ll.
735 2250 789 2273 viris
796 2249 987 2280 cognoscebatur.
1004 2247 1123 2272 deindead
1131 2255 1172 2279 po-

404 2280 690 2311 pulumeratprovocatio.
709 2281 817 2312 itaque&
826 2281 1040 2307 Horatiumillum,
1058 2279 1100 2311 qui
1108 2279 1173 2303 soro-

404 2318 456 2335 rem
474 2310 562 2335 occidit
575 2328 582 2338 ,
599 2311 622 2334 ἃ
636 2313 673 2341 Sp.
686 2312 787 2336 Cassium
807 2312 958 2337 Viscellinum
972 2330 978 2340 ‚
1001 2312 1043 2344 qui
1057 2312 1085 2335 de
1098 2318 1172 2343 regno

405 2343 516 2375 cogitavit
529 2359 536 2371 ‚
554 2342 722 2375 perduellionis
736 2343 847 2371 accusatos
859 2361 866 2373 ‚
889 2345 988 2370 alterum
1000 2343 1014 2369 a
1026 2343 1117 2376 populo
1128 2342 1173 2370 effe

1198 94 1499 114 Auurrt‘

1189 130 1335 160 absolutum,
1352 133 1449 156 alterum
1461 132 1660 160 condemnatum,
1676 132 1701 157 &
1715 151 1722 162 ,
1739 133 1809 159 bonis
1837 136 1968 165 ublicatisg.

1190 170 1294 187 necatum
1303 181 1309 192 ,
1327 165 1406 188 Livius
1420 165 1582 188 monumentis
1596 164 1741 189 historiarum
1748 167 1816 198 prodi
1836 168 1861 192 it.
1874 176 1957 201 quam-

1191 202 1260 224 quam
1273 197 1364 220 Horatii
1375 196 1462 219 fastum
1480 196 1644 226 parricidium,
1660 205 1710 220 non
1723 198 1853 229 perduellio
1867 201 1957 225 viderur

1190 226 1256 250 fuisse
1267 235 1274 249 ι
1292 228 1316 250 &
1330 228 1381 259 lege
1394 228 1511 258 parricidii
1521 245 1526 252 .
1542 235 1612 259 quam
1627 230 1704 252 Numa
1716 231 1847 261 Pompilius
1858 231 1957 260 fecerat,

1192 258 1319 286 iudicatum
1326 260 1370 283 esse
1378 276 1383 286 ,
1402 259 1496 283 Hostilii
1504 261 1574 290 Regis
1581 257 1652 288 jussu,
1669 259 1745 284 Festus
1752 264 1874 293 Pompeius
1880 263 1960 288 docet.

1192 297 1231 312 cur
1245 290 1317 321 igitur
1325 292 1489 320 perduellionem
1502 292 1582 315 Livius
1595 290 1637 315 lib.
1648 299 1669 315 r.
1682 298 1779 322 cap.26.
1791 296 1912 319 nominat?
1928 297 1960 319 ait

1193 320 1274 344 cirini:
1292 324 1339 344 Rex
1353 323 1437 344 romilio
1449 324 1525 353 populi
1536 324 1652 349 advolare,
1670 326 1707 347 ΙΙ,
1717 326 1775 346 viror
1787 341 1794 352 ‚
1813 327 1903 357 inquit,
1921 329 1960 357 qni

1196 354 1287 375 Horatio
1300 354 1589 386 perduellionem-judicent,
1607 355 1725 382 ferundum
1736 357 1875 386 legemfacto.
1899 359 1960 381 Cau-

1196 381 1243 407 sam
1256 384 1327 410 hanc,
1344 383 1434 408 fortasse
1447 391 1523 408 veram
1532 402 1539 413 ,
1555 386 1609 409 licet
1622 386 1713 417 opinari
1727 394 1732 408 :
1753 388 1790 411 vel
1803 389 1857 419 quia
1868 390 1960 417 Numa,

1195 416 1234 450 νὴ,
1243 412 1393 439 sanffiffimus
1405 432 1412 443 ,
1427 417 1585 470 fiparricidium
1597 425 1670 441 omne
1682 418 1870 449 perduellionem
1884 422 1961 445 voluit

1195 447 1240 470 esse
1251 454 1257 469 ι
1276 447 1313 470 vel
1324 447 1379 478 quia
1395 464 1402 474 ,
1457 455 1506 471 non
1520 455 1593 472 omne
1605 449 1755 481 parricidium
1768 467 1776 478 ,
1791 450 1871 476 saltem
1883 452 1943 476 illud
1953 470 1962 481 ‚

1197 478 1264 514 quod
1276 478 1302 502 in
1315 485 1441 509 cognatos,
1458 478 1564 503 affinesve
1576 482 1771 506 committeretur.
1789 485 1851 514 Lege
1858 484 1964 514 perduel-

1197 511 1270 533 lionis
1277 510 1418 541 primumll.
1431 510 1475 533 viri
1489 510 1629 539 iudicabant,
1645 512 1731 536 deinde
1744 514 1771 537 ad
1783 516 1899 546 populum
1915 523 1962 540 erat

1197 542 1344 572 provocatio.
1361 541 1457 565 declarat
1470 541 1514 565 hoc
1527 546 1602 566 orat'to
1621 551 1663 574 pro
1677 544 1773 569 Rabirio
1791 547 1963 577 perduellionis

1197 581 1250 596 reo:
1268 580 1297 597 ex
1306 581 1351 605 qua
1359 591 1365 600 ,
1384 574 1489 604 primum
1497 572 1547 598 3³11.
1556 575 1625 602 viris,
1643 575 1843 608 deindeapopulo
1857 578 1886 602 de
1893 579 1965 603 Rabi-

1197 605 1233 628 rio
1247 605 1373 634 iudicatum
1385 604 1443 632 effe,
1461 605 1617 636 cognoscitur.
1634 606 1776 637 quodetiam
1789 612 1910 633 sueronius
1920 618 1964 634 rra.

1197 636 1266 660 didit.
1279 644 1422 668 quamquam
1436 653 1442 663 ,
1460 637 1537 660 multo
1551 645 1603 661 ante
1616 654 1622 664 ‚
1642 638 1743 665 judicem
1759 640 1803 664 hoc
1815 641 1844 665 de
1861 642 1963 666 crimine

1198 669 1314 699 populum
1327 667 1406 695 fuisse,
1424 675 1473 692 non
1487 668 1562 692 modo
1570 670 1660 692 Horatii
1672 671 1783 700 proximo
1795 671 1964 698 demonstratur

1198 700 1321 730 exemplo,
1340 700 1498 724 verumetiam
1505 707 1532 724 ex
1540 708 1569 724 eo
1579 718 1584 728 ‚
1600 700 1812 732 quodaPlutarcho
1826 704 1850 727 in
1857 706 1966 735 Poplico-

1199 731 1218 754 la
1226 731 1255 755 de
1262 732 1375 758 vitelliis,
1393 732 1417 755 &
1426 732 1536 763 Aquilliis
1544 749 1551 759 ,
1568 733 1609 763 qui
1618 733 1717 763 patriciae
1728 735 1804 764 gentis
1816 736 1908 766 utrique
1914 737 1965 760 fue-

1200 771 1265 788 runt,
1274 764 1396 795 proditum
1403 763 1442 787 est.
1460 771 1513 787 nam
1521 771 1574 787 cum
1583 764 1611 788 de
1617 766 1746 796 Tarquinio
1755 768 1819 797 Rege
1826 766 1967 792 restituendo

1198 794 1346 826 cogitassent,
1363 795 1466 818 damnati
1478 793 1491 818 a
1503 796 1593 827 populo
1602 797 1967 828 poenasmortedebirasluerunt.

1201 831 1279 861 Atque
1286 827 1331 850 hoc
1339 834 1387 850 uno
1395 827 1495 850 crimine
1502 827 1624 851 damnatos
1637 835 1716 852 necare
1728 829 1790 852 cives
1804 832 1925 855 Romanos
1937 832 1967 856 li-

1201 859 1270 882 cuisse
1283 875 1291 885 ‚
1307 865 1362 881 cum
1375 865 1404 881 eo
1417 864 1494 881 tamen
1509 875 1516 886 ‚
1533 858 1550 881 fi
1562 860 1662 890 populus
1680 860 1711 883 ita
1723 860 1839 889 judicaffet
1851 879 1858 888 ,
1882 864 1966 891 (narn,

1201 890 1291 921 alioqui
1298 897 1328 912 ne
1334 890 1413 913 liceret
1421 906 1427 916 ,
1444 891 1580 920 Sempronia
1588 893 1616 914 C.
1623 891 1720 914 Gracchi
1732 891 1854 916 tribunicia
1862 893 1912 924 lege
1920 894 1969 918 san-

1202 922 1275 944 citum
1283 920 1330 949 est)
1349 920 1399 944 satis
1407 921 1475 952 plane
1483 921 1582 945 constat:
1600 922 1703 953 quippe,
1720 924 1805 947 cum&
1817 931 1908 948 crucem
1924 928 1970 949 Ra—

1203 950 1527 976 birioaLabienoaccusatore
1540 953 1565 976 in
1576 961 1659 984 campo
1671 953 1820 978 constitutam
1833 957 1919 980 Cicero
1932 957 1970 981 di-

1204 989 1253 1010 cat,
1269 984 1294 1006 δε
1309 999 1315 1010 ,
1330 990 1434 1006 mortem
1447 984 1499 1014 lege
1510 985 1571 1016 Julia
1582 985 1705 1016 irrogatam
1718 1002 1725 1013 ‚
1742 985 1880 1018 posteriores
1896 989 1969 1013 eriam

1205 1013 1362 1044 jurisconsulti
1368 1014 1516 1042 tradiderint,
1536 1016 1569 1038 rei
1576 1023 1672 1047 quoque
1679 1018 1794 1041 memoria
1806 1019 1857 1050 post
1864 1026 1970 1045 mortem

1205 1046 1366 1070 condemnata.
1388 1048 1460 1069 Notat
1476 1046 1601 1076 Ulpianus,
1618 1047 1684 1078 quod
1696 1046 1710 1070 a
1724 1049 1795 1072 nobis
1807 1045 1970 1077 omittendum

1205 1077 1321 1105 nonfuit,
1338 1076 1484 1109 purgandum
1490 1076 1555 1101 fuisse
1561 1078 1650 1101 crimen
1658 1078 1826 1110 perduellionis
1837 1082 1908 1106 etiam
1921 1081 1971 1107 suc-

1206 1108 1344 1136 cefforibus,
1361 1108 1378 1133 fi
1390 1108 1452 1132 forte
1465 1116 1515 1132 reus
1528 1108 1622 1134 obiiss'et
1634 1116 1685 1133 ante
1692 1118 1762 1141 quam
1769 1111 1798 1135 de
1808 1113 1971 1141 eoiudicarum

1206 1141 1266 1164 effer.
1285 1140 1426 1165 aitenimssc
1433 1141 1590 1172 Dig.xt.vrrr
1599 1149 1631 1169 ·4.
1643 1149 1679 1165 rr.
1696 1144 1733 1169 ιε,
1750 1145 1790 1174 qui
1803 1145 1825 1166 in
1838 1151 1901 1167 reatu
1912 1147 1972 1169 dece-

1205 1174 1253 1200 dit,
1269 1174 1346 1203 integri
1357 1173 1424 1198 Rarus
1431 1173 1521 1195 decedit.
1536 1173 1679 1203 exstinguitur
1688 1174 1746 1196 enim
1758 1175 1836 1197 crimen
1848 1178 1976 1200 mortalita·

1207 1211 1241 1231 te,
1259 1205 1299 1233 nist
1308 1205 1359 1235 quir
1365 1206 1423 1234 fhrte
1432 1203 1549 1233 majestatis
1561 1205 1649 1227 crimine
1660 1213 1709 1227 reus
1721 1207 1802 1234 suerit.
1819 1215 1870 1229 nam
1880 1209 1919 1230 Jmc
1930 1209 1976 1232 cri-

1206 1237 1264 1259 mine
1275 1236 1315 1267 nist
1323 1234 1337 1259 iz
1350 1234 1498 1267 fiaccessoribns
1513 1242 1617 1266 purgetur
1631 1252 1638 1262 ‚
1656 1237 1763 1259 hareditas
1776 1236 1825 1266 fifio
1837 1240 1969 1264 vindicatur.

1204 1269 1268 1299 plane
1281 1275 1332 1294 non,
1366 1267 1449 1298 uisqut‘s
1461 1267 1513 1298 legis
1525 1268 1592 1295 Jutix
1603 1268 1724 1298 majestatis
1739 1275 1788 1290 reus
1800 1269 1826 1297 est
1839 1286 1845 1296 ,
1862 1271 1884 1292 in
1897 1272 1977 1295 eadem:

1206 1299 1321 1321 conditione
1331 1276 1371 1327 είῖ,
1383 1299 1423 1327 sed
1432 1300 1472 1330 qtci
1479 1298 1629 1330 perdueHiom's
1640 1299 1688 1321 retis
1702 1299 1730 1327 est
1741 1315 1748 1326 ,
1770 1300 1838 1329 hastili
1850 1303 1920 1324 animo
1932 1304 1970 1325 ad..

1207 1331 1279 1360 versuo·
1291 1330 1445 1360 rempublicam
1459 1331 1496 1352 ἰεΙ
1505 1330 1622 1361 principem
1634 1331 1751 1354 animatus.
1766 1338 1878 1359 uterum,
1888 1333 1912 1363 fi
1923 1333 1978 1365 quia¹

1207 1370 1235 1384 ex
1246 1363 1293 1385 alia
1304 1363 1367 1391 trusit
1378 1362 1427 1391 legis
1441 1362 1505 1389 Julia
1519 1361 1635 1393 mqjestatis
1644 1370 1690 1385 reus
1700 1363 1728 1393 fir
1741 1378 1748 1389 ,
1764 1370 1832 1385 noi-re
1842 1365 1930 1388 crimine
1941 1366 1972 1388 li-

1207 1393 1303 1416 beratur.
1328 1395 1381 1417 Hatc
1394 1393 1506 1424 Ulpianus
1519 1401 1525 1415 ι
1543 1400 1594 1424 qua:
1606 1393 1645 1416 alii
1658 1400 1756 1425 quoque
1767 1394 1922 1422 confirmant,
1945 1402 1978 1420 ut.

1207 1425 1277 1456 paulo
1286 1424 1337 1455 post
1349 1425 1374 1448 in
1381 1425 1482 1448 crimine
1491 1424 1671 1456 repetundarum
1683 1424 1841 1450 ostendemus.
1856 1426 1978 1457 Qemad-.

1208 1456 1309 1479 modum
1322 1463 1400 1479 aurem
1411 1456 1524 1479 omnium
1535 1455 1566 1478 de
1577 1455 1690 1484 majestate
1701 1457 1827 1480 criminum
1839 1457 1972 1488 perduellio

1207 1486 1366 1518 gravissimum
1378 1487 1423 1510 fuit
1435 1494 1441 1508 ι
1458 1486 1488 1510 fic
1499 1485 1513 1509 Ξι
1524 1487 1614 1518 populo
1629 1487 1657 1510 iis
1670 1487 1786 1513 comitiis,
1807 1495 1856 1518 quar
1868 1490 1976 1513 maxima.

1209 1518 1320 1541 omnium
1332 1524 1396 1541 erant
1408 1535 1415 1545 ,
1431 1518 1565 1541 centuriatis
1579 1534 1586 1545 ‚
1599 1518 1697 1549 inquam
1710 1534 1718 1545 ,
1733 1518 1888 1548 judicabatur5
1903 1521 1977 1552 quod.

1208 1550 1232 1573 in
1241 1557 1278 1576 ea,
1296 1549 1482 1581 quamproxime
1494 1549 1630 1576 nominavi,
1648 1551 1753 1573 oratione
1765 1557 1808 1580 pro
1822 1551 1918 1575 Rabirio
1931 1552 1978 1576 de-v

1208 1582 1310 1608 eluatur,
1333 1581 1446 1612 idemque
1453 1581 1544 1607 Livius,
1558 1581 1854 1612 Valeriusquefignificant,
1870 1584 1978 1614 quirem,

1208 1614 1278 1636 turias
1291 1613 1415 1636 nominant
1428 1613 1452 1635 in
1466 1619 1495 1635 eo
1509 1611 1677 1642 perduellionis
1689 1613 1778 1642 judicio
1791 1629 1798 1640 ,
1816 1614 1882 1644 quod
1899 1614 1929 1638 de
1940 1618 1975 1641 T.

1209 1643 1312 1667 Graccho
1321 1661 1328 1671 ‚
1345 1645 1369 1667 δέ
1381 1644 1409 1667 C.
1416 1643 1518 1667 Claudio
1526 1642 1659 1667 censoribus
1666 1661 1672 1670 ‚
1690 1643 1804 1668 accusante
1814 1644 1910 1669 tribuno
1924 1646 1973 1678 ple-
1981 1651 1993 1659 ¹

1208 1675 1244 1699 bis
1253 1674 1333 1702 fiebat,
1350 1682 1393 1699 nec
1405 1674 1502 1702 dubito,
1539 1676 1580 1698 uin
1588 1676 1674 1699 Atilius
1686 1676 1727 1699 ille
1738 1677 1856 1700 Calatinus
1870 1677 1972 1709 QFabii

1208 1707 1308 1731 Maximi
1314 1705 1378 1730 socer
1384 1723 1391 1733 ,
1408 1682 1564 1739 quemscriint
1571 1707 1673 1731 Valerius
1680 1707 1763 1740 oppidi
1770 1710 1909 1733 Soranorum
1918 1716 1973 1741 pro-

1208 1738 1300 1762 ditione
1306 1746 1372 1762 reum
1379 1738 1406 1762 ad
1417 1739 1532 1770 populum
1539 1737 1582 1762 effe
1589 1738 1688 1766 fastum,
1707 1740 1868 1764 centuriatis&
1876 1740 1923 1772 ipse
1931 1748 1972 1764 co-

1209 1771 1282 1794 mitiis
1294 1769 1381 1794 causam
1390 1770 1488 1793 dixerit:
1506 1777 1559 1793 cum
1567 1770 1770 1801 oppidiprodkim
1787 1779 1836 1803 quat
1845 1772 1868 1795 in
1876 1779 1972 1803 rempu-

1207 1801 1261 1825 blic.
1269 1802 1343 1833 gravis
1350 1802 1431 1830 injuria
1439 1800 1470 1825 est
1480 1818 1486 1828 ‚
1494 1800 1597 1824 videatur
1604 1800 1649 1825 effe
1655 1802 1786 1832 perduellio
1793 1811 1801 1830 3
1809 1802 1886 1834 itaque
1893 1804 1969 1828 miror

1207 1833 1318 1862 (utaliud
1332 1840 1360 1855 ex
1373 1832 1436 1861 alio)
1455 1839 1494 1855 cur
1506 1832 1668 1863 proditionem
1680 1833 1970 1860 &maiestateml'edianus

1206 1864 1310 1897 quodam
1323 1864 1408 1887 inloto
1415 1864 1535 1894 separatim
1547 1864 1717 1888 nominaverit:
1734 1872 1788 1888 cum
1795 1865 1901 1896 proditio
1908 1873 1970 1891 certe

1205 1898 1230 1920 in
1238 1896 1376 1923 maiestatem
1384 1895 1513 1919 includatur
1520 1912 1526 1922 ,
1535 1901 1555 1918 at
1576 1896 1680 1919 ueeriam
1688 1912 1695 1922 ,
1709 1903 1734 1919 ut
1741 1903 1785 1927 ego
1792 1896 1910 1924 existimo,
1918 1906 1973 1930 peg-

1205 1927 1339 1952 duelliofit:
1356 1903 1845 1959 quodintermaieaatiscriminasummum
1858 1929 1909 1953 fuit.
1926 1929 1972 1955 nili

1207 1960 1220 1983 πὶ
1229 1967 1254 1984 ut
1261 1960 1361 1992 speciem
1369 1976 1376 1986 ,
1389 1958 1515 1990 quomodo
1522 1957 1657 1990 philosophi
1664 1959 1808 1990 loquuntur,
1822 1958 1926 1992 {genere
1936 1960 1971 1985 se-

1206 1992 1290 2020 junxit,
1297 1990 1486 2022 perduellionem
1495 1989 1599 2014 sciliceta
1606 1990 1729 2020 majestate.
1737 1993 1821 2016 uam&
1829 1991 1971 2018 vocabulum

1206 2022 1296 2055 msam,
1313 2023 1414 2056 prodere,
1431 2023 1521 2046 videtur
1534 2023 1627 2054 proprie
1639 2030 1662 2046 ac
1681 2022 1768 2046 directe
1778 2024 1970 2055 perduellionem

1206 2056 1311 2086 l'pestare.
1319 2054 1350 2078 est
1358 2055 1433 2081 enim,
1441 2054 1481 2078 ubi
1488 2054 1540 2086 quis
1547 2061 1600 2077 cum
1608 2053 1711 2078 hostibus
1718 2054 1821 2079 adverfirs
1828 2056 1970 2088 rempublic.

1203 2086 1325 2118 conspirat.
1343 2086 1514 2110 Videturetiam
1522 2085 1714 2110 confiderandum
1723 2096 1727 2109 z
1737 2094 1791 2111 curri
1797 2086 1886 2111 tribuni
1893 2087 1980 2120 plebis.

1202 2120 1303 2150 aliquem
1312 2118 1481 2150 perduellionis
1493 2116 1633 2144 accusarent,
1646 2125 1670 2141 tit
1678 2117 1751 2145 duos,
1763 2120 1968 2150 quosnominavi,

1202 2149 1307 2174 censores
1313 2149 1424 2175 Rutilius,
1432 2149 1556 2173 Rabirium
1564 2149 1678 2174 Labienus
1686 2169 1690 2174 .
1698 2157 1742 2181 qua
1748 2151 1836 2175 ratione
1844 2152 1969 2182 populum,

1203 2190 1228 2206 ut
1237 2182 1266 2205 de
1273 2181 1430 2211 reojudicaret
1438 2198 1444 2208 ‚
1464 2189 1503 2213 per
1510 2182 1622 2205 centurias
1628 2188 1789 2206 convocarent.
1803 2182 1918 2214 liquidem
1926 2183 1969 2207 tri-

1202 2214 1278 2239 bunus
1292 2212 1366 2246 plebis
1380 2214 1460 2236 nzinor
1476 2220 1521 2237 erat
1535 2214 1677 2244 magistratus
1690 2221 1696 2236 :
1718 2215 1841 2238 centuriata
1859 2221 1914 2238 vero
1927 2221 1969 2238 co.

1203 2247 1270 2270 mitia
1283 2253 1331 2270 non
1346 2244 1386 2269 nifi
1399 2243 1412 2267 a
1425 2245 1513 2273 majore
1527 2245 1673 2276 magistratu,
1688 2245 1839 2273 utconsule,
1856 2252 1966 2278 praetore,

1203 2276 1247 2302 effe
1254 2277 1337 2304 habita,
1351 2277 1460 2300 traditum
1468 2276 1508 2301 est.
1528 2277 1660 2301 Dicendum
1668 2295 1674 2305 ,
1682 2277 1748 2309 quod
1756 2285 1861 2302 veterum
1868 2279 1893 2302 in
1899 2277 1965 2302 libris

1201 2307 1382 2343 patet‚acculaffe
1395 2308 1493 2341 quidem
1501 2309 1621 2334 tribunum
1628 2309 1715 2341 plebis,
1728 2310 1825 2334 comitia
1832 2317 1887 2333 vero
1893 2309 1968 2338 majo-

1202 2350 1253 2368 rem
1259 2341 1418 2374 magistratum
1425 2358 1432 2370 ,
1447 2340 1544 2367 tribuno
1551 2340 1659 2374 poscente
1666 2358 1674 2370 ,
1683 2340 1791 2368 habuisse.
1798 2343 1823 2368 &
1829 2339 1968 2372 hocfignifi-

1752 2393 1760 2409 t
1932 2377 1970 2397 cat

2042 857 2051 1159 ῑ
