2075 2734
8 232 22 328 l}

7 331 16 669 l

337 98 392 135 De
412 98 537 131 MENSE
557 100 752 134 Οοτοηι,
773 107 816 129 ετ
836 95 980 130 Βιεευς
1005 109 1045 131 12.·
1065 106 1106 131 εο
1127 99 1277 132 resne.
1317 97 1400 137 flam·
1423 109 1465 138 ¹43
1651 110 1709 144 ηεξ

790 187 815 214 C
836 196 853 214 Α
872 197 896 215 r.
936 188 1032 220 XIV.

544 256 598 291 De
612 255 706 302 mense
721 255 844 291 Oc‘lobri
852 283 863 300 ‚
889 263 937 291 (ν’
952 256 1056 292 diebus
1073 259 1106 292 in
1125 271 1156 293 eo
1166 258 1269 306 festis.

119 332 222 400 Hic
238 338 335 368 mensls
347 337 451 367 onober
466 338 552 368 distus
566 335 580 364 ὲ
595 345 711 364 numero
723 356 730 368 ‚
751 337 822 374 quod
838 337 948 365 octavus
961 336 1024 365 effet
1045 336 1058 364 ὲ
1074 338 1183 366 Martio,
1221 342 1301 369 Hunc
1313 339 1487 368 Domitianus
1501 338 1516 368 ὲ
1529 338 1577 369 fito
1591 342 1704 370 nomine

216 378 395 406 Domitianum
407 377 564 413 appellavit,
584 375 656 411 quod
671 384 704 402 eo
719 384 794 404 natus
810 375 881 403 effet.
902 376 944 403 Sic
960 376 1034 403 enim
1049 375 1183 402 Suetonius
1198 377 1225 403 in
1240 379 1296 414 ejus
1309 379 1379 410 vita,
1400 388 1457 415 cap.
1476 390 1516 416 13.
1536 379 1703 414 Septembrem

119 415 241 445 mensem
256 437 265 449 ,
285 419 312 445 δε
325 414 454 444 Οᾶοόνεηι
469 425 502 443 ex
515 412 734 450 appellationibus
749 413 798 441 suis
811 413 989 441 Germanicum
1005 411 1234 452 Domitianumque
1254 415 1477 445 transnominavit
1491 438 1498 449 ‚
1526 419 1598 454 quod
1618 418 1704 447 altero

118 455 265 492 suscepisset
277 453 443 490 Imperium,
463 452 547 481 altero
563 458 639 480 natus
652 452 724 480 effet.
738 451 848 480 Macrob.
861 452 906 480 lib.
924 462 944 479 1.
960 454 1044 480 Satur.
1058 460 1115 488 cap.
1134 461 1175 479 12.
1193 450 1323 480 oc‘lobrem
1338 464 1403 482 vero
1416 455 1463 483 suo
1477 457 1589 484 nomine
1604 458 1702 486 Domi.

118 495 204 522 tianus
217 491 353 521 invaserat.
373 491 424 519 Sed
438 491 484 520 ubi
496 490 638 518 infaustum
653 490 815 518 vocabulum
829 500 861 518 ex
876 491 954 518 omni
968 499 1018 518 aere
1036 489 1079 518 vel
1092 488 1154 517 {axo
1166 489 1266 526 placuit
1279 492 1350 518 eradi
1364 513 1370 521 ‚
1390 493 1493 521 menses
1509 503 1615 532 quoque
1630 495 1702 523 usur⁴

116 533 225 568 patione
237 529 378 568 tyrannicae
392 529 574 566 appellationis
589 529 663 557 exuti
673 527 742 557 sunt.
762 529 859 557 Cautio
872 529 963 566 postea
976 528 1131 565 Principum
1146 536 1304 556 caeterorum
1320 530 1370 556 diri
1385 533 1484 558 ominis
1498 532 1607 560 infausta
1616 535 1702 562 vitan-

117 571 202 602 tium,
222 566 353 596 mensibus
365 566 380 595 ὲ
392 566 530 602 Septembri
549 566 629 604 usque
644 567 676 594 ad
690 566 850 595 Decembrem
870 567 954 604 prisca
968 568 1080 595 nomina
1098 565 1250 595 reservavit.
1291 567 1441 595 Plutarchum
1455 571 1535 597 etiam
1551 571 1578 598 in
1595 573 1700 599 Numa:

115 606 286 643 Septembrem
301 608 328 634 δε
341 604 470 634 Οὲῐοόνενη
484 606 656 634 Domitianus
675 603 725 634 suis
739 607 928 643 cognomentis
942 606 1077 643 insignivit
1091 616 1096 632 :
1119 604 1163 633 sed
1174 615 1230 632 non
1248 605 1294 633 diu
1307 607 1343 633 ita
1357 608 1445 634 vocati
1460 607 1519 636 sunt
1533 629 1539 640 ‚
1560 609 1703 646 statimque

116 646 174 682 post
188 645 287 673 caedem
302 645 358 679 ejus
373 645 481 681 pristina
495 645 607 672 nomina
620 651 817 680 recuperarunt.
855 647 936 673 Hunc
954 644 1071 671 eundem
1092 642 1215 671 mensem
1237 644 1347 672 decreto
1367 646 1474 672 Senatus
1497 646 1643 681 Faustinum
1663 648 1702 675 di-

116 684 205 715 ctum,
226 684 254 711 in
266 682 400 710 honorem
415 682 536 721 Faustina
546 684 636 712 uxoris
650 683 690 710 Μ.
705 683 834 710 Antonin.
848 683 918 719 Imp.
934 685 960 711 ἃ
975 681 989 709 ἐι
1003 682 1164 709 Commodo
1179 682 1314 710 Invic'tum
1330 703 1336 713 ,
1356 683 1413 718 jam
1427 690 1488 711 ante
1503 692 1535 710 ex
1549 685 1616 716 sulio
1624 684 1701 720 Capi-

113 721 189 748 tolino
204 740 212 750 ‚
241 724 268 750 &
284 720 346 747 AElio
359 721 504 757 Lampridio
517 722 642 750 diximus.
682 721 817 749 Caeterum
837 720 880 749 hic
903 720 999 748 mensis
1012 741 1019 752 ‚
1041 721 1087 758 qui
1106 721 1133 748 in
1150 721 1245 749 Martis
1266 720 1349 749 tutela
1367 720 1418 749 fuit
1431 741 1439 752 ,
1466 720 1570 758 semper
1589 723 1698 762 trigittta

116 761 191 789 unius
204 760 310 789 dierum
324 758 385 788 suit.

622 810 677 846 De
692 798 795 845 diebus
817 810 923 860 mensis
946 807 1085 844 oflohris
1101 807 1196 855 festis.

152 892 202 919 ΙΙΙ.
221 894 285 919 Non.
297 888 396 918 Oe'r'obr.
408 890 525 919 mundus
538 897 628 927 patere
641 890 790 923 dicebatur,
812 899 863 928 qua
876 891 908 918 de
924 899 952 917 re
968 891 1004 918 ita
1018 891 1084 918 Fcst.
1106 889 1222 917 Mundus
1236 910 1243 922 ‚
1262 897 1292 918 ut
1304 891 1341 918 ait
1356 889 1446 924 Capito
1463 892 1556 924 atejus
1570 892 1597 919 in
1614 890 1659 919 lib.
1673 896 1700 922 6.

113 929 278 961 Pontificali,
298 936 340 956 ter
352 928 379 955 in
394 938 465 956 anno
478 937 569 965 patere
583 928 648 957 solet
661 950 669 961 ,
689 929 780 957 diebus
795 929 836 956 his
851 940 856 957 :
877 929 1002 966 postridie
1017 927 1161 956 Volcanalia
1174 948 1182 959 ‚
1203 930 1230 957 &
1243 934 1305 955 ante
1318 929 1392 957 diem
1412 938 1436 964 3.
1457 929 1532 956 Non.
1553 929 1653 957 Oetob.
1674 933 1702 958 &z

112 976 174 997 ante
188 969 261 996 diem
279 969 304 994 6.
317 966 379 994 Idus
394 967 547 995 Novembr.
568 968 622 1003 Qui
632 977 678 996 cut·
694 968 730 995 ita
746 969 863 999 dicatur,
884 967 919 995 fic
933 967 1016 995 refert
1027 970 1091 994 Cato
1106 967 1134 993 in
1148 967 1379 1005 Comment.Jur.
1393 965 1465 996 civil.
1490 968 1587 994 Mundo
1600 978 1704 997 nomen

112 1006 268 1044 impositum
282 1004 318 1032 est
332 1004 364 1032 ab
377 1015 410 1033 co
425 1006 544 1038 mundo,
567 1007 613 1042 qui
624 1006 699 1043 sppra
713 1016 762 1034 nos
777 1006 821 1033 est·
841 1007 941 1033 Forma
955 1007 1029 1033 enim
1045 1005 1102 1042 ejus
1117 1005 1169 1037 est,
1179 1013 1209 1034 ut
1217 1015 1250 1033 ex
1263 1005 1309 1037 iis,
1330 1006 1376 1043 qui
1388 1006 1537 1038 intravere,
1558 1005 1703 1044 cognosce-

110 1054 140 1073 re
154 1045 244 1082 potui·³
264 1042 381 1072 assimilis
394 1043 440 1073 illi.
461 1045 523 1081 Ejus
537 1043 695 1073 inferiorem
709 1052 833 1082 partem,
853 1044 936 1073 veluti
950 1043 1131 1072 consecratam
1147 1044 1206 1071 Diis
1218 1042 1355 1076 manibus,
1376 1043 1488 1072 clausam
1502 1045 1579 1072 omni
1595 1052 1702 1082 tempo-

111 1092 154 1115 re,
174 1082 221 1110 nili
235 1083 266 1110 iis
279 1081 372 1110 diebus
386 1084 432 1121 qui
446 1081 521 1120 {upra
533 1082 623 1120 scripti
635 1082 709 1116 sunt,
729 1083 845 1119 majores
858 1082 1032 1115 censuerunt,
1053 1091 1120 1119 quos
1134 1082 1190 1110 dies
1203 1082 1285 1110 etiam
1298 1081 1434 1119 religiosos
1445 1082 1631 1117 judicaverunt
1644 1104 1651 1115 ‚
1673 1093 1703 1111 ea

111 1121 144 1149 de
160 1120 247 1153 causa,
267 1121 340 1158 quod
355 1131 409 1158 quo
424 1130 549 1158 tempore
563 1130 607 1154 ea,
628 1130 685 1159 quae
699 1121 810 1150 occultae
826 1124 853 1150 ὃ(
869 1122 963 1150 abditae
977 1121 1112 1158 religionis
1125 1122 1248 1148 Deorum
1263 1122 1385 1148 manium
1401 1119 1501 1152 essent,
1522 1120 1604 1149 veluti
1620 1122 1646 1149 in
1661 1120 1701 1149 lu-

111 1169 170 1187 cem
187 1160 320 1197 quandam
335 1160 545 1192 adducerentur,
567 1162 594 1188 &
608 1160 766 1195 patefierent
780 1170 786 1186 ε
806 1159 872 1187 nihil
885 1170 919 1187 eo
933 1168 1057 1196 tempore
1072 1160 1099 1186 in
1115 1158 1220 1194 Repub.
1233 1159 1291 1195 geri
1307 1158 1457 1186 voluerunt.
1486 1160 1581 1195 Itaque
1594 1168 1641 1195 per
1656 1168 1702 1187 eos

112 1198 167 1225 dies
180 1209 228 1224 non
241 1208 296 1224 cum
307 1196 371 1224 holle
386 1207 479 1225 manus
494 1197 680 1225 conferebant:
700 1208 749 1223 non
761 1197 884 1224 exercitus
897 1196 1069 1224 scribebatur:
1089 1206 1136 1222 non
1150 1195 1251 1222 comitia
1266 1195 1429 1223 habebantur
1444 1207 1452 1226 3
1472 1205 1528 1223 non
1544 1196 1613 1224 aliud
1629 1198 1702 1234 quic-

112 1245 193 1272 quam
208 1236 235 1262 in
244 1236 314 1269 Rep.
328 1235 376 1261 nisi
390 1235 463 1271 quod
479 1233 575 1261 ultima
589 1235 726 1262 necessitas
740 1234 917 1265 admonebat,
938 1233 1177 1261 administrabatur.
1196 1232 1306 1260 Macrob.
1322 1232 1457 1261 Satur.lib.
1471 1243 1493 1260 1.
1507 1243 1563 1269 cap.
1577 1244 1618 1269 17.
1640 1236 1666 1261 N
1670 1244 1701 1262 ec

112 1272 267 1299 Latinarum
280 1279 386 1305 tempore
397 1292 404 1303 ,
425 1281 479 1308 quo
494 1271 599 1308 publice
612 1273 750 1309 quondam
766 1273 877 1300 induciae
890 1273 960 1300 inter
969 1274 1123 1308 Ronmpop.
1136 1270 1297 1307 Latinosque
1305 1271 1416 1298 firmatae
1423 1270 1497 1302 sunt,
1518 1271 1701 1299 inchoaribel-

110 1311 166 1338 lum
176 1309 298 1339 decebat,
320 1319 369 1337 nec
382 1310 490 1337 Saturni
496 1308 558 1347 sesto
564 1330 573 1344 ,
594 1311 639 1347 qui
652 1310 705 1337 fine
719 1310 774 1338 ullo
787 1310 905 1338 tumultu
912 1310 1008 1338 bellico
1016 1309 1292 1344 crediturimperaffe:
1313 1319 1330 1336 n
1389 1315 1479 1336 atente
1487 1310 1604 1337 mundo:
1626 1311 1699 1347 quod

111 1348 214 1375 sacrum
228 1346 287 1375 Diti
302 1347 376 1374 Patri
391 1350 416 1376 ἃ
432 1348 578 1382 Proserpina
592 1349 710 1375 dicatum
727 1349 777 1379 cst,
798 1347 943 1384 meliusque
952 1347 1055 1376 occlusa
1063 1346 1181 1374 Plutonis
1190 1345 1278 1377 fauce,
1299 1356 1349 1374 eun
1370 1356 1414 1374 ern
1423 1346 1454 1374 ad
1463 1347 1582 1383 praelium
1591 1357 1702 1385 putave-

110 1394 181 1414 runt.
202 1386 281 1413 Unde
290 1388 396 1414 &Varro
403 1385 438 1413 ita
446 1385 549 1413 scribit:
570 1386 685 1412 Mundus
695 1396 725 1414 cu
730 1396 757 1413 m
765 1393 840 1422 pater
848 1387 969 1413 Deorum
979 1386 1094 1413 tristium
1102 1392 1180 1420 atque
1188 1383 1307 1412 inferum
1316 1384 1471 1421 quafijanua
1478 1392 1551 1420 patet
1558 1393 1700 1421 propterea

110 1434 165 1451 non
173 1423 384 1461 modopraelium
394 1424 547 1454 committi,
568 1425 752 1453 verumetiam
761 1423 896 1451 deledtum
910 1425 949 1451 rei
958 1424 1079 1451 militaris
1093 1421 1166 1450 causa
1180 1421 1289 1453 habere,
1311 1432 1340 1451 ac
1355 1423 1472 1450 militem
1488 1423 1633 1459 proficisci,
1654 1434 1701 1453 na-

110 1472 172 1490 rem
182 1461 297 1493 solvere,
317 1471 429 1489 uxorem
437 1461 550 1489 liberum
560 1462 767 1499 quaerendorum
776 1461 850 1490 cauffi
858 1462 967 1493 ducere,
989 1459 1142 1498 religiosum
1153 1460 1188 1487 est
1198 1482 1204 1491 ,
1220 1462 1271 1488 ἃς.

147 1503 182 1527 V.
204 1499 351 1527 Idcetob.
364 1498 543 1527 Meditrinalia
559 1508 647 1532 erant,
668 1509 783 1537 quorum
799 1500 833 1528 fic
847 1501 975 1528 meminit
989 1499 1192 1529 Kalendarium.
1206 1500 1239 1526 D.
1249 1499 1357 1527 Meditr.
1369 1498 1421 1526 hoc
1435 1499 1486 1530 est,
1505 1498 1698 1528 Meditrinalia.

109 1537 300 1570 Meditrinalia,
322 1538 357 1565 ait
370 1541 445 1565 l‘tzrro
458 1538 536 1574 hb.5.
546 1539 579 1567 de
591 1538 656 1577 ling.
666 1540 724 1566 Lat.
741 1540 796 1567 dics
810 1538 894 1566 dictus
910 1540 923 1566 a
937 1540 1071 1568 medendo,
1092 1537 1164 1574 quod
1173 1557 1179 1567 ‚
1202 1545 1244 1568 ut,
1267 1538 1366 1564 Flaccus
1379 1537 1478 1564 flamen
1489 1538 1616 1565 Martialis
1624 1538 1697 1566 dice-

108 1576 166 1607 bat,
187 1576 238 1603 hoc
252 1577 294 1604 die
308 1575 415 1604 solitum
431 1577 524 1603 vinum
538 1586 641 1604 novum
657 1579 683 1606 ὅς
699 1586 774 1605 vetus
788 1576 863 1605 libari
877 1579 904 1605 &
916 1578 1047 1614 degustari
1066 1572 1258 1603 medicamenti
1280 1574 1361 1603 causa.
1401 1576 1481 1611 Qod
1506 1574 1592 1602 facere
1613 1575 1699 1606 solent

109 1616 190 1642 etiam
206 1624 277 1642 nunc
293 1613 389 1645 multi,
410 1623 471 1641 cum
486 1614 595 1642 dicunt:
617 1616 729 1643 Novum
745 1624 821 1643 vetus
835 1616 929 1643 vinum
945 1615 1010 1643 bibo
1025 1626 1030 1642 2
1051 1623 1125 1641 novo
1142 1614 1224 1642 veteri
1239 1613 1338 1640 morbo
1353 1613 1473 1640 medeor.
1494 1613 1559 1640 fest.
1574 1613 1697 1642 Meditri-

108 1652 180 1679 nalia
197 1653 266 1680 dieta
280 1651 328 1679 hac
346 1652 379 1679 de
394 1651 478 1679 caula·
498 1653 560 1679 Mos
575 1659 631 1680 erat
644 1654 744 1681 Latinis
757 1652 877 1691 populis,
893 1662 953 1690 ‚quo
962 1654 1004 1681 die
1012 1654 1068 1691 quis
1076 1653 1196 1689 primurn
1206 1652 1320 1689 gustaret
1335 1652 1467 1681 mustum‘,
1489 1652 1588 1679 diceret
1597 1653 1696 1680 ominis

108 1692 203 1728 gratia:
229 1694 312 1718 Vetus
327 1699 430 1717 novum
446 1691 538 1717 vinum
554 1690 618 1717 bibo
632 1702 637 1718 ·.
660 1692 744 1719 veteri
766 1701 838 1719 novo
853 1692 952 1719 morbo
967 1694 1086 1720 medeor.
1125 1692 1150 1718 A
1172 1690 1266 1728 quibus
1281 1689 1367 1717 verbis
1386 1690 1467 1717 etiam
1482 1688 1625 1716 Meditrinae
1639 1694 1696 1718 Dea

110 1738 210 1756 nomen
227 1737 364 1764 coeptum,
385 1726 493 1764 ejusque
506 1727 576 1755 {acra
590 1728 772 1756 Meditrinalia
785 1729 855 1757 dieta
866 1729 934 1758 sunt.

149 1767 198 1794 IV.
217 1768 279 1794 Idus
294 1766 406 1793 (etobr.
420 1765 574 1803 Augustalia
588 1774 676 1799 erant,
697 1768 762 1795 teste
776 1768 953 1801 Kalendario‚
973 1768 1045 1806 quod
1059 1767 1094 1797 sic
1107 1767 1200 1796 habet:
1222 1766 1252 1795 E.
1266 1767 1375 1804 August.
1391 1767 1450 1793 NP.
1464 1764 1516 1793 hoc
1530 1766 1580 1797 est,
1601 1768 1696 1803 Auguq

98 1804 194 1843 stalia,
215 1805 338 1832 Nefastus
352 1805 452 1841 primo.

147 1842 294 1880 Augustalia
307 1842 443 1870 dicebatur
461 1842 516 1869 dies
530 1843 630 1872 reditus
650 1844 759 1881 Augusti
773 1845 895 1872 Romam
909 1864 916 1876 ‚
937 1845 1014 1874 rebus
1035 1846 1063 1873 in
1085 1844 1172 1874 Sicilia
1186 1865 1194 1875 ,
1214 1844 1316 1871 Gracia
1329 1864 1336 1874 ,
1357 1842 1414 1870 ΑΓΗ
1428 1863 1435 1873 ,
1457 1843 1531 1878 Syri-‘1
1545 1844 1571 1870 ἃ
1587 1843 1693 1872 Parthia

109 1880 273 1917 compofitis.
291 1882 333 1908 De
343 1890 396 1918 quo
410 1880 444 1908 fic
461 1880 510 1908 Dio
523 1881 568 1909 lib.
587 1892 631 1917 54.
652 1883 679 1910 in
693 1883 798 1910 historia
812 1883 874 1910 anni
894 1883 1036 1914 Ioccxxxv.
1063 1884 1109 1912 Ob
1128 1883 1246 1911 reditum
1261 1881 1370 1918 Augusti
1390 1890 1421 1908 ac
1435 1888 1545 1918 propter
1559 1890 1589 1908 ea
1604 1902 1611 1913 ‚
1631 1890 1690 1918 qua:

111 1917 201 1946 absens
217 1919 322 1955 egiffer,
341 1919 426 1946 multa
438 1928 468 1947 ac
482 1921 552 1948 varia
565 1920 592 1947 in
607 1920 741 1948 honorem
756 1921 812 1957 ejus
823 1921 931 1949 decreta
944 1921 1017 1953 sunt,
1039 1931 1156 1959 quorum
1172 1919 1216 1948 ille
1230 1920 1295 1947 nihil
1310 1919 1427 1954 accepit,
1448 1919 1495 1945 nili
1510 1920 1584 1954 quod
1600 1921 1689 1947 Fortu-

110 1967 145 1984 na
157 1957 242 1984 reduci
255 1967 328 1984 aram
341 1956 485 1985 conlecrari
496 1979 504 1990 ‚
524 1959 651 1996 diemque
665 1958 703 1986 sui
716 1960 816 1988 reditus
830 1960 899 1988 inter
919 1959 996 1987 ferias
1017 1960 1110 1988 referri
1124 1981 1132 1991 ,
1154 1961 1180 1988 &
1195 1956 1349 1995 Augustam
1362 1957 1415 1984 dici
1429 1956 1512 1992 passus
1525 1957 1570 1985 est.
1589 1958 1638 1985 His
1653 1958 1693 1986 fe-

111 1996 155 2024 riis
169 1995 222 2023 ludi
236 1995 316 2022 etiam
330 1996 522 2033 peragebantur
536 2018 543 2029 ‚
570 1999 615 2034 qui
629 1997 785 2025 dicebantur
799 1997 854 2024 ludi
867 1996 1020 2035 Augustales
1033 2019 1040 2030 ‚
1067 2007 1184 2035 quorum
1201 1999 1252 2023 Dm
1266 1996 1332 2033 stepe
1348 1994 1473 2022 meminit
1487 2015 1496 2026 ‚
1516 2003 1546 2023 ut
1561 1995 1630 2023 libro
1645 1999 1690 2033 56.

110 2042 233 2062 extremo
247 2043 253 2059 :
276 2035 329 2065 Eo,
347 2034 448 2071 inquit,
469 2043 594 2072 tempore
602 2036 675 2073 plebs
689 2035 850 2064 tumultuata
869 2036 922 2067 est,
941 2045 1004 2063 cum
1019 2034 1195 2073 Augustalibus
1202 2035 1311 2071 quidam
1326 2033 1418 2060 histrio
1430 2031 1514 2060 nollet
1527 2042 1578 2069 pro
1593 2035 1690 2062 consti-

109 2080 167 2100 tuta
182 2072 306 2099 mercede
321 2073 348 2099 in
360 2072 493 2101 theatrum
507 2074 605 2102 intrare
619 2085 625 2101 :
649 2084 699 2102 nec
713 2074 772 2101 finis
786 2082 848 2101 ante
861 2073 999 2102 turbarum
1020 2074 1070 2101 fuit
1082 2094 1090 2106 ‚
1110 2082 1191 2111 quam
1204 2082 1234 2099 ea
1249 2073 1302 2108 ipsa
1315 2072 1358 2098 die
1371 2071 1485 2098 Tribuni
1499 2070 1581 2108 plebis
1596 2073 1691 2100 coacto

109 2113 220 2142 Senatu,
241 2111 362 2147 precibus
375 2112 567 2147 impetrarunt,
588 2122 618 2142 ut
628 2113 719 2141 liceret
734 2112 780 2140 fibi
802 2112 919 2149 majores
935 2111 1070 2149 aliquanto
1085 2133 1092 2144 ‚
1113 2120 1194 2148 quarn
1209 2109 1311 2148 legibus
1324 2110 1526 2146 permitteretur
1540 2132 1547 2142 ,
1568 2110 1691 2147 sumptus

108 2149 270 2180 faCcre‚&c·
293 2149 326 2177 Et
339 2148 401 2176 allbi
415 2149 544 2177 Cornelius
557 2151 638 2179 Tacit.
668 2151 812 2179 Annalium
834 2150 881 2178 lib.
899 2161 920 2179 1.
940 2150 1052 2178 Tn‘buni
1074 2149 1160 2187 plebei
1179 2150 1298 2186 petivere
1311 2170 1318 2180 ‚
1339 2155 1368 2175 ut
1381 2148 1491 2184 proprio
1504 2147 1611 2185 sumptu
1628 2150 1690 2177 ede-
1728 2165 1732 2168 -

109 2195 169 2215 rcnt
185 2188 260 2215 ludos
274 2207 282 2218 ‚
304 2188 348 2224 qui
363 2187 396 2214 de
409 2189 520 2216 nomine
537 2191 644 2227 Augusti
657 2191 737 2218 Fastis
751 2189 835 2218 additi
852 2187 1004 2227 Augustales
1017 2196 1195 2217 vocarentur:
1224 2187 1268 2215 sed
1284 2188 1388 2215 decreta
1401 2187 1512 2222 pecunia
1533 2197 1565 2214 ex
1578 2189 1686 2220 aerario,

108 2235 191 2262 utque
204 2235 252 2262 per
267 2227 368 2253 circum
386 2226 540 2262 triumphali
556 2229 626 2256 veste
640 2236 785 2256 uterentur.
805 2230 891 2255 Curru
899 2227 959 2255 vehi
974 2227 1042 2254 haud
1050 2227 1224 2265 permissum,
1245 2236 1310 2254 mox
1323 2224 1466 2253 celebratio
1479 2224 1565 2253 annixa
1578 2225 1610 2252 ad
1621 2227 1687 2253 l'rae-

108 2271 197 2292 torem
213 2264 349 2295 transsata,
371 2265 414 2291 cui
428 2265 498 2292 inter
512 2266 582 2294 cives
596 2269 622 2295 ὃς
637 2268 793 2305 peregrinos
806 2265 953 2303 jurisdiffio
968 2266 1103 2293 evenifi‘et.
1122 2265 1364 2294 Horumludorum
1381 2264 1461 2291 etiam
1476 2265 1604 2292 meminit
1619 2264 1688 2292 Plin.

105 2302 150 2331 lib.
160 2313 183 2339 7.
204 2304 325 2331 Historia:
337 2302 476 2335 naturalis,
495 2312 604 2342 cap-43-

147 2342 196 2368 ΠΙ.
216 2342 277 2370 Idus
290 2340 416 2370 Octobris
429 2341 572 2371 Fontinalia
583 2350 670 2378 erant,
691 2344 724 2373 de
739 2342 833 2381 quibus
853 2344 889 2373 ita
904 2343 1095 2374 Kalendarium
1110 2353 1115 2370 :
1137 2343 1166 2373 F.
1178 2343 1256 2374 Font.
1276 2342 1328 2373 ho‘c
1343 2340 1379 2370 cst
1392 2361 1400 2375 ,
1420 2340 1564 2372 Fontinalia
1577 2361 1584 2374 2
1606 2340 1690 2373 Nefa÷

108 2380 157 2409 stus
170 2380 270 2417 primo.
1673 2414 1677 2418 .

1039 2421 1065 2448 O
1078 2427 1096 2447 ο
1114 2427 1130 2448 2
1602 2417 1694 2453 Fami:
