2075 2734
371 139 425 177 43²⁴
660 131 1100 159 AN’eruxTA'ruM
1141 124 1481 152 I‘xoMAnAi-,UM
1522 123 1680 152 L1n.v11.

1073 202 1096 227 C
1126 210 1141 228 A
1169 211 1192 227 ν.
1237 200 1260 226 1.

954 258 1005 292 De
1015 256 1175 304 generibus
1189 257 1381 306 politicarum.

470 359 477 366 t
532 346 538 351 ·
592 339 733 369 ocabulum
747 335 854 372 politia,
874 343 903 366 ut
924 336 1074 365 Plutarchus
1095 338 1122 365 in
1135 336 1181 364 lib.
1196 337 1229 363 de
1244 335 1327 364 tribus
1345 335 1494 373 reipublicae
1508 336 1648 373 generibus
1660 342 1784 368 annotat,
1806 338 1856 366 tria
1868 343 1955 376 praeci.

504 382 511 389 “
523 373 533 381 ‘
584 378 586 380 ’
611 388 662 414 pue
675 376 811 415 fignificat.
832 377 970 407 Primum,
989 374 1323 408 communicamnemjum,
1345 375 1418 411 quod
1433 376 1460 402 in
1468 375 1552 412 aliqua
1568 375 1603 402 est
1612 374 1759 412 republica:
1780 375 1814 404 fic
1827 377 1953 412 dicimus,

612 415 746 453 impertiri
760 414 835 442 alicui
845 413 982 451 politiam:
1001 413 1081 441 Einen
1093 413 1120 441 in
1126 412 1273 450 stinesttzdt
1286 413 1406 444 nehmen,
1418 412 1499 440 einem
1511 413 1557 439 das
1563 411 1859 448 stadtrechtmittheilen.
1874 425 1899 444 2.
1911 419 1956 445 Po-

493 481 501 491 ⁷
612 455 671 481 lma
684 454 764 481 etiam
780 453 876 480 dicitur
889 452 1005 479 hominis
1018 452 1102 480 civilis
1116 472 1123 482 ,
1150 453 1194 488 qui
1210 450 1403 487 rempublicam
1415 451 1580 479 administrat
1592 472 1599 483 ,
1627 452 1688 479 vitae
1702 452 1786 480 ratio:
1807 453 1841 480 fic
1855 453 1956 482 Biana&

519 518 532 530 ‚,
552 524 556 527 ,
588 526 593 529 ,
614 493 735 529 politiam
749 491 775 518 in
788 491 863 518 laude
875 491 1015 526 ponimus,
1036 499 1065 518 ac
1080 489 1208 527 &pm-boli
1223 492 1248 518 ἃ
1262 488 1360 515 Cleonis
1381 489 1570 526 vituperamus.
1601 499 1625 526 3-
1639 490 1775 526 Significat
1789 491 1913 519 ordinem
1929 495 1955 522 &

407 551 417 554 -
476 545 479 547 -
500 512 551 552 ’Q‘
614 530 831 558 constitutionem
845 529 974 557 civitatis:
994 529 1026 556 ad
1041 537 1121 564 quam
1135 528 1286 565 diriguntur
1294 528 1420 555 aetiones.
1440 527 1708 565 Juxtahanctertiam
1720 527 1956 565 significationem,

374 574 465 609 polttm
489 573 524 599 est
544 570 664 608 legitima
683 568 817 595 ordinatio
836 567 947 603 reipubl.
968 566 1111 594 secundum
1132 575 1213 602 quam
1235 565 1278 593 alii
1291 565 1422 601 praesunt,
1442 565 1484 593 alii
1497 572 1610 602 parent:
1630 565 1695 594 ficut
1709 566 1789 602 Artst.
1805 567 1822 595 l.
1836 578 1859 605 3.
1879 568 1958 597 Polit.

379 622 402 640 ς,
413 621 439 647 4,
457 611 549 638 definit
565 620 569 635 2
596 606 638 644 Est
651 604 777 641 defiripuo
790 626 797 636 ,
815 605 862 640 fta
875 605 932 632 ordo
945 603 1056 631 civitatis
1070 603 1111 636 (55³
1124 602 1317 641 magistratuum
1326 623 1332 633 ,
1358 613 1414 631 cum
1428 602 1536 631 aliorum
1549 624 1557 635 ,
1577 611 1632 630 tum
1643 603 1962 643 praecr'pue‘fitmmigubess

379 649 482 677 natoris.
523 647 586 683 Ejus
605 654 658 674 tres
678 644 690 672 a
708 642 837 681 plerisque
858 644 1025 671 recensentur
1043 642 1155 679 species,
1176 653 1295 680 regnum,
1315 642 1368 670 five
1386 641 1544 672 munarchia,
1561 639 1730 677 artstocratia‚
1750 645 1776 671 &
1791 644 1957 672 democratia:

380 697 494 725 quarum
515 694 607 714 tamen
626 681 731 720 lingulis
751 682 889 710 contrariae
908 681 967 709 sunt
986 681 1132 717 oppofitae:
1159 680 1300 707 monarchiae
1320 681 1456 716 tyrannis:
1482 678 1635 717 aristocratia
1655 679 1816 717 oligarchia:
1834 681 1959 709 democra-

379 735 420 754 ttae
439 724 607 753 ochlocratia.
647 722 718 749 Hinc
737 721 768 748 fit
780 740 788 751 ,
816 727 845 747 ut
864 719 896 747 ab
916 719 1043 756 aliquibus
1063 729 1119 746 non
1138 728 1208 750 tres,
1235 718 1278 747 sed
1299 718 1498 747 connumeratis
1518 717 1656 746 vilioribus
1669 738 1676 750 ‚
1696 718 1739 745 iex
1754 718 1844 752 polm'ae
1861 719 1960 756 species

377 763 580 792 recenseantur,
600 768 653 788 tres
671 757 755 789 reeh,
778 760 804 785 &
824 766 877 786 tres
895 757 997 792 νήια-γὼ
1017 758 1090 793 cujus
1110 756 1244 786 sententiae
1264 757 1300 784 est
1318 757 1399 785 etiam
1421 755 1500 794 Possyb.
1519 756 1535 784 1.
1550 760 1575 784 6.
1596 757 1642 793 qui
1656 756 1689 784 de
1698 755 1847 791 politiamm
1861 757 1957 793 specie-

382 802 431 830 bus
457 804 483 830 δε
502 797 712 827 revolutionibus
733 797 836 824 erudite
858 799 884 824 δε
901 796 1035 833 eleganter
1048 795 1180 832 disputans
1190 816 1197 827 ‚
1226 796 1295 823 inter
1310 796 1358 823 alia
1369 795 1403 822 s1c
1416 794 1504 823 scribit
1517 805 1522 820 z
1551 795 1776 831 Qapropterstx
1791 794 1851 822 sunt
1858 795 1959 829 politia-

382 850 442 867 rum
467 839 578 867 dicenda
595 844 711 873 genera:
732 843 849 871 quorum
868 835 917 861 tria
937 836 1073 862 decantata
1091 833 1159 861 sunt·
1169 833 1310 861 omnibus:
1331 834 1380 862 tria
1398 833 1497 870 reliqua
1516 833 1568 860 istis
1586 833 1646 861 lunt
1666 841 1798 870 cognata:
1817 833 1961 861 monarchia

383 877 482 906 scilicet
497 897 504 908 ‚
529 872 662 912 eligarchia
674 892 682 902 ‚
709 875 734 901 sc
754 872 898 899 ochlocratia
911 893 918 904 ,
946 875 997 901 ἃς.
1038 871 1193 900 Monarchia
1212 871 1265 899 five
1283 881 1386 910 regnum
1399 892 1407 903 ,
1434 870 1467 908 est
1485 870 1618 905 imperium
1637 871 1673 897 ad
1689 880 1844 898 communem
1862 871 1962 899 utilim-

382 923 435 943 tem
447 913 569 950 spedhm.
610 911 770 939 Notandum
789 909 841 938 hoc
860 910 921 938 loco
940 911 990 942 est,
1010 910 1071 938 licet
1089 910 1165 946 juxta
1183 918 1305 937 naturam
1324 909 1459 940 vocabuli,
1479 909 1572 936 omnia
1589 908 1692 943 imperia
1704 929 1712 938 ,
1732 909 1776 936 ubi
1791 919 1857 936 unus
1869 909 1962 947 aliquis

382 955 483 981 caeteris
504 953 620 987 imperat
634 971 641 981 ‚
664 951 690 977 ἃ
710 947 861 985 supremam
881 948 1039 983 potestatem
1059 947 1138 975 habet
1152 969 1160 980 ‚
1180 947 1321 975 monarchia
1341 946 1465 984 appellari
1484 947 1596 983 poffint.
1618 947 1850 984 quemadmodum
1871 949 1962 975 nostro

384 990 480 1018 saeculo
500 998 615 1026 regnum
630 992 655 1015 T
653 996 779 1017 urctcum,
808 983 947 1023 Persicum,
973 984 1171 1020 Moftoviticum,
1198 984 1374 1018 Tartaricum‚
1402 985 1542 1014 Gallicum,
1570 989 1708 1014 Danaum,
1733 985 1882 1018 Saevitum,
1910 988 1962 1014 &c-

383 1031 452 1058 item
469 1033 642 1062 I’rmctpatus,
662 1030 791 1055 Duatas,
812 1026 839 1052 ὃῑ
859 1023 1030 1051 Eletloratm:
1052 1031 1106 1063 quo
1125 1025 1206 1052 etiam
1226 1024 1377 1052 referuntur
1398 1027 1443 1058 Epi
1453 1031 1550 1058 copatus
1569 1025 1596 1051 δί
1611 1023 1772 1055 Comitatus,
1794 1026 1846 1052 &c.
1886 1025 1917 1052 In
1932 1025 1963 1053 iis

384 1069 458 1095 enim
477 1066 582 1103 singulis
602 1074 668 1092 unus
680 1063 772 1099 aliquis
786 1071 838 1097 pre:
851 1061 958 1098 reliquis
971 1062 1100 1098 potestate
1113 1064 1234 1090 eminens
1248 1062 1297 1090 suae
1310 1062 1419 1089 ditionis
1432 1061 1525 1089 incolis
1536 1063 1651 1097 imperat
1666 1082 1673 1093 ‚
1701 1063 1746 1098 qui
1762 1062 1893 1090 monarcha
1910 1063 1963 1091 dici

385 1105 459 1133 ῐεᾶε
474 1105 559 1140 potest
571 1114 575 1130 ε
596 1110 686 1130 tamen
705 1101 761 1137 jam
776 1099 835 1127 usus
849 1100 965 1128 obtinuit
977 1120 985 1131 ‚
1012 1110 1040 1128 ut
1056 1108 1170 1136 quatuor
1183 1108 1290 1128 tantum
1304 1099 1410 1128 summa
1424 1100 1451 1127 in
1467 1100 1570 1127 mundo
1583 1100 1695 1137 imperia
1706 1120 1714 1131 ,
1746 1109 1802 1136 quae
1815 1098 1829 1127 a
1844 1101 1904 1128 Deo
1918 1110 1963 1137 per

385 1143 548 1181 Prophetam
574 1140 710 1168 Daniessem
735 1137 858 1174 praedi&a
882 1137 941 1166 sunt
955 1158 962 1170 ,
987 1137 1128 1165 monarchia
1148 1139 1259 1166 nomine
1278 1137 1431 1166 censeantur
1444 1149 1450 1165 :
1478 1136 1607 1174 Assyrium
1620 1157 1627 1166 ,
1654 1136 1776 1175 Persicum
1787 1157 1796 1167 ‚
1822 1138 1965 1165 Macedoni-

385 1190 457 1213 cum,
478 1180 519 1213 ζῇ
538 1184 690 1206 Romanum.
720 1175 844 1212 Polybius
862 1174 907 1203 lib.
925 1180 950 1204 6.
972 1176 1109 1213 distinguit
1128 1178 1198 1204 inter
1218 1175 1388 1203 monarchiam
1412 1179 1439 1206 δε
1457 1186 1561 1213 regnum
1575 1196 1582 1207 ‚
1608 1177 1645 1203 ita
1657 1184 1687 1204 ut
1700 1175 1832 1209 monarcha
1846 1176 1964 1208 dicatur,

385 1219 404 1246 fi
418 1220 476 1256 quis
488 1218 587 1245 robore
601 1215 721 1253 corporis
736 1217 762 1243 ἃ
776 1214 860 1241 animi
875 1214 972 1242 viribus
986 1216 1122 1252 praestans,
1140 1214 1187 1241 fibi
1200 1214 1247 1252 ipfi
1259 1215 1406 1251 imperium
1422 1217 1449 1243 δε
1462 1214 1642 1250 principatum
1654 1213 1764 1250 alicujus
1776 1214 1868 1250 populi
1879 1214 1967 1243 sumar

386 1259 413 1285 &
436 1256 555 1284 obtineat
569 1275 577 1287 ‚
604 1254 656 1281 fine
670 1253 818 1281 voluntario
832 1252 958 1280 consensu
969 1253 1060 1289 populi
1075 1262 1079 1279 :
1106 1262 1210 1290 regnum
1226 1262 1290 1280 vero
1304 1253 1410 1290 quando
1424 1252 1574 1280 voluntario
1587 1251 1755 1279 subditorum
1770 1251 1896 1280 consensu
1912 1253 1965 1280 im-

384 1296 493 1331 perium
516 1296 542 1322 δε
556 1293 718 1329 principatus
732 1291 777 1318 uni
791 1290 868 1318 alicui
881 1291 1046 1319 conceditur.
1087 1292 1150 1328 Qo
1165 1292 1192 1318 in
1205 1291 1266 1319 loco
1282 1292 1363 1318 etiam
1378 1291 1458 1319 docet
1472 1311 1480 1322 ,
1506 1289 1647 1327 quomodo
1659 1299 1762 1327 regnum
1776 1299 1809 1317 ex
1821 1290 1966 1317 monarchia

387 1341 504 1364 oriatur,
523 1340 603 1368 atque
615 1331 670 1358 haec
681 1329 727 1357 illo
740 1328 771 1357 fit
784 1329 871 1365 prior,
893 1339 949 1366 quae
961 1329 1054 1357 harum
1070 1339 1158 1356 rerum
1174 1328 1300 1357 studiosus
1312 1328 1366 1366 ipse
1380 1329 1481 1366 poterit
1493 1327 1590 1365 legere.
1631 1329 1787 1364 Opponitur
1798 1329 1891 1364 primo
1904 1327 1966 1356 huic

387 1371 487 1407 politiae
499 1370 592 1407 generi
604 1368 716 1406 tyrannis
728 1388 735 1398 ‚
763 1376 821 1404 quae
835 1367 871 1393 est
887 1369 1016 1396 aberratio
1030 1366 1175 1395 monarchia
1188 1388 1196 1399 ,
1216 1370 1243 1396 δί
1257 1368 1404 1404 imperium
1419 1368 1453 1395 ad
1466 1366 1611 1395 utilitatem
1623 1368 1699 1395 unius
1713 1366 1840 1402 [petitam.
1859 1364 1970 1400 Aristot-

387 1409 406 1436 1.
422 1420 445 1447 3.
460 1409 539 1436 Polit.
579 1407 634 1445 Qi
649 1405 802 1442 hujusmodi
814 1405 959 1441 imperium
975 1414 1048 1434 tenet
1059 1427 1066 1438 ‚
1090 1414 1210 1443 tyrannus
1224 1406 1322 1433 dicitur
1336 1425 1344 1437 ,
1363 1406 1445 1433 duclo
1458 1406 1571 1439 nomine
1583 1425 1591 1437 ‚
1612 1412 1642 1433 ut
1654 1404 1810 1442 quibufiiam
1824 1403 1911 1440 placet
1924 1425 1932 1436 ‚
1953 1405 1968 1432 ὲ

388 1445 520 1485 Tyrrhenis
534 1466 541 1477 ‚
562 1446 634 1482 quod
648 1444 675 1471 hi
689 1443 833 1472 latrociniis
846 1444 981 1479 quondam
996 1444 1108 1481 infignes
1122 1443 1221 1472 fuerint
1235 1454 1240 1471 z
1262 1442 1304 1470 vel
1315 1443 1329 1470 a
1346 1444 1459 1474 Graecis,
1479 1442 1493 1469 ὲ
1507 1443 1615 1480 quibus,
1637 1442 1787 1479 quicunque
1799 1443 1827 1468 in
1842 1443 1966 1474 civitate,

392 1494 450 1521 quae
470 1483 552 1511 libera
573 1482 670 1511 soleret
689 1482 749 1512 esse,
765 1481 922 1509 dominatur
930 1496 943 1514 ,v
959 1491 1081 1520 tyrannm
1093 1481 1253 1518 appellatur,
1272 1490 1330 1508 non
1342 1483 1408 1508 Rex.
1445 1484 1542 1517 Trogus
1556 1483 1684 1514 Pompe-jus
1697 1481 1793 1507 author
1805 1480 1855 1511 est,
1878 1481 1968 1516 Reges

390 1523 458 1550 olim
468 1541 475 1552 ‚
496 1530 564 1557 quos
577 1521 610 1548 ad
624 1519 766 1555 majestatis
777 1519 925 1555 fastigium,
946 1529 1001 1547 non
1015 1520 1128 1548 ambitio
1142 1519 1287 1556 popularis,
1308 1528 1364 1546 non
1377 1520 1430 1550 vis,
1450 1517 1492 1546 sed
1506 1517 1622 1554 spe&ata
1631 1519 1700 1545 inter
1714 1517 1799 1545 bonos
1813 1517 1967 1545 moderatio

389 1558 551 1596 proveheret
564 1577 572 1589 ‚
599 1558 696 1594 quique
715 1565 790 1593 nequo
807 1556 866 1591 jure
879 1558 972 1585 omnia
985 1558 1197 1585 administrarent
1211 1578 1218 1589 ,
1245 1556 1280 1584 ob
1295 1556 1484 1585 fortitudinem
1498 1564 1614 1594 tyrannos
1627 1556 1678 1583 effe
1692 1556 1778 1583 dictos
1791 1566 1797 1582 ι
1823 1563 1967 1586 caeterum,

392 1607 456 1625 cum
470 1596 557 1623 Urbes
568 1598 595 1623 &e
609 1604 690 1633 regna
702 1594 837 1630 oppressa,
848 1595 872 1621 vi
888 1596 1071 1632 nmgis‚quam
1087 1595 1188 1632 legibus
1204 1595 1428 1632 gubernarentur,
1438 1596 1475 1622 ita
1484 1601 1513 1621 ut
1521 1593 1698 1630 quodlibido,
1718 1602 1774 1620 non
1782 1593 1854 1629 quod
1861 1601 1969 1629 aequum

390 1635 504 1663 dictaret
517 1643 567 1670 pro
578 1633 636 1670 lege
649 1640 737 1660 ratum
751 1631 891 1660 haberetur
904 1654 912 1665 ‚
931 1633 1030 1668 tyranni
1043 1643 1144 1661 nomen
1159 1635 1228 1661 verti
1240 1632 1347 1669 coepisse
1358 1653 1367 1664 ,
1387 1635 1414 1660 ἃ
1427 1641 1490 1660 eum
1504 1631 1604 1659 notasse
1617 1651 1625 1662 ‚
1651 1632 1696 1668 qui
1709 1629 1808 1657 nullam
1825 1629 1927 1667 legibus
1941 1632 1969 1658 &

389 1674 441 1709 juri
457 1672 635 1700 reverentiam
649 1670 771 1701 haberet,
792 1669 835 1697 sed
849 1679 899 1706 pro
913 1671 960 1698 suo
973 1671 1049 1699 libitu
1064 1672 1157 1699 omnia
1169 1679 1275 1709 ageret,
1298 1673 1325 1698 ἃ,
1341 1671 1368 1697 in
1382 1670 1537 1697 immeritos
1549 1668 1726 1697 crudelifiime
1740 1676 1833 1696 contra
1839 1669 1897 1704 jus,
1918 1667 1968 1695 fas-

390 1720 442 1748 que
461 1710 572 1738 sseviret.
611 1709 701 1737 Altera
713 1707 804 1742 posim
824 1707 922 1744 species
941 1709 978 1737 est
996 1709 1149 1744 aristocratia
1162 1731 1169 1741 ,
1196 1719 1253 1746 quae
1266 1709 1303 1735 est
1317 1707 1449 1742 imperium
1457 1716 1596 1743 paucorum
1609 1707 1646 1734 ad
1657 1716 1811 1734 communem
1825 1705 1968 1734 utilitatem

383 1747 506 1784 speciant.
545 1749 585 1775 Ac
604 1747 702 1775 dicitur
720 1744 888 1783 aristocratia,
909 1747 951 1774 vel
970 1749 1030 1784 quia
1050 1749 1149 1784 optimi
1167 1747 1304 1784 imperant
1323 1747 1444 1781 (Latinis
1461 1745 1613 1780 optimatum
1631 1744 1784 1779 imperium)
1806 1743 1848 1772 vel
1861 1744 1923 1781 quia
1934 1745 1968 1773 ad

390 1788 528 1823 optimum
547 1784 686 1822 publicum
704 1785 865 1820 imperantes
884 1783 1016 1821 spectant:
1039 1785 1206 1823 [Amstoteles
1220 1785 1261 1813 lib.
1273 1794 1297 1821 3.
1316 1784 1414 1812 politic.
1434 1782 1546 1820 Polybius
1559 1782 1619 1809 libro
1630 1783 1675 1817 6.]
1703 1782 1813 1821 Poffibius
1834 1782 1969 1810 aristocra-

390 1825 458 1853 tiam
479 1824 573 1852 definit
585 1844 593 1855 ,
620 1832 683 1851 curn
704 1822 850 1858 respublica
868 1822 1014 1851 secundum
1033 1824 1194 1852 eieci-ionem
1213 1822 1358 1860 justiffimis
1378 1831 1409 1850 ac
1427 1821 1636 1859 prudentiffimis
1655 1821 1717 1847 viris
1737 1820 1870 1858 aequaliter
1883 1820 1968 1848 admi-

394 1864 525 1891 nistratur.
567 1862 684 1898 Quando
708 1860 762 1888 haec
785 1861 930 1898 degenerat
941 1882 948 1893 ‚
974 1862 1005 1889 fit
1028 1860 1158 1899 olsgarchia
1169 1881 1177 1893 ,
1203 1871 1260 1899 quae
1279 1861 1315 1888 est
1334 1859 1466 1894 imperium
1483 1859 1520 1886 ad
1535 1857 1675 1886 utilitatem
1687 1867 1824 1893 paucorum
1837 1879 1844 1890 ‚
1872 1858 1971 1888 scilicet

390 1901 502 1928 divitum
517 1920 525 1932 ‚
542 1901 665 1935 spetlum.
704 1900 797 1926 Tertia
817 1900 914 1934 species
933 1899 969 1926 est
988 1898 1141 1926 democratia
1153 1920 1162 1932 ,
1189 1909 1247 1937 quae
1258 1898 1383 1927 definitur
1395 1896 1528 1932 imperium
1535 1896 1637 1931 populi,
1661 1905 1817 1924 commum-m
1829 1895 1972 1924 utilitatem

384 1939 506 1973 speflans.
548 1941 613 1966 Haec
630 1947 692 1966 cum
712 1937 871 1974 degenerat,
891 1937 922 1965 fit
939 1936 1097 1970 ochlocmn'a,
1116 1947 1180 1965 cum
1200 1938 1291 1975 vulgus
1305 1935 1495 1964 authoritatem
1509 1934 1582 1962 suam
1596 1934 1701 1962 confert
1713 1935 1746 1962 ad
1758 1935 1907 1972 augendam
1920 1943 1970 1971 pu-

392 1978 504 2005 tentiam
520 1977 673 2005 tenuiorum
688 1975 790 2003 civium
803 1984 896 2003 contra
910 1976 1063 2013 optimates.
1082 1975 1176 2003 Politia
1191 1976 1218 2003 in
1231 1984 1332 2014 genere
1345 1975 1477 2003 contraria
1487 1973 1525 2001 est
1536 1972 1670 2004 anarchia‘,
1689 1973 1717 2000 in
1732 1982 1784 2010 qua
1790 1982 1873 2001 nemo
1879 1973 1971 2009 praeest

393 2014 448 2042 aliis
457 2036 464 2047 ,
487 2025 537 2043 nec
551 2014 691 2051 quitquam
704 2013 779 2042 alteri
792 2034 800 2046 ,
821 2021 948 2051 tanquam
962 2013 1086 2052 legitimo
1101 2015 1264 2051 magistratui
1277 2013 1449 2051 obtemperat
1462 2033 1470 2046 ‚
1490 2011 1535 2039 sed
1549 2011 1658 2049 quilibet
1675 2011 1738 2040 facit
1751 2031 1759 2043 ,
1781 2011 1853 2050 quod
1866 2011 1913 2039 fibi
1928 2020 1970 2039 re-

394 2052 468 2080 stum
480 2054 598 2084 videtur,
619 2061 664 2080 aut
675 2052 758 2080 lubet.

433 2093 497 2118 Haec
508 2090 600 2125 politia
614 2099 712 2129 genera
726 2090 820 2118 omnia
836 2089 980 2127 respublica
988 2091 1113 2118 Romana
1127 2097 1236 2127 experta
1245 2090 1291 2118 est.
1310 2087 1454 2117 Monarchia
1468 2088 1519 2116 fuit
1533 2086 1578 2115 sub
1594 2087 1713 2125 Regibus
1725 2108 1733 2120 ‚
1758 2090 1785 2117 &
1802 2088 1909 2126 quando
1922 2087 1971 2115 Di-

395 2126 509 2168 &atores
529 2128 663 2156 summam
677 2129 705 2157 in
719 2128 854 2166 republica
866 2129 1025 2166 potestatem
1039 2129 1226 2161 obtinuerunt,
1244 2129 1411 2166 postremum
1426 2128 1507 2156 etiam
1522 2125 1567 2154 sub
1583 2126 1793 2163 Imperator-ibus
1809 2126 1928 2164 Augusto
1941 2127 1968 2154 &

393 2163 458 2205 altis,
478 2199 480 2203 y
496 2167 560 2193 Haec
574 2167 602 2193 in
616 2167 774 2203 tyrannidem
788 2166 860 2195 veria
873 2167 910 2194 est
924 2166 1062 2206 Tarquinio
1076 2166 1180 2201 Superbo
1197 2168 1293 2195 Romae
1305 2173 1434 2204 regnante
1446 2187 1454 2199 ‚
1476 2166 1614 2194 Dictatore
1627 2164 1714 2196 Sulla,
1735 2168 1763 2194 ὃ(
1779 2163 1970 2201 imperantibus

396 2201 494 2243 mem
507 2222 514 2233 ‚
539 2207 634 2244 Nerone
646 2226 655 2237 ,
680 2204 797 2242 Caligula
810 2226 818 2237 ,
845 2207 871 2233 ὃ(
890 2204 955 2233 aliis.
995 2205 1117 2233 Liberata
1135 2204 1149 2232 a
1167 2204 1308 2240 tyrannide
1328 2207 1436 2242 Regum
1456 2203 1556 2241 republ.
1576 2206 1603 2232 ὃς
1623 2202 1781 2236 Consulibus.
1801 2211 1867 2231 mox
1886 2201 1969 2228 etiam

395 2239 503 2268 tribunis
522 2240 672 2269 militaribus
686 2264 693 2275 ‚
719 2243 857 2271 Consulari
873 2244 1002 2280 potestate
1015 2264 1023 2276 ,
1052 2246 1079 2272 δί
1097 2243 1243 2270 decemvrrls
1255 2263 1262 2275 ,
1289 2242 1390 2280 legibus
1409 2242 1568 2273 scribendis,
1593 2242 1702 2273 creatis,
1731 2238 1884 2280 aristocratia
1904 2238 1968 2266 fuit:

396 2287 455 2315 quae
479 2284 572 2320 tamen
597 2278 695 2316 aliquot
720 2291 782 2309 ante
808 2282 980 2310 seceffionem
1006 2282 1088 2318 plebis
1114 2283 1142 2310 in
1160 2289 1286 2310 montem
1304 2284 1407 2310 lacrum
1427 2282 1500 2310 annis
1511 2301 1520 2313 ,
1547 2281 1626 2308 tertio
1646 2280 1862 2307 decemvirorum
1879 2285 1968 2307 anno,

398 2319 425 2344 &
451 2313 509 2358 sub·
521 2318 726 2359 triumvirorum
751 2320 861 2356 reipubl.
886 2321 1076 2349 constituendae
1103 2320 1218 2357 imperio
1231 2341 1240 2352 ,
1265 2320 1293 2347 in
1317 2320 1476 2358 ostgarchmm
1501 2319 1682 2356 degeneravit.
1727 2315 1850 2344 Tribunis
1870 2322 1967 2355 ‘autem

396 2352 480 2390 plebis
501 2363 529 2381 in
550 2354 744 2390 rempublicam
764 2358 878 2385 induitis
894 2379 902 2391 ,
928 2359 1057 2396 quamdiu
1078 2359 1188 2396 quidem
1206 2358 1241 2386 illi
1260 2358 1329 2386 intra
1344 2367 1428 2386 metas
1441 2357 1493 2385 sese
1507 2357 1695 2385 continuerunt
1707 2375 1716 2386 ‚
1740 2354 1890 2380 democratta
1905 2354 1967 2380 fuit:

396 2392 504 2430 quando
523 2401 588 2422 vero
607 2400 700 2422 contra
718 2395 840 2429 patricios
860 2398 888 2425 ὃς
908 2397 1026 2436 majores
1041 2397 1206 2436 magistratus
1219 2396 1375 2427 tumultuati
1388 2395 1463 2430 sunt,
1483 2394 1664 2435 &seditiones
1677 2391 1836 2427 excitarunt,
1856 2392 1895 2420 uti
1904 2399 1971 2457 1tum

1916 2437 1970 2465 xpe
