2075 2734
444 125 494 155 De
517 127 628 158 Loco,
650 133 709 153 usi
731 124 826 152 Luni
846 130 931 152 stur
954 133 1139 158 exuturi,
1162 127 1213 154 &c.
1255 126 1337 173 φιν.
1359 123 1388 161 4ἷ
1651 142 1704 170 315

128 181 162 209 de
180 174 351 214 speetaculm
378 175 523 212 pompejus
543 177 656 212 Magnus
675 173 730 202 solo
749 173 845 200 theatro
865 171 1020 214 suo-minor
1034 196 1041 207 ,
1069 185 1132 204 cum
1153 175 1226 204 illam
1248 185 1337 205 arcem
1358 178 1485 205 omnium
1507 179 1704 216 turpitudinum

127 215 280 247 extruxisset
295 236 303 247 ‚
329 214 428 242 veritus
450 213 609 250 quandoque
630 212 769 240 memoriae
783 209 832 237 suae
846 212 1002 238 Centoriam
1018 214 1277 242 animadversionem
1291 236 1299 247 ‚
1325 214 1423 241 Veneris
1436 216 1511 243 adem
1525 217 1706 255 superposuit,

126 258 155 285 &
168 255 200 282 ad
215 254 412 282 dedicationem
427 252 516 280 edicto
529 249 658 287 populum
675 258 786 280 vocanS,
807 257 863 275 non
878 248 1007 275 theatrum
1021 270 1028 281 ‚
1050 251 1093 279 sed
1108 254 1221 280 Veneris
1229 252 1362 289 templum
1372 251 1704 294 nuncupavits'cuilubje.

122 294 212 321 cimus
227 313 234 323 ‚
262 292 348 328 inquit
364 311 371 323 ‚
396 290 492 328 gradus
505 289 714 324 speetaculorum
729 297 735 314 ε
762 287 798 314 ita
811 287 971 314 damnatum
988 289 1014 315 δε
1028 289 1211 318 damnandum
1226 300 1292 327 opus
1307 291 1402 327 templi
1417 291 1496 320 titulo
1508 295 1646 329 praetexuit
1657 317 1664 326 ν
1675 298 1703 324 &c

123 329 291 366 disciplinam
305 328 486 365 superstitione
499 326 600 355 delufit.
630 326 766 354 Hactenus
774 324 882 352 Tei-tull.
917 325 979 352 Erat
992 334 1082 353 autem
1091 328 1219 356 theatrum
1233 330 1259 356 in
1275 330 1388 357 modum
1404 329 1562 368 hemicycli,
1583 333 1657 368 cujus
1671 333 1704 361 ab

123 376 237 405 utroque
251 377 335 394 cornu
351 367 431 395 scenae
444 372 519 392 erant
532 373 596 392 cum
610 363 717 402 fingulis
730 364 781 391 aris
795 384 802 395 ,
828 372 940 400 quarum
955 372 1007 391 uua
1022 364 1112 391 Bacchi
1125 386 1132 397 ‚
1159 366 1239 394 altera
1253 368 1309 403 ejus
1323 371 1373 393 Det
1388 375 1444 395 erat
1458 388 1465 399 ‚
1487 371 1514 397 in
1528 370 1602 406 cujus
1615 370 1701 399 hono-

121 415 181 434 rem
196 407 250 435 ludi
264 405 370 433 fiebant.

163 442 361 478 Amphitheatra
375 451 441 472 vero,
453 440 573 468 circulari
586 441 690 478 integra
703 440 793 468 forma
806 438 1038 472 construebantur,
1059 447 1104 469 aut
1116 440 1202 472 evan,
1224 443 1250 469 δε
1267 442 1396 479 oblonga,
1417 446 1444 473 in
1454 445 1546 482 quibus
1553 447 1702 483 gladiatorii

120 481 190 514 ludi,
211 484 238 510 ἃ
252 479 431 509 conclusarum
446 478 564 506 ferarum
578 480 733 507 venationes
747 478 947 506 exhibebantur.
975 479 1038 514 Ejus
1054 488 1113 506 area
1127 478 1264 507 dicebatur
1277 489 1364 512 cavea,
1386 485 1412 510 ὃς
1425 494 1517 515 arena,
1537 486 1609 521 quod
1624 495 1701 514 arena

119 519 298 557 spargeretur,
317 525 347 545 ut
361 525 490 545 certantes
505 516 559 544 sine
570 516 716 544 offenfione
729 518 869 547 caderent,
889 516 961 552 quod
976 526 1008 545 ex
1021 515 1137 544 Suetonio
1150 516 1242 554 liquet.

167 557 278 585 Theatri
291 562 377 591 partes
391 554 529 589 suntfiena
538 576 546 587 ‚
562 553 682 593 orchestra
695 576 703 587 ,
723 554 875 589 proscenium
888 574 897 585 ,
918 557 945 582 &
953 554 1089 589 pulpitum.
1118 559 1196 582 Stena
1210 555 1283 583 frons
1305 558 1340 584 est
1353 558 1446 587 theatri
1463 563 1489 588 δε
1503 570 1532 588 ea
1545 570 1603 597 pars
1612 583 1619 594 ,
1640 571 1698 599 quae

120 595 153 623 ab
167 605 221 623 uno
234 594 290 630 ejus
305 602 388 620 cornu
402 593 434 621 ad
448 593 562 620 alterum
577 603 639 621 cum
651 601 812 630 coopertura
826 591 971 620 ducebatur
985 603 990 620 :
1019 603 1048 620 ca
1062 600 1108 621 aut
1119 592 1245 627 verslitiltsss
1259 603 1313 623 erat
1327 616 1334 627 ‚
1361 596 1457 625 scilicet
1473 619 1478 627 .
1505 609 1560 626 cum
1578 600 1699 626 machmis

119 631 275 670 quibusdam
289 630 375 659 subito
390 631 541 658 vertebatur
555 651 562 662 ‚
584 633 611 660 δε
625 631 704 659 aliam
718 631 827 667 pidiurae
841 630 937 658 faciem
952 631 1118 659 ostendebat:
1140 638 1185 658 aut
1198 632 1314 665 ductilis,
1335 643 1397 661 cum
1414 636 1501 663 tractis
1515 637 1637 666 tabulatis
1650 638 1699 665 hac

119 678 198 707 atque
211 669 282 700 illac,
301 668 399 705 specics
413 670 522 706 picturae
536 670 647 698 interior
660 669 823 701 nudabatur,
843 676 872 696 ut
885 670 1022 697 annotavit
1036 668 1137 696 Servius
1151 668 1196 696 lib.
1206 680 1229 707 3.
1245 672 1349 709 Georg.
1371 673 1480 708 Proprie
1494 684 1559 702 vcro
1568 677 1639 709 siena
1653 686 1701 703 vo-

117 708 226 736 cabatur
236 706 364 734 arborum
378 708 405 734 in
418 707 444 735 se
457 706 612 736 cubantium
627 716 814 735 concamerata
828 706 1015 739 condensatio,
1036 715 1066 734 ut
1080 706 1268 743 subterpolitos
1281 709 1313 736 ab
1328 710 1395 737 a'e'ris
1409 711 1473 746 injur
1482 711 1504 738 ia
1511 713 1593 747 poss'et
1602 721 1700 751 tegere.

119 747 193 773 Nam
214 744 305 783 priscis
324 745 490 781 temporibus
509 753 570 773 ante
583 745 658 772 usum
677 746 834 772 theatrorum
849 744 894 771 sub
911 744 1050 773 frondibus
1066 747 1091 774 ἓ(
1105 744 1268 775 umbraculis
1281 748 1403 785 agebant.
1445 750 1614 785 Qaresccna
1628 752 1699 779 dieta

72 793 76 795 -
118 785 169 815 est,
191 784 276 820 inquit
297 782 465 819 Caffiodorus,
487 783 518 811 ab
537 783 633 811 umbra
648 783 699 811 luci
713 783 876 813 denslffima,
896 783 942 810 ubi
956 783 969 811 εὶ
984 783 1129 819 pastoribus
1142 783 1284 812 inchoante
1300 795 1361 813 vere
1375 786 1482 814 diverfis
1496 787 1564 815 lonis
1579 791 1697 816 carmina

115 821 297 850 cantabantur.
332 820 450 849 Placidus
463 822 664 848 Grammaticus
669 822 770 856 scenam
782 821 847 849 dicit
861 821 911 848 esse
925 830 1050 849 cameram
1061 821 1124 848 hinc
1144 822 1206 849 inde
1220 824 1398 860 compositam
1413 845 1421 856 ‚
1449 833 1506 860 quae
1519 826 1621 853 umbrae
1635 826 1696 854 loco

115 861 144 888 in
157 860 254 887 theatro
268 866 323 886 erat
336 880 344 890 ,
365 860 392 886 in
405 868 459 895 quo
471 859 527 886 ludi
540 859 694 896 agebantur.
714 861 802 888 Scenae
816 865 906 887 autem
921 858 1048 896 longitudo
1061 860 1093 888 ad
1109 859 1248 888 orchestrae
1261 862 1416 890 diametron
1431 861 1527 899 duplex
1536 863 1593 891 fieri
1601 864 1693 895 debet,

114 906 145 927 ut
157 898 237 926 docet
251 896 378 924 Vitruvius
391 897 435 924 lib.
443 907 469 932 5.
482 906 572 933 cap.7.

154 937 308 970 Proscemum
322 935 396 962 lotus
409 941 465 962 erat
478 943 540 963 ante
552 934 658 963 scenam
672 935 823 973 porrectus,
844 934 872 962 in
886 944 939 972 quo
953 943 1008 963 erat
1017 935 1159 970 pulpitum,
1180 937 1318 973 agentium
1334 939 1536 976 &loquentium
1553 938 1636 966 locus.
1663 939 1693 966 In

114 973 249 1010 pulpitum
264 973 336 1000 enim
349 973 450 1000 actores
462 973 618 1009 prodibant,
639 975 711 1011 quod
726 974 835 1010 quidem
843 974 1109 1006 utVirruwussentit,
1131 982 1186 1002 etat
1194 975 1270 1003 latius
1279 977 1393 1009 Latinis,
1415 986 1495 1014 quam
1505 978 1613 1004 Graccis.
1633 977 1696 1012 Ejus

115 1019 204 1039 autem
218 1011 330 1039 altitudo
345 1012 477 1038 Romanis
484 1020 539 1039 erat
547 1022 602 1039 non
610 1011 668 1048 plus
675 1021 775 1049 pedum
784 1012 911 1048 quinque.
931 1013 1041 1047 Atfietm
1049 1020 1104 1040 erat
1111 1012 1300 1047 altior-pulpito,
1320 1014 1452 1051 pulpitum
1463 1015 1539 1043 altius
1541 1014 1695 1049 prostent'o&

113 1048 242 1086 orchestra.
276 1049 317 1076 Ibi
330 1049 543 1086 gesticulatione,
565 1058 657 1082 cantu,
679 1053 706 1079 &
719 1049 870 1081 saltatione,
891 1050 1004 1078 artifices
1018 1050 1136 1086 personis
1151 1052 1178 1078 in
1192 1050 1270 1078 scena
1283 1051 1378 1080 abditis
1391 1053 1522 1090 populum
1538 1053 1695 1081 retinebant.

153 1085 281 1124 orchestra
295 1088 364 1123 apud
382 1089 522 1115 Romanos
536 1088 609 1116 locus
622 1096 692 1121 erat,
714 1089 742 1115 in
755 1097 810 1125 quo
825 1090 964 1116 Senatores
977 1088 1147 1118 confidebant
1160 1089 1301 1125 lpestaturi
1316 1102 1320 1118 z
1342 1092 1411 1127 apud
1425 1093 1534 1120 Graecos
1546 1091 1696 1119 saltationes

116 1127 146 1154 in
160 1134 189 1153 ea
202 1125 403 1163 peragebantur.
431 1126 560 1154 Sedilium
574 1128 682 1155 ordines
696 1127 767 1153 cunei
780 1125 793 1153 a
808 1127 892 1164 figura
907 1126 1072 1155 dicebantur.
1104 1129 1176 1155 Cum
1194 1129 1267 1155 enim
1284 1137 1453 1157 excurrerent
1468 1130 1499 1157 ab
1513 1129 1624 1167 angusto
1639 1129 1694 1165 spa-

114 1165 155 1193 tio
168 1165 198 1192 ad
214 1164 347 1191 ambitum
364 1165 497 1192 extimum
512 1186 519 1196 ‚
540 1165 682 1193 ssriffiores
698 1172 771 1192 eraut
785 1165 942 1196 necess‘ario,
964 1174 1017 1201 quo
1031 1168 1140 1201 propius
1154 1167 1309 1194 accederent
1323 1168 1354 1194 ad
1369 1177 1492 1199 caveam,
1514 1170 1565 1196 διε.
1605 1169 1694 1203 Atque

114 1204 149 1230 de
169 1201 275 1229 theatris
296 1203 378 1230 etiam
391 1222 399 1232 ‚
428 1211 576 1238 eorumque
596 1202 713 1238 partibus
734 1202 867 1229 hadienus.
907 1203 1043 1230 Caeterum
1064 1211 1093 1231 ut
1114 1204 1147 1230 de
1163 1203 1298 1239 specstandi
1317 1206 1420 1232 ratione
1433 1205 1519 1232 adhuc
1533 1214 1614 1241 pauca
1630 1214 1691 1231 mo-

114 1249 209 1270 neam,
231 1239 326 1266 author
343 1240 379 1266 est
400 1239 510 1266 Valerius
530 1244 677 1271 Maximus,
700 1242 727 1268 &
748 1249 810 1266 cum
834 1248 867 1266 eo
881 1239 938 1270 alii,
958 1249 1005 1275 per
1019 1242 1178 1278 quingentos
1194 1244 1220 1269 ὃ(
1236 1242 1426 1279 quinquaginta
1441 1242 1505 1269 odito
1519 1252 1601 1269 annos
1615 1244 1693 1269 Sena-

113 1286 175 1306 tum
195 1277 295 1313 populo
310 1278 418 1304 mistum
433 1276 582 1313 spediaculo
593 1278 717 1305 ludorum
732 1277 886 1304 interfuifl‘e.
926 1278 975 1305 Sed
990 1288 1051 1305 eum
1068 1288 1175 1306 morem
1191 1279 1320 1306 Andium
1331 1285 1470 1306 Serranum
1485 1301 1491 1311 ‚
1518 1283 1543 1308 ὃς
1558 1284 1588 1306 L.
1602 1279 1694 1306 Scribo-

114 1326 187 1342 mum
209 1315 324 1347 AEdiles,
346 1315 420 1342 ludos
440 1316 527 1343 Matri
547 1315 634 1343 Deum
654 1315 793 1346 facientes,
815 1314 955 1350 superioris
969 1315 1087 1344 Africani
1100 1317 1258 1344 sententiam
1272 1316 1388 1349 secutos,
1409 1317 1528 1345 discretis
1540 1319 1649 1344 Senatus
1664 1320 1691 1345 ὃ(

114 1353 206 1390 populi
228 1352 307 1385 locis,
328 1352 442 1380 solvisse:
464 1362 521 1389 quae
539 1354 647 1390 quidem
668 1362 708 1380 res
721 1354 847 1380 averterit
862 1353 933 1389 vulgi
946 1355 1068 1381 animum
1079 1375 1086 1386 ‚
1108 1357 1134 1382 ὃς
1150 1354 1270 1382 favorem
1285 1354 1400 1389 Scipionis
1415 1364 1578 1392 magnopere
1592 1355 1690 1391 qualia-

114 1392 194 1419 verit.
221 1392 286 1419 Lata
299 1392 395 1419 deinde
408 1391 450 1417 lex
462 1389 547 1426 quc'ia
561 1391 611 1423 est,
636 1391 748 1420 Metello
760 1393 786 1418 ὃς
802 1391 834 1417 C.
845 1392 947 1418 Marcio
962 1392 1033 1419 Cofll
1047 1401 1117 1419 anno
1131 1393 1212 1420 Urbis
1225 1393 1339 1420 conditae
1358 1402 1484 1421 mcxxev.
1497 1402 1553 1429 qua:
1566 1392 1690 1430 Equitem

113 1437 222 1466 quoque
236 1429 248 1456 a
263 1428 335 1455 Plebe
350 1430 466 1457 distinxit
480 1440 484 1455 z
505 1429 540 1456 lic
554 1436 646 1456 tamen
661 1450 667 1460 ‚
689 1437 719 1456 ut
733 1429 778 1465 qui
792 1438 823 1455 cx
837 1428 930 1466 Equite
944 1429 985 1456 vel
1000 1430 1081 1461 vitio,
1103 1430 1145 1457 vel
1159 1430 1265 1458 fortuna
1279 1431 1456 1462 decoxiffenr,
1478 1430 1509 1457 ab
1521 1431 1576 1458 aliis
1590 1432 1689 1466 separa-

112 1475 218 1498 rentur,
238 1476 268 1494 ac
280 1467 428 1495 remotiore
439 1467 500 1494 loco
514 1467 688 1495 confiderent.
729 1467 881 1494 Meminere
895 1466 951 1502 ejus
964 1467 1028 1503 legis
1043 1467 1183 1499 Horatius,
1203 1466 1346 1504 Juventtlis
1356 1489 1363 1499 ,
1382 1478 1412 1496 ac
1424 1468 1489 1504 saepe
1503 1468 1603 1500 Cicero,
1624 1479 1688 1505 prae-

112 1504 202 1533 sertim
219 1505 365 1541 Philippica
382 1516 407 1531 2.
428 1506 473 1541 qui
485 1513 561 1533 natos
574 1504 649 1537 hinc,
671 1504 697 1532 se
711 1504 842 1535 Contule,
864 1508 894 1531 L.
912 1506 990 1538 Rofitt
1004 1506 1108 1532 Othonis
1122 1506 1203 1539 (nam
1219 1506 1240 1532 is
1256 1506 1344 1542 legem
1359 1506 1494 1540 sanxerat)
1511 1507 1575 1533 odio
1589 1506 1689 1533 tumul-

111 1550 156 1577 tus
167 1553 222 1571 non
237 1543 323 1570 solum
337 1541 517 1579 compescuit,
538 1552 633 1571 verum
647 1543 728 1570 etiam
744 1542 847 1573 effecit,
867 1550 896 1570 ut
911 1552 1032 1570 errorem
1046 1543 1123 1570 suum
1139 1543 1210 1570 Plebs
1222 1544 1390 1580 agnosceret,
1410 1553 1496 1580 neque
1509 1542 1534 1570 se
1548 1544 1637 1571 notari
1651 1543 1689 1572 se-

112 1581 153 1608 dis
165 1581 316 1609 discrimine
329 1583 421 1618 iniquo
433 1581 525 1608 animo
539 1581 629 1609 ferret.
650 1580 755 1609 Author
769 1581 796 1607 in
811 1580 866 1616 ejus
882 1581 935 1608 vita
947 1581 1108 1612 Plutarchus,
1132 1584 1158 1609 Sc
1174 1582 1242 1609 I’t'tn.
1251 1581 1266 1609 l.
1276 1593 1300 1618 7.
1314 1592 1369 1620 cap.
1380 1593 1423 1620 30.
1443 1585 1546 1609 Verum
1554 1582 1595 1608 lex
1604 1581 1688 1615 Roscia

112 1618 177 1646 nihil
190 1619 237 1645 nisi
250 1620 283 1646 de
295 1629 358 1647 xiv.
372 1618 509 1646 ordinibus
522 1618 614 1647 fimxit.
634 1621 744 1647 Secutus
756 1626 846 1646 autem
862 1616 1007 1656 Augustus,
1029 1620 1148 1656 primum
1161 1629 1221 1647 eam
1235 1619 1270 1647 fic
1285 1624 1437 1648 moderatus
1453 1620 1488 1646 est
1497 1640 1503 1650 ‚
1522 1627 1551 1645 ut
1560 1629 1621 1646 cum
1632 1620 1687 1655 ple-

112 1658 186 1693 rique
198 1656 302 1695 Equites
314 1657 407 1685 attrito
420 1655 495 1683 bellis
508 1657 629 1684 civilibus
642 1657 819 1693 patrimonio,
843 1664 919 1684 metu
931 1665 1018 1691 panae
1032 1657 1164 1685 theatralis
1172 1657 1362 1686 sedes-einxsv.
1371 1668 1427 1685 non
1434 1660 1575 1688 auderent,
1596 1666 1688 1685 canon

111 1695 197 1722 teneri
217 1699 353 1725 statueret,
374 1694 468 1731 quibus
480 1694 554 1730 ipfis‚
573 1694 776 1732 parentibusque
788 1693 906 1732 Equester
918 1696 1015 1729 censio-¹,
1035 1705 1152 1733 unquam
1168 1695 1261 1724 fuiss‘et.
1292 1697 1389 1733 Neque
1401 1696 1452 1723 hoc
1466 1695 1567 1726 solum,
1592 1704 1686 1722 verum

112 1733 193 1761 ctiam
209 1733 235 1759 in
249 1733 400 1760 univer-ium
415 1753 422 1764 ,
450 1734 554 1769 quoties
567 1734 631 1769 quid
643 1733 814 1768 spectandum
828 1732 934 1768 publice
947 1733 1068 1761 ederetur
1082 1754 1090 1765 ‚
1110 1735 1231 1770 primum
1246 1733 1427 1761 subselliorum
1441 1734 1566 1760 ordinem
1581 1736 1685 1759 Senato-

110 1769 177 1799 nbus
196 1770 307 1807 relinqui
322 1770 405 1798 voluit
417 1780 421 1796 :
445 1769 553 1797 militem
566 1779 694 1806 praeterea
707 1770 818 1798 secrevit
832 1770 846 1797 a
858 1769 973 1806 popule,
993 1780 1023 1799 ac
1037 1772 1139 1799 maritis
1152 1771 1166 1800 ἐ
1178 1771 1257 1808 plebe
1269 1773 1393 1809 proprios
1405 1772 1522 1799 ordines:
1546 1777 1683 1806 praetexta-

110 1810 145 1838 tis
165 1818 270 1845 quoque
288 1808 363 1835 suum
384 1818 490 1834 cuneum
510 1809 638 1836 attribuit.
678 1810 738 1848 Qa
758 1809 792 1836 de
812 1817 840 1834 re
860 1808 934 1844 plura
953 1808 1012 1846 lege
1025 1811 1092 1846 apud
1113 1814 1242 1837 LaeUrnum
1255 1808 1415 1837 Torrentium
1431 1808 1640 1836 Commentariis
1653 1809 1681 1836 in

110 1847 231 1874 Suetonii
250 1848 400 1874 Neronem.
426 1845 522 1873 Scribit
544 1846 624 1874 Valer.
644 1850 757 1873 Maxtm.
783 1846 957 1884 Religionem
977 1848 1103 1876 ludorum
1117 1847 1293 1876 crescentibus
1305 1848 1401 1884 opibus
1412 1847 1529 1874 secutam
1544 1846 1594 1873 efl'e
1607 1846 1684 1874 lauti-

109 1886 186 1913 tiam.
216 1885 279 1921 Ejus
291 1884 413 1911 instindffl
426 1884 596 1921 Qcasulum
611 1886 777 1921 Campanam
792 1885 929 1913 imitatum
943 1881 1074 1914 luxuriam
1088 1907 1095 1918 ‚
1122 1888 1241 1923 primum
1263 1885 1437 1922 spezstantium
1451 1883 1598 1911 consessum
1612 1883 1684 1911 velo-

110 1932 172 1951 rum
198 1922 356 1950 umbraculis
382 1923 480 1950 texifle.
506 1926 554 1950 Cn.
574 1924 718 1957 Pampejum
744 1931 805 1950 ante
830 1933 926 1950 omnes
939 1944 947 1955 ‚
975 1933 1047 1961 aquae
1072 1933 1120 1960 per
1139 1924 1245 1951 semitas
1264 1923 1372 1951 decursu
1386 1944 1392 1954 ‚
1420 1923 1538 1949 aestivum
1560 1922 1682 1951 minuisse

111 1961 257 1989 fervorem.
283 1964 313 1987 C.
326 1960 459 1987 Pulchrum
480 1960 585 1988 scenam
606 1962 732 1988 varietate
746 1960 869 1988 colorum
883 1961 1078 1989 adumbraviffe
1091 1982 1099 1992 ,
1126 1962 1214 1989 vacuis
1229 1970 1291 1988 ante
1303 1962 1404 1997 piCtura
1416 1960 1510 1987 tabulis
1525 1967 1681 1988 extentam:

131 2008 191 2025 uam
212 2005 299 2025 totam
318 2007 419 2035 argento
437 1999 518 2035 Cajus
533 2000 665 2027 Antonius
677 2019 684 2030 ‚
709 2009 770 2025 auro
784 1999 903 2034 Petrejus
916 2019 924 2030 ,
950 1998 1019 2025 ebore
1031 1999 1146 2036 Qintus
1160 1999 1268 2027 Catulus
1281 1999 1457 2034 praetexuerit.
1484 1997 1628 2032 Versatilem
1642 1997 1681 2025 fe-

110 2036 171 2064 ciss'e
190 2035 321 2063 Lucullos.
353 2037 503 2074 Argentatis
515 2037 643 2074 choragiis
653 2038 679 2065 P.
695 2036 840 2064 Lentulum
861 2036 1029 2073 Spintherem
1048 2037 1218 2064 adornaviffe.
1253 2037 1422 2063 Transsatum
1438 2043 1515 2064 antea
1531 2034 1679 2064 Phoeniceis

110 2075 234 2103 indutum
253 2073 349 2102 tunicis
367 2076 406 2102 M.
425 2077 553 2103 Scaurum
576 2075 706 2112 exquisito
727 2084 824 2112 genere
845 2075 920 2101 vestis
933 2075 1033 2102 cultum
1048 2075 1185 2102 induxiss‘e.
1211 2074 1347 2102 Hactenus
1365 2074 1418 2102 Val.
1444 2074 1575 2110 Qamvis
1586 2081 1678 2102 autem

110 2114 225 2144 theatra,
245 2111 301 2139 circi
314 2133 322 2144 ,
343 2114 369 2140 &
382 2112 430 2140 alia
444 2112 575 2148 ejusmodi
588 2113 647 2142 loca
661 2114 801 2150 singulares
815 2121 938 2149 quaeque,
959 2122 988 2140 ac
1002 2113 1123 2150 proprios
1138 2112 1212 2139 ludos
1222 2111 1361 2143 haberent,
1382 2114 1407 2140 ἃς
1416 2111 1617 2140 exercitationes
1625 2112 1680 2140 cui-

107 2160 160 2188 que
171 2151 233 2178 loco
244 2151 472 2178 accommodatas:
490 2158 582 2179 tamen
595 2153 689 2180 eadem
703 2151 769 2188 saepe
782 2150 908 2178 omnibus
919 2152 947 2177 in
961 2151 1026 2178 locis
1040 2150 1144 2187 permiia
1157 2150 1210 2177 fine
1224 2149 1376 2178 discrimine
1387 2149 1502 2178 fuerunt.
1521 2151 1564 2177 De
1576 2159 1631 2187 quo
1639 2151 1678 2178 vi-

107 2190 142 2217 de
161 2188 259 2226 Georgii
276 2186 384 2215 Fabricii
400 2190 518 2216 Romam
533 2210 541 2221 ‚
566 2199 622 2226 cap.
637 2201 676 2217 12.
704 2192 743 2217 Ex
761 2199 814 2227 quo
837 2189 917 2216 etiam
937 2189 1022 2216 multa
1034 2189 1086 2216 huc
1099 2187 1315 2224 transcripfimus.
1341 2189 1451 2216 Theatra
1463 2189 1491 2215 in
1504 2186 1594 2216 libello
1607 2193 1678 2215 Onu-

102 2225 170 2262 pbrii
189 2225 307 2254 Pani-inii
325 2227 358 2254 de
378 2236 439 2254 xiv.
457 2227 608 2263 regionibus
627 2228 709 2256 Urbis
730 2235 917 2255 memorantur
936 2235 1061 2265 quatuor,
1083 2225 1159 2253 Balbi
1166 2245 1172 2254 ,
1191 2226 1319 2258 Marcelli,
1338 2225 1472 2261 lapideum,
1497 2225 1539 2258 ἐς·
1560 2226 1679 2261 Pompeji.

108 2264 312 2301 Amphitheam
331 2266 381 2292 tria
393 2285 400 2296 ‚
426 2264 635 2298 amphitheatrum
653 2277 773 2304 magnum
787 2287 793 2297 ‚
820 2264 935 2302 castrenft>
948 2287 956 2297 ‚
984 2265 1025 2297 ξς
1046 2269 1126 2293 Tauri
1145 2264 1252 2292 Statilii.
1292 2265 1409 2292 Pertinet
1431 2264 1462 2291 ad
1476 2264 1566 2292 locum
1589 2265 1670 2291 ctiam

107 2304 196 2330 odeum
208 2324 216 2336 ,
236 2303 352 2339 stadium
368 2324 375 2335 ‚
408 2304 435 2330 &
455 2302 543 2340 aystus.
580 2304 678 2332 Odeum
698 2307 794 2332 Graeco
819 2303 930 2331 nominc
950 2304 1054 2331 dictum
1073 2308 1157 2335 ὠδᾱον,
1178 2302 1315 2340 publicum
1335 2303 1475 2331 aedificium
1490 2311 1559 2333 erat,
1582 2304 1607 2329 in
1622 2311 1676 2338 quo

108 2341 246 2370 citharoedi
262 2345 287 2369 ἃ
302 2342 423 2369 tibicines
437 2341 450 2367 a
464 2341 565 2369 musico
578 2363 585 2373 ‚
612 2345 639 2371 ὃ(
652 2343 746 2380 reliqui
758 2342 860 2370 mitorcs
875 2341 970 2369 scenici
984 2341 1016 2368 ab
1030 2341 1156 2369 histrione
1169 2341 1357 2369 exercebantur
1369 2362 1377 2373 ,
1406 2349 1549 2378 antequam
1565 2341 1592 2367 in
1605 2340 1677 2366 thea-

106 2386 177 2410 trum
189 2379 337 2417 prodirent.
359 2379 434 2408 Talia
446 2378 554 2409 aedificia
566 2380 595 2408 in
610 2381 683 2410 Urbe
694 2381 768 2409 fuere
780 2382 903 2418 quinque.
923 2379 1044 2409 Stadium
1054 2381 1127 2408 locus
1139 2386 1195 2418 erat
1208 2378 1355 2409 cursoribus
1366 2379 1521 2412 destinatus,
1542 2377 1679 2421 ernustus

1026 2419 1073 2448 Rr
1093 2427 1109 2447 2
1597 2426 1611 2444 a
1624 2419 1676 2443 Do-
