2075 2734
391 118 446 157 505
680 105 1698 144 AnerumaauMRomananumLxs.vn.

392 167 497 199 Romulo
512 165 667 195 constitutus
680 168 735 191 erat
749 183 756 194 ‚
776 161 908 190 distributi
921 162 949 189 in
965 161 1083 188 decurias
1097 181 1104 192 ,
1124 157 1268 187 decemviris
1283 159 1353 187 sorte
1367 158 1577 187 committebant
1596 157 1670 186 Urbis
1684 157 1826 193 imperium.
1866 160 1903 189 Hi
1918 169 1974 190 non

395 206 487 237 fimul,
507 204 550 234 sed
571 213 635 232 unus
650 203 708 240 post
725 201 806 229 alium
820 201 908 238 quinis
917 199 1008 228 diebus
1021 199 1128 227 lictores
1141 197 1287 229 habebant,
1308 205 1453 235 caeteraque
1467 197 1576 235 insignia
1589 197 1675 234 regia,
1695 206 1752 233 quae
1764 207 1813 226 ceu
1825 207 1872 234 per
1882 209 1979 228 manus

395 244 579 275 tradebantur,
600 242 613 269 a
627 243 718 279 primo
732 240 856 276 deinceps
872 238 953 276 usque
967 238 999 266 ad
1013 238 1141 266 ultimum
1151 244 1211 265 turn
1221 235 1434 275 quinqueduunus
1445 237 1488 265 ille
1501 234 1662 273 magistratus
1675 235 1807 272 migrabat
1821 237 1852 264 ad
1866 236 1977 274 sequen-

396 293 454 313 tem
470 281 603 310 decuriam
614 302 620 312 ‚
642 282 668 308 ὃς
683 279 745 306 inde
757 277 860 307 rursum
874 278 906 305 ad
921 277 1015 308 aliam,
1034 278 1085 305 &c.
1105 278 1169 303 Haec
1182 273 1325 312 Dioqysius.
1345 284 1402 311 quae
1416 277 1443 304 &
1456 273 1551 302 Livius
1565 274 1612 302 lib.
1630 285 1652 302 1.
1666 274 1763 304 tradit,
1783 272 1826 302 sed
1841 275 1918 310 paulo
1931 276 1978 314 ali·
2018 276 2021 277 ⁷

396 330 446 350 ter.
488 319 719 355 observatumque
733 316 786 344 hoc
800 316 850 345 fuit
864 316 909 344 sub
922 318 1030 352 Regum
1042 315 1158 351 imperio
1172 334 1180 345 ‚
1199 320 1229 340 ut
1243 313 1346 349 quoties
1367 314 1427 342 Rex
1440 315 1494 342 vira
1507 312 1647 341 defunstus
1661 312 1723 340 ess'et
1737 331 1744 342 ,
1765 311 1915 349 priusquam
1930 324 1980 342 no..

398 370 446 388 vus
463 359 617 396 eligeretur,
640 359 775 397 Into-reges
787 356 875 384 vicem
895 355 976 392 Regis
990 353 1103 381 obirent.
1124 350 1220 379 Mansit
1234 351 1323 386 postea
1336 350 1391 379 haec
1405 352 1545 389 appellatio
1560 352 1641 379 etiarn
1657 350 1701 378 sub
1710 349 1844 384 Confidam
1857 350 1980 386 imperio.

399 401 472 426 Cum
488 405 562 424 emm
574 393 700 422 ordinarit
714 392 880 431 miggislratus
893 393 1008 421 abeffent
1022 412 1029 423 ‚
1051 394 1077 419 ὃς
1092 388 1198 417 comitiis
1211 389 1331 416 interesse
1346 399 1401 417 non
1415 390 1518 426 poflent
1531 411 1540 422 ,
1560 390 1612 418 five
1630 390 1697 417 vitio
1710 389 1791 416 creati
1805 388 1980 421 abdicassent,

397 445 484 472 neque
497 434 612 471 placeret
629 431 786 460 DicJatorem
799 433 873 469 dicii
886 440 945 460 tum
961 441 1003 458 res
1016 430 1048 458 ad
1067 428 1237 464 interregnum
1251 426 1381 455 veniebat.
1401 430 1489 466 Atque
1501 429 1584 456 etiam
1602 430 1753 465 Interreges,
1773 427 1817 463 qui
1831 425 1876 453 sub
1890 430 1913 453 C
1913 428 1982 462 onflc-
2018 438 2021 442 ·

398 473 464 501 ltbm
478 479 552 501 erant
570 472 667 499 eodem
684 470 767 498 modo
783 470 1007 509 quinqzceduanum
1028 467 1157 495 habebant
1173 464 1350 502 magistratum
1365 485 1372 497 ‚
1402 473 1431 494 ut
1443 467 1479 495 illi
1502 466 1657 502 superiores.
1698 467 1807 493 Morem
1821 463 1891 492 hunc
1907 465 1982 493 fuiffe

400 511 572 540 observatum
586 510 666 537 etiam
682 517 805 546 tempore
816 507 953 541 cicerone,
973 507 1051 543 lib.7.
1064 505 1095 533 ad
1111 504 1264 532 familiares,
1286 510 1393 540 apparet
1407 513 1439 532 ex
1453 505 1560 541 epistola
1576 504 1608 532 ad
1623 502 1773 531 Trebatium
1788 524 1794 534 ‚
1816 503 1860 530 ubi
1875 504 1909 531 fic
1923 503 1984 531 scri-

399 550 452 578 bit:
474 549 532 577 Nisi
546 556 606 576 ante
621 549 712 575 Roma
724 546 860 583 profatus
875 547 951 578 esses,
971 554 1042 574 nunc
1057 553 1117 572 eam
1134 550 1206 570 certe
1220 542 1390 579 relinqueres.
1428 544 1497 579 Qis
1511 543 1585 570 enim
1598 548 1640 570 tot
1657 541 1806 579 mterregnis
1821 541 1984 576 jureconsul-

400 596 460 617 tum
477 587 620 619 desiderat,
630 589 681 615 &a
699 588 838 622 Interreges
853 593 944 614 autem
956 595 1012 612 nun
1025 583 1073 611 nifi
1087 581 1100 608 {1
1114 581 1231 617 patriciis
1244 602 1251 613 ,
1274 590 1323 609 nec
1338 580 1381 608 alii
1396 581 1443 609 nisi
1457 581 1562 618 patricii
1574 579 1738 617 eligebantur
1751 599 1758 608 .
1778 579 1819 606 vel
1834 580 1983 616 prodeban-

399 634 444 654 tur
464 627 475 660 <
484 626 534 653 hoc
556 626 630 653 enim
647 623 759 652 verbum
773 625 880 660 proprie
898 624 931 652 de
947 624 978 652 iis
997 619 1192 657 usurpabatur)
1212 625 1242 647 ut
1263 628 1295 647 ex
1310 618 1433 656 plurimis
1451 618 1541 649 Livii,
1566 617 1692 645 Ciceronis
1705 636 1713 646 ,
1743 619 1769 646 &
1781 617 1895 645 aliorum
1917 618 1983 646 Iocis

401 663 579 700 cognoscitur.
620 665 724 692 Mutata
737 672 801 690 vero
811 663 898 692 veteri
909 661 1058 699 reipublicae
1072 659 1161 687 forma
1175 678 1186 690 ,
1205 659 1232 687 &
1247 657 1353 687 summa
1365 667 1459 687 rerum
1477 658 1511 687 ad
1525 666 1611 687 unum
1624 656 1710 685 delata
1724 676 1732 688 ,
1751 657 1886 694 Interreges
1902 657 1984 684 creari

407 702 548 731 desierunt.

1020 769 1044 797 c
1071 778 1087 795 A
1114 778 1128 795 Ρ
1155 759 1174 794 ι’]
1201 776 1217 794 ⁷1·
1258 766 1371 795 xv11.

1079 839 1132 872 De
1147 836 1317 872 Diffalore.

409 925 528 988 Anno
542 927 624 956 Urbis
639 928 753 956 conditae
772 936 849 954 chv.
869 925 942 964 Com
961 927 992 951 T.
1008 922 1101 961 Largio
1121 923 1182 958 (vel
1194 922 1302 958 Lartio)
1322 921 1400 949 Flavo
1415 944 1422 955 ,
1442 921 1579 961 QCloelio
1592 922 1674 950 Siculo
1687 943 1697 956 ,
1717 932 1778 950 cum
1792 930 1887 949 omnes
1903 921 1991 949 Latini

487 965 592 1004 populi,
613 967 723 994 authore
736 962 841 992 obhvio
859 962 976 991 Mamtl'm
990 982 996 993 ‚
1017 961 1213 997 conspiratione
1229 960 1297 988 faeta
1312 981 1320 992 ‚
1340 960 1442 989 bellum
1455 962 1586 988 Romanis
1602 969 1744 989 moverent
1759 972 1766 988 ι
1785 959 1883 987 senatui
1899 967 1991 987 autem

406 1005 434 1033 in
449 1005 528 1032 tantis
543 1005 667 1042 angustiis
677 1006 703 1033 ὃς
717 1002 838 1040 periculis
853 1001 1013 1032 constituto,
1033 1001 1117 1027 etiam
1130 1000 1144 1026 a
1163 999 1317 1026 domesticis
1330 998 1358 1026 in
1372 1000 1524 1035 apparando
1539 999 1611 1027 bello
1624 1020 1631 1031 ,
1653 1002 1679 1027 Sc
1695 999 1815 1027 militum
1831 996 1991 1030 deleffibus,

407 1042 528 1070 nonnihil
542 1042 704 1070 difficultatis
718 1041 894 1076 objiceretur,
913 1047 969 1066 non
982 1038 1109 1065 omnibus
1124 1037 1181 1074 pari
1193 1037 1328 1065 alacritate
1341 1036 1464 1065 dantibus
1477 1038 1596 1065 nomina.
1635 1038 1709 1064 Nam
1724 1038 1802 1074 egeni
1816 1057 1823 1068 ,
1843 1035 1991 1072 praesertim

407 1090 459 1108 aere
472 1080 559 1108 alieno
572 1081 663 1118 preffi,
684 1088 799 1117 quorum
815 1080 909 1115 ingens
924 1083 981 1104 erat
995 1085 1122 1104 numerus
1132 1096 1138 1107 ,
1159 1076 1233 1103 citati
1248 1084 1303 1102 non
1318 1075 1459 1111 parebant,
1479 1075 1544 1104 nihil
1558 1075 1674 1104 fibicum
1685 1074 1800 1111 patriciis
1812 1074 1994 1101 ess'edietitan-

411 1126 466 1150 tes,
487 1117 748 1153 nisifi’nnrufionficlto
762 1117 966 1144 remitterentur
980 1114 1082 1142 debita:
1101 1115 1190 1141 immo
1204 1123 1259 1141 non
1276 1113 1401 1146 deerant,
1422 1115 1467 1151 qui
1479 1113 1628 1143 deserturos
1640 1112 1664 1140 se
1679 1113 1783 1140 Urbem
1798 1112 1928 1142 dicerent,
1955 1111 1992 1139 se-

408 1165 462 1193 que
476 1157 593 1185 invicem
611 1155 786 1183 hortabantur
799 1155 832 1182 ad
846 1164 901 1182 non
916 1153 1121 1180 immorandum
1135 1152 1162 1179 in
1178 1151 1266 1183 Urbe,
1286 1151 1314 1179 in
1329 1161 1379 1188 qua
1390 1153 1483 1180 nullius
1497 1152 1573 1180 bonae
1586 1153 1625 1179 rei
1640 1151 1689 1179 sint
1703 1151 1852 1188 participes.
1873 1150 1915 1177 Ad
1923 1150 1994 1178 hunc

409 1195 526 1222 modum
543 1195 691 1222 constitutis
708 1193 785 1220 rebus
799 1214 806 1225 ‚
834 1195 861 1221 ὃς
875 1191 907 1219 ad
922 1190 1081 1218 seditionem
1096 1188 1275 1226 spectantibus
1287 1209 1296 1221 ,
1324 1199 1387 1217 cum
1405 1192 1488 1218 etiam
1502 1191 1530 1218 in
1548 1190 1639 1218 senatu
1652 1189 1800 1225 plurimum
1815 1186 1995 1224 discrepantes

407 1231 544 1261 sententiae
557 1233 722 1260 audirentur:
742 1229 812 1263 aliis,
833 1238 949 1268 quomm
963 1230 1086 1265 princeps
1101 1233 1140 1255 M.
1157 1226 1272 1255 Valerius
1285 1233 1356 1260 erat,
1377 1237 1484 1265 aequum
1499 1228 1549 1255 effe
1563 1227 1727 1255 censentibus
1742 1247 1749 1258 ‚
1770 1226 1892 1262 inopibus
1904 1226 1994 1253 debita

408 1271 528 1301 remitti,
548 1273 575 1299 ὃς
591 1270 640 1298 hac
651 1271 754 1297 ratione
766 1277 850 1304 parvo
863 1267 1000 1304 dispendio
1014 1268 1116 1295 civium
1130 1264 1347 1294 benevolentiam
1360 1266 1474 1298 redimi,
1494 1274 1660 1303 magnopere
1670 1264 1766 1293 utilem
1781 1264 1915 1295 futuram,
1935 1270 1993 1290 tam

412 1309 556 1343 privatim,
577 1317 658 1345 quam
673 1307 791 1344 publice:
812 1307 868 1335 aliis
882 1314 971 1334 autem
981 1326 987 1336 ,
1009 1306 1078 1333 inter
1090 1314 1157 1341 quos
1170 1308 1216 1338 Ap.
1229 1303 1351 1332 claudius
1368 1303 1478 1332 Sabinus
1491 1305 1596 1341 primus
1610 1311 1666 1331 erat
1679 1324 1688 1335 ,
1711 1300 1996 1331 diversum'sentienti-

411 1346 474 1377 bus,
495 1348 523 1375 δε
537 1346 635 1374 obnixe
647 1345 870 1374 contendentibus
882 1343 953 1381 plebi
967 1342 1094 1370 seditiosae
1107 1341 1172 1370 nihil
1186 1342 1331 1379 quicquam
1344 1342 1550 1371 concedendum
1566 1342 1630 1370 effe:
1640 1341 1695 1369 aliis
1709 1342 1829 1369 mediam
1843 1341 1915 1367 viam
1926 1348 1996 1376 quae-
2032 1366 2039 1370 ,

410 1384 544 1415 rentibus,
564 1384 610 1411 ubi
620 1384 685 1412 nihil
698 1384 886 1420 proficeretur,
908 1391 959 1409 nec
973 1380 1067 1408 seditio
1082 1381 1220 1408 tolleretur
1232 1399 1241 1413 ‚
1262 1380 1330 1408 faeta
1344 1382 1372 1408 in
1388 1381 1477 1409 senatu
1491 1381 1596 1409 mentio
1614 1381 1650 1408 est
1669 1379 1803 1417 ejusmodi
1817 1376 1994 1415 magistratus,

410 1423 453 1450 cui
463 1422 606 1459 aliquando
619 1422 676 1458 plus
688 1422 856 1450 authoritatis
872 1423 898 1449 ὃς
912 1419 1047 1456 potestatis
1061 1419 1123 1446 ess'et
1137 1439 1144 1450 ‚
1165 1427 1247 1454 quam
1264 1418 1407 1452 Conficlibas
1419 1440 1428 1452 ,
1448 1419 1544 1455 quibus
1565 1418 1684 1446 multum
1702 1417 1840 1455 dignitatis
1858 1418 1884 1444 δε
1898 1422 1996 1451 poten-

411 1461 470 1492 tiae,
489 1460 541 1497 lege
554 1459 650 1487 Vhleria
664 1461 822 1495 ademptum
837 1466 900 1486 erat.
939 1459 988 1485 His
1003 1458 1029 1483 in
1045 1457 1134 1484 senatu
1148 1455 1313 1492 disceptatis„
1325 1456 1565 1492 finntufionficltum
1577 1457 1687 1483 tandem
1705 1457 1738 1483 de
1751 1454 1866 1483 creando
1879 1451 1998 1480 Diffusa-

413 1506 456 1529 νε,
477 1506 508 1525 ut
524 1497 608 1525 refert
621 1497 722 1534 Dionys
733 1498 777 1525 lib.
793 1507 818 1533 5.
839 1496 939 1523 factum
955 1495 1006 1523 tale
1027 1496 1062 1522 est
1075 1505 1080 1520 :
1103 1499 1134 1521 T.
1147 1496 1287 1531 Largtum,
1307 1493 1350 1521 vel
1363 1493 1500 1525 Lartium,
1520 1496 1546 1522 St
1559 1493 1680 1520 Cloelmm
1696 1492 1759 1529 Cos).
1779 1494 1806 1520 δ(
1821 1491 1840 1518 sl
1857 1492 1915 1528 quis
1931 1490 1997 1519 alius

416 1535 585 1571 magistratus
604 1535 634 1562 fit
655 1536 683 1562 in
704 1535 806 1571 republ.
823 1534 982 1570 potestatem
1002 1532 1144 1568 deponere.
1185 1533 1279 1558 Unum
1294 1539 1385 1558 autem
1403 1532 1492 1559 virum
1512 1533 1526 1558 a
1546 1530 1635 1558 senatu
1647 1531 1763 1558 elestum
1778 1550 1785 1561 ,
1805 1528 1997 1564 approbatum-

414 1581 468 1609 que
481 1572 608 1609 suffragiis
620 1573 726 1609 populi,
747 1573 843 1600 habere
855 1571 1008 1598 semestrem
1025 1570 1183 1606 potestatem
1198 1579 1288 1597 rerum
1303 1570 1430 1596 omnium
1446 1569 1606 1605 ampliorem
1616 1577 1712 1604 ‚quam
1727 1568 1758 1594 sit
1771 1566 1914 1600 Confidam.
1934 1568 1996 1594 Hoc

416 1613 442 1638 S.
457 1611 490 1637 C.
502 1611 534 1638 ad
549 1611 656 1647 plebem
670 1611 772 1647 perlato
786 1631 793 1642 ,
814 1612 840 1638 &
854 1609 885 1636 ab
899 1618 928 1636 ea
941 1607 1055 1644 probato
1069 1629 1074 1639 ,
1095 1611 1127 1635 T.
1142 1607 1250 1644 Largius
1263 1626 1270 1636 ‚
1290 1607 1332 1633 vel
1352 1606 1456 1633 Lartius
1467 1626 1474 1635 ‚
1495 1607 1599 1642 primus
1619 1605 1737 1633 Dictator
1755 1605 1770 1632 ὲ
1789 1603 1891 1641 collega
1910 1602 1998 1631 Cloelio

415 1648 502 1676 dietus
516 1649 561 1675 est.
600 1648 689 1676 Livius
700 1657 808 1680 tamen,
827 1646 960 1681 Eutropius
974 1648 999 1673 ἃ
1008 1644 1124 1680 Eufi’bius
1136 1645 1252 1673 triennio
1266 1651 1340 1675 ante,
1361 1653 1432 1671 anno
1445 1642 1544 1672 scilicet
1558 1653 1639 1671 cccii.
1651 1643 1683 1671 ab
1698 1654 1724 1671 υ.
1736 1653 1758 1671 c.
1772 1643 1893 1679 primum
1906 1641 1998 1669 Dina-

416 1694 497 1714 torem
512 1694 633 1714 creatum
648 1687 764 1715 scribunt
777 1705 784 1715 ,
805 1695 871 1722 quos
886 1684 1002 1722 sequitur
1017 1685 1044 1710 in
1059 1683 1138 1710 Fastis
1156 1682 1207 1710 suis
1221 1682 1348 1709 Hubertus
1361 1680 1488 1710 Goltzius.
1530 1682 1682 1719 Appellatus
1696 1689 1787 1710 autem
1808 1681 1844 1708 est
1861 1678 1997 1712 Differor,

418 1725 483 1752 teste
498 1728 606 1752 Varrone
618 1724 664 1752 lib.
679 1734 706 1760 4.
726 1725 759 1752 de
777 1724 841 1762 ling.
861 1726 919 1751 Lat.
939 1722 980 1750 vel
994 1721 1066 1758 quod
1083 1720 1096 1748 a
1116 1720 1231 1748 Consule
1245 1721 1378 1749 diceretur
1391 1740 1398 1750 ‚
1426 1718 1467 1746 vel
1486 1720 1558 1758 quod
1578 1721 1634 1756 ejus
1653 1719 1727 1747 dieto
1746 1728 1841 1747 omnes
1861 1717 1997 1746 audientes

419 1763 520 1792 essent:
547 1763 618 1800 quod
638 1763 711 1791 idem
732 1761 820 1789 Livius
840 1761 883 1789 lib.
898 1771 924 1787 2.
947 1763 973 1789 ὃ(
993 1759 1141 1786 Plutarchus
1160 1759 1280 1791 docent,
1308 1761 1335 1786 ὅτ.
1355 1755 1486 1793 Dionvfi'us
1500 1779 1507 1790 ,
1536 1760 1580 1795 qui
1600 1759 1681 1786 etiam
1702 1757 1756 1785 hoc
1777 1757 1851 1785 addit
1864 1776 1872 1787 ,
1901 1757 1996 1784 cavisse

419 1800 539 1830 senatum
554 1822 561 1832 ,
594 1811 628 1829 ne
647 1800 808 1828 invidiosum
829 1802 856 1828 δε
876 1798 1019 1826 molestum
1039 1807 1142 1825 nomen
1169 1798 1342 1833 imponerent
1374 1794 1533 1832 magistratui
1557 1795 1737 1833 gubernatum
1766 1796 1905 1823 civitatem
1932 1794 1996 1822 libe-

416 1848 498 1872 ram,
524 1846 584 1867 tum
604 1839 771 1868 subditorum
791 1837 865 1866 causa
879 1857 885 1867 ‚
911 1845 946 1863 ne
964 1835 1165 1864 offenderentur
1183 1835 1280 1863 odiosis
1300 1834 1452 1863 vocabulis:
1484 1840 1542 1861 tum
1562 1833 1682 1870 iptorum
1697 1854 1703 1864 ,
1731 1834 1777 1870 qui
1802 1834 1828 1861 id
1849 1833 1995 1869 imperium

419 1878 553 1905 affumunt
568 1898 575 1909 ‚
595 1877 713 1914 respectu
725 1897 732 1909 ,
754 1886 789 1904 ne
809 1875 991 1912 imprudentes
1012 1873 1155 1902 efferantur
1172 1873 1230 1910 plus
1249 1881 1325 1908 aequo
1344 1872 1375 1900 ab
1395 1872 1450 1900 aliis
1463 1892 1471 1904 ‚
1496 1872 1539 1900 vel
1557 1871 1604 1908 ipfi
1624 1881 1670 1899 eos
1693 1872 1808 1900 traetent
1827 1869 1997 1903 insolentius,

418 1917 485 1945 ficut
505 1917 533 1943 in
553 1923 626 1943 tanta
644 1916 774 1952 potestate
794 1915 850 1942 fieri
868 1913 942 1940 iblet.
984 1912 1045 1939 Alio
1064 1913 1176 1939 nomine
1195 1909 1317 1948 Magister
1329 1909 1413 1946 populi
1431 1910 1516 1938 dietus
1535 1911 1572 1938 est
1584 1930 1591 1941 ‚
1617 1910 1683 1938 sicut
1702 1910 1724 1937 is
1737 1931 1743 1942 ,
1771 1918 1853 1946 quem
1873 1909 1928 1945 ipse
1946 1917 1996 1946 po-

420 1956 474 1982 stea
486 1952 605 1982 Didiotor
617 1953 722 1984 ascivit,
742 1954 841 1990 quique
856 1951 1009 1988 proximam
1023 1950 1036 1977 a
1052 1948 1183 1977 narratore
1195 1949 1354 1986 potestatem
1368 1948 1480 1977 habebat
1492 1947 1606 1986 magister
1618 1946 1735 1987 equitum
1751 1954 1859 1976 vocatus
1873 1948 1910 1974 est
1922 1967 1929 1979 ,
1956 1955 1995 1975 te-

420 1993 500 2020 stibus
521 1995 646 2024 Varrone,
666 1990 795 2021 Cicerone,
815 1995 887 2017 Sext.
910 1992 991 2022 Pomp.
1012 1987 1079 2024 Festo
1098 1990 1125 2017 ὅ(
1144 1992 1243 2016 Seneca.
1283 1988 1318 2015 Et
1337 1988 1457 2023 primum
1477 1987 1610 2014 seditionis
1630 1986 1740 2022 quidem
1760 1985 1891 2017 sedandae.
1915 1987 1941 2014 δε
1958 1986 1996 2012 rei

422 2031 544 2066 gerendae
564 2029 638 2058 causa
658 2030 701 2057 hic
720 2028 883 2067 magistratus
901 2028 937 2055 est
956 2027 1108 2054 institutus:
1134 2025 1204 2053 unde
1223 2027 1250 2053 in
1266 2026 1402 2061 posterum
1419 2024 1588 2053 observatum
1609 2024 1659 2052 fuit
1672 2044 1679 2055 ,
1705 2030 1735 2052 ut
1748 2025 1852 2061 quoties
1870 2032 1915 2052 aut
1934 2023 1996 2052 belli

425 2071 525 2096 externi
535 2090 541 2100 ‚
562 2077 605 2097 aut
620 2068 754 2096 seditionis
770 2067 921 2094 domesticae
936 2067 973 2093 vis
988 2065 1108 2102 quaedam
1122 2064 1211 2100 major
1224 2064 1323 2101 reipub.
1339 2065 1510 2095 immineret,
1520 2064 1561 2090 cui
1573 2062 1735 2093 avertendae,
1745 2062 1850 2098 majore
1857 2060 1996 2090 severitate

425 2108 452 2133 ἃ
467 2114 600 2141 potentia,
621 2114 701 2143 quarn
714 2104 847 2140 Conficlari
860 2113 925 2140 opus
940 2103 1016 2134 elset,
1038 2109 1171 2130 crearetur
1185 2103 1310 2129 Diffi-ator.
1331 2103 1404 2130 Hinc
1416 2102 1495 2129 toties
1508 2101 1535 2129 in
1549 2101 1627 2129 Fastis
1639 2099 1766 2137 scriptum
1780 2100 1926 2137 reperitur:
1947 2098 1994 2128 Di·

424 2142 505 2169 eam,-
523 2143 560 2170 νεὶ
572 2146 700 2181 gerenda,
719 2145 787 2172 item
798 2142 932 2178 Jea'iuonis
943 2141 1058 2176 ftdandae
1076 2143 1149 2176 euasit
1168 2149 1266 2168 creatus
1277 2161 1285 2172 ,
1307 2142 1358 2169 &c.
1389 2139 1480 2167 Postea
1495 2149 1573 2171 vero,
1595 2139 1676 2167 etiam
1689 2146 1799 2174 propter
1811 2139 1861 2166 alia
1873 2139 1992 2175 quaedam

423 2181 505 2208 ardua
518 2183 624 2217 negotia
636 2203 643 2214 ‚
671 2182 791 2209 Diffator
810 2181 894 2210 dietus
917 2180 1050 2208 invenitur
1063 2200 1070 2212 ,
1097 2188 1127 2208 ut
1144 2178 1209 2206 clm
1218 2177 1318 2218 figendi
1335 2179 1408 2213 caufit
1420 2199 1428 2210 ,
1454 2178 1481 2205 in
1497 2176 1640 2216 pestilentia
1658 2184 1703 2205 aut
1714 2175 1839 2211 seditione
1851 2198 1860 2208 ,
1886 2177 1919 2203 de
1938 2184 1991 2212 quo

424 2228 503 2246 more
516 2218 603 2245 Lir'ius
616 2219 632 2246 l.
649 2231 673 2256 7.
685 2221 740 2249 haec
752 2219 842 2248 scribit
855 2231 860 2247 τ
881 2224 912 2248 C.
927 2216 1033 2246 Genusia
1046 2238 1054 2249 ‚
1075 2221 1106 2245 L.
1118 2215 1219 2245 AEmilio
1231 2221 1355 2244 Mamerco
1373 2227 1412 2244 11.
1433 2215 1504 2243 Cosst
1525 2225 1587 2244 cum
1601 2214 1766 2252 piaculorum
1781 2214 1991 2253 magis-conqui-

423 2256 482 2285 fitio
494 2256 613 2288 animos,
633 2266 713 2292 quam
724 2268 838 2295 corpora
852 2257 942 2286 morbi
955 2256 1093 2285 afficerent
1102 2277 1109 2288 ,
1130 2255 1273 2292 repetitum
1287 2265 1319 2283 ex
1326 2254 1461 2283 seniorum
1476 2255 1612 2282 memoria
1620 2254 1716 2281 dicitur
1724 2252 1894 2290 pestilentiam
1906 2260 1992 2287 quon-

423 2295 488 2323 dam
501 2293 568 2321 clavo
581 2292 612 2320 ab
625 2293 758 2323 Dictatore
768 2295 826 2334 fixo
846 2297 973 2325 sedatam.
1013 2296 1050 2323 Ea
1063 2295 1191 2332 religione
1203 2294 1329 2323 adductus
1345 2293 1447 2322 senatus
1463 2314 1471 2325 ‚
1491 2292 1652 2320 Ditvatorem
1669 2291 1735 2319 clavi
1742 2289 1843 2330 figendi
1853 2298 1900 2315 cau
1910 2300 1926 2316 a
1938 2291 1992 2319 dici

422 2333 512 2370 jussit:
532 2331 617 2361 dietus
630 2335 661 2358 L.
674 2333 789 2360 Manlius
802 2336 940 2370 Imperrofics
953 2356 960 2366 ‚
986 2336 1017 2361 L.
1029 2333 1164 2361 Pinarium
1181 2331 1328 2370 magistrum
1344 2331 1461 2370 equitum
1475 2331 1544 2360 dixit
1557 2342 1563 2358 ;
1589 2332 1645 2358 Lex
1660 2330 1758 2358 vetusta
1771 2329 1807 2356 est
1822 2348 1828 2359 ,
1856 2327 1947 2364 priscis
1962 2329 1993 2356 li-

424 2372 502 2401 teris,
522 2368 659 2406 verbisque
671 2368 779 2406 scripta,
799 2374 880 2409 utqui
889 2380 986 2409 praetor
1001 2373 1136 2401 maximus
1149 2371 1179 2399 sit
1191 2372 1278 2399 idibus
1293 2370 1492 2407 Septembribus
1503 2369 1603 2398 clavum
1611 2374 1716 2405 pangat.
1741 2367 1818 2394 Fixus
1832 2365 1881 2394 fuit
1897 2366 1994 2431 delzxtro·

1929 2412 1995 2433 ateri

2054 2423 2060 2491 ·

2054 2555 2058 2688 ἱ

2068 2102 2075 2123 ι’

2070 2144 2075 2162 1

2072 2183 2075 2192 v

2054 2689 2074 2734 h
