2075 2734
382 107 436 141 475
695 99 1696 133 AuriQu·irAi·uiiRomanarumLrn‚VL

381 150 488 179 comitiis
503 148 683 185 magistratuS,
703 143 747 173 sed
762 146 852 182 justius
865 144 965 174 curiam
980 146 1055 174 datur
1068 147 1135 183 lege.
1161 147 1266 184 Qibus
1279 146 1364 174 verbis
1377 145 1505 188 fignificat
1519 144 1640 183 Meffixla,
1661 148 1779 178 minores
1796 150 1964 188 magistratus

383 189 501 217 comitiis
515 187 620 215 tributis
635 184 733 215 creari,
753 194 816 212 cum
831 186 902 222 prius
917 187 944 214 ὃς
957 184 1067 222 quidem
1079 185 1170 220 justius
1180 206 1187 217 ‚
1206 183 1311 212 curiatis
1328 193 1408 212 creati
1421 183 1512 212 essent.

422 224 590 253 Provinctales
607 220 768 259 magistratus
782 242 790 251 ,
811 223 855 260 qui
872 222 912 250 his
926 223 1044 250 comitiis
1059 223 1229 254 creabantur,
1250 222 1357 251 fuerunt
1364 221 1528 257 procorffules,
1547 230 1723 259 propraetores
1734 246 1741 257 ,
1762 228 1787 254 ἃ
1801 227 1961 264 proquaesto-

385 274 436 293 res.
468 261 622 297 Proconficles
635 261 708 287 enim
722 280 729 291 ,
749 269 901 298 quanquam
917 261 1049 288 ordinarie
1062 270 1094 289 ex
1111 261 1212 288 senatus
1226 261 1335 288 decreto
1349 260 1498 296 provincias
1511 258 1676 290 obtinerent:
1699 262 1762 300 sa’pe
1775 271 1865 292 tamen
1878 267 1962 294 etiam

386 310 481 341 praeter
496 301 597 329 senatus
613 297 781 325 voluntatem
794 319 801 330 ,
823 299 915 336 populi
927 300 994 336 jussu
1006 299 1035 326 in
1045 300 1194 335 provincias
1210 299 1300 326 m'iss'os
1316 298 1389 326 fuisse
1403 298 1517 334 legimus
1530 318 1538 330 ,
1557 299 1704 334 prael'ertim
1719 301 1737 328 fi
1752 309 1824 329 eitra
1837 304 1963 332 ordinem

386 340 531 378 provinciae
545 338 575 365 iis
590 336 788 365 mandarentur.
807 338 837 365 ld
852 338 924 375 quod
939 337 1021 365 etiam
1036 338 1070 365 de
1079 336 1265 371 propraetoribzos
1280 338 1306 365 ὃ(
1315 334 1515 374 proqmstoribus
1522 335 1690 366 sentiendum
1699 339 1749 371 est,
1770 340 1903 376 dequibus
1911 341 1964 370 hoc

387 380 451 406 loco
465 386 519 405 non
533 375 653 403 dicemus
668 373 756 410 plura,
777 373 821 402 sed
835 376 862 403 in
876 375 975 403 librum
989 375 1022 402 de
1038 373 1224 411 magistratibm
1239 373 1438 402 resti-vabimus.

426 415 546 444 Alteram
566 412 669 441 causam
690 411 844 440 tributorum
862 412 1018 441 comitiorum
1036 413 1111 440 fuisse
1130 414 1246 441 diximus
1260 411 1427 441 sacerdotum
1441 413 1636 441 creandorum:
1655 423 1710 442 non
1723 421 1814 442 tamen
1829 417 1965 445 omnium.

390 454 511 491 Qidairi
531 452 604 479 enim
625 451 639 479 a
655 449 774 487 collegiis
790 451 840 479 suis
860 451 1069 488 cooptabantur,
1088 458 1117 478 ut
1130 449 1207 486 fizlii,
1227 450 1330 485 luperci,
1345 449 1440 485 fratres
1458 451 1571 483 arvales,
1584 452 1724 486 stzcera'otes
1738 453 1822 486 Galli,
1843 453 1967 489 &sadra

386 492 422 520 les
437 489 520 519 Tnii:
541 488 646 526 Vestales
659 488 673 516 a
683 489 810 525 pontifice
822 491 957 521 maximo,
979 491 1038 518 Rex
1050 488 1186 517 sacrorum
1194 488 1341 515 centuriatis
1351 507 1358 519 ‚
1378 488 1498 516 flamines
1514 490 1541 517 &
1550 490 1624 517 curio
1640 491 1772 518 maximus
1785 491 1903 521 curvatos,
1920 492 1964 520 so-

386 530 427 559 lus
440 528 562 566 pontifex
576 528 709 555 maximus
723 535 788 555 ante.
799 527 887 565 legem
902 527 1069 559 Domitiam,
1089 526 1191 554 tributos
1204 525 1313 554 comitiis
1326 525 1476 559 creabatur,
1497 534 1526 555 ut
1541 537 1572 554 ex
1587 527 1662 555 Livio
1671 528 1782 566 intelligi
1791 530 1884 565 potest.
1904 531 1974 558 Post„

387 569 466 606 legem
480 576 545 595 vero
558 564 700 593 Domitiam
709 586 718 597 ,
742 575 793 602 qua
806 565 973 593 sacerdotum
986 564 1216 602 subrogandorum
1230 565 1272 601 jus
1285 564 1299 591 ὲ
1312 563 1429 601 collegiis
1443 564 1474 591 ad
1489 564 1618 601 populum
1633 566 1786 594 transsatum
1803 569 1840 596 est
1853 589 1860 599 ,
1881 569 1964 596 etiam

383 604 527 644 pomfices.
546 612 671 641 augures,
691 602 810 636 feciales,
829 603 984 641 septemviri
1005 603 1167 640 epulonum,
1188 605 1214 631 ὃῑ
1234 602 1441 639 quindecimviri
1463 602 1539 630 sacris
1559 602 1686 631 faciundis
1705 604 1743 632 his
1763 604 1869 633 comitiis
1882 607 1966 634 creari

391 644 485 680 coepti.
514 642 598 679 Cujus
612 642 649 669 rei
665 641 816 670 testimonia
830 641 849 669 si
865 642 921 679 quis
934 643 1066 678 requirat,
1087 642 1107 669 is
1123 640 1221 668 Nicolai
1233 639 1348 668 Gructhii
1361 640 1378 667 1.
1390 650 1414 668 2.
1427 640 1458 667 de
1472 639 1577 667 comitiis
1590 643 1760 670 Romanorum
1773 643 1856 681 legat,
1876 643 1921 671 ubi
1935 653 1966 672 ea

391 683 485 710 omnia
498 680 697 718 diligentiffime
711 680 802 708 multis
813 678 974 716 striptorum
989 679 1053 707 locis
1067 680 1094 706 in
1106 679 1228 707 medium
1242 679 1374 710 adduetis,
1395 678 1499 715 probat.
1517 679 1683 706 Accedamus
1697 680 1729 707 ad
1742 680 1852 718 reliqua.

430 719 555 748 Tertiam
569 717 672 745 causam
685 717 739 745 dixi
752 718 802 746 effe
815 718 905 755 legum
920 718 1103 749 ferendarum,
1122 718 1164 749 id,
1185 718 1256 754 quod
1271 717 1388 749 nemini,
1409 716 1456 744 nisi
1470 716 1496 743 in
1511 715 1625 744 leitione
1638 716 1806 745 historiarum
1820 720 1896 755 plane
1909 729 1974 748 non.

390 758 507 790 versato,
527 757 652 794 ignorum
667 755 719 782 effe
730 756 825 792 potest.
844 757 966 784 Testatur
980 756 1032 783 hoc
1043 755 1129 792 ipsum
1144 765 1245 783 nomen
1253 754 1450 790 plebiscttorum,
1471 763 1528 791 quae
1543 754 1666 783 videlicet
1680 755 1767 791 plebs,
1787 756 1894 793 plebejo
1909 767 1966 786 ma-

391 797 501 834 gistratu
519 801 646 831 rogante,
666 794 847 822 constituebat.
881 794 983 821 Omnia
1003 794 1084 831 igitur
1097 792 1236 828 plebtfiita,
1257 803 1352 821 omnes
1369 793 1538 830 rogatione5‚
1558 792 1653 830 quibus
1665 793 1698 821 de
1711 803 1776 830 pace
1788 795 1821 822 ad
1834 795 1966 832 populum

389 834 522 862 ferebatur
536 833 545 867 (
557 831 656 859 bellum
673 831 745 859 enim
762 832 813 870 lege
826 831 967 859 centuriata
981 832 1062 859 indici
1076 831 1174 859 solebat
1188 852 1195 863 ,
1221 838 1258 858 ut·
1268 839 1329 860 ante
1342 832 1476 865 diximus)
1493 833 1520 859 ἃ
1534 830 1627 867 quibus
1641 831 1817 867 superioribus
1835 835 1968 870 tempori-

391 872 439 900 bus
460 871 551 908 aliquis
565 870 588 897 le
609 870 664 896 ibus
677 869 840 902 solvebatur,
861 879 1016 907 quacunque
1030 870 1055 897 id
1070 870 1172 897 ratione
1186 869 1275 901 fieret,
1297 871 1363 898 item
1373 889 1381 900 ‚
1401 868 1495 905 quibus
1507 877 1554 904 per
1566 869 1698 906 populum
1712 870 1862 908 triumphus
1876 872 1969 899 decer-

391 910 504 938 nebatur
514 929 521 940 ‚
541 908 594 945 pub
606 908 650 935 icae
673 909 826 944 questiones
840 909 1065 942 constituebantur
1080 928 1088 939 ‚
1109 915 1153 935 aut
1168 907 1260 935 civitas
1275 907 1403 944 aliquibus
1418 905 1528 934 dabatur
1543 926 1551 937 ‚
1571 906 1677 934 comitiis
1688 907 1791 935 tributis
1809 909 1970 938 ferebantur.

393 949 459 976 Non
473 956 539 983 opus
554 947 589 974 est
603 945 702 982 lingula
715 947 817 983 prolixe
831 946 958 982 probare,
979 946 1012 973 de
1026 945 1125 973 duabus
1140 952 1245 974 tantum
1260 944 1358 982 aliquid
1373 944 1469 972 addam
1480 964 1488 975 ,
1508 944 1631 972 videlicet
1642 945 1863 983 derogationibus,
1883 948 1917 975 de
1924 956 1970 984 pa-

391 995 423 1015 ce
438 987 464 1014 &
481 984 608 1013 solvendo
620 983 728 1020 legibus.
749 984 831 1019 Qod
845 984 878 1012 de
893 993 956 1019 pace
968 985 999 1010 ad
1014 983 1144 1019 populum
1160 982 1262 1010 tributis
1275 982 1382 1010 comitiis
1392 982 1479 1010 latum
1495 981 1540 1012 fit,
1563 983 1641 1010 docet
1651 982 1712 1011 Liri.
1727 984 1744 1012 1.
1753 995 1796 1022 30.
1809 984 1853 1012 ubi
1862 984 1968 1018 scribit,

391 1028 433 1051 M.
448 1022 573 1050 Attilium
588 1044 594 1054 ,
622 1024 648 1050 ὅ(
662 1020 856 1058 QMinusium
877 1022 938 1049 trib.
952 1021 1024 1058 pleb.·
1035 1021 1067 1048 ad
1082 1020 1212 1059 populum
1229 1021 1313 1049 tulisse
1326 1041 1335 1053 ,
1361 1020 1459 1048 vellent
1472 1040 1480 1052 ‚
1504 1019 1664 1055 juberentne
1677 1020 1796 1050 senatum
1810 1023 1968 1055 decernere,

393 1069 424 1090 ut
437 1071 500 1089 cum
515 1059 762 1096 Carthaginensibus
775 1067 825 1095 pax
839 1059 929 1091 fieret,
951 1063 978 1087 ὃς
992 1068 1073 1096 quem
1089 1068 1149 1086 eam
1163 1067 1257 1095 pacem
1273 1060 1349 1090 dare,
1369 1066 1503 1095 quemque
1517 1066 1548 1084 ex
1560 1058 1651 1085 Africa
1663 1060 1810 1088 exercitum
1825 1061 1968 1097 deportare

391 1099 524 1136 juberent.
551 1099 584 1127 Et
597 1097 657 1125 alibi
673 1096 763 1124 Limus
778 1098 794 1124 1.
807 1106 850 1132 24.
865 1098 1046 1132 QMartium
1065 1099 1170 1134 Regem
1186 1099 1212 1125 δε
1228 1097 1363 1125 Catinium
1381 1096 1536 1123 Labeonem
1552 1095 1613 1124 trib.
1626 1095 1695 1132 pleb.
1706 1098 1738 1124 ad
1752 1097 1859 1134 plebem
1868 1099 1969 1132 tuliffe,

392 1137 491 1166 vellent
500 1158 506 1168 ,
525 1136 683 1172 juberentrie
698 1143 761 1161 curn
778 1136 854 1173 Rege
868 1135 988 1172 Philippo
999 1144 1093 1172 pacem
1105 1136 1164 1162 effe.
1189 1135 1255 1171 Qae
1268 1133 1363 1172 rogatio
1376 1135 1403 1162 in
1415 1132 1550 1171 Capitolio
1566 1134 1598 1161 ad
1609 1134 1717 1170 plebem
1727 1135 1778 1164 lara
1789 1136 1834 1164 est.
1854 1136 1970 1166 Omnes-

393 1184 446 1212 que
460 1186 483 1202 v.
497 1177 523 1202 ὃς
534 1183 595 1202 xxx.
607 1172 685 1200 tribus
700 1173 738 1199 uri
752 1181 850 1210 rogatae
862 1173 1000 1208 jusserunt.

434 1213 517 1249 Qod
531 1212 563 1239 ad
577 1211 631 1238 illas
643 1210 780 1247 rogationes
792 1211 887 1239 attinet
897 1231 904 1243 ‚
927 1211 1021 1248 quibus
1034 1210 1126 1248 aliquis
1140 1209 1240 1247 legibus
1253 1209 1398 1239 solveretur
1411 1231 1419 1243 ‚
1439 1211 1465 1238 id
1480 1210 1655 1247 superioribus
1668 1211 1834 1246 temporibus
1849 1211 1970 1241 observa·

395 1257 456 1278 tum
472 1250 530 1278 fuit.
551 1251 640 1277 AEtate
654 1249 736 1275 etiam
749 1247 875 1277 Ciceronis
887 1249 1006 1277 senatum
1020 1258 1079 1277 eam
1095 1248 1140 1275 sibi
1153 1247 1342 1277 authoritatem
1357 1248 1492 1285 arripuiffe
1501 1269 1509 1282 ‚
1529 1257 1611 1285 eaque
1625 1249 1676 1286 lege
1690 1248 1807 1276 Cornelia
1820 1250 1906 1277 rurliis
1919 1252 1972 1288 pri-

395 1296 489 1316 vatum
502 1286 590 1318 fuisse,
610 1285 689 1314 habet
703 1285 818 1320 Asconius
830 1294 990 1325 argumento
1003 1287 1140 1315 Orationis
1153 1295 1202 1323 pro
1218 1287 1250 1314 C.
1263 1288 1404 1315 Cornelio:
1425 1290 1455 1313 C.
1470 1286 1615 1319 Cornelius,
1635 1286 1736 1323 inquit,
1756 1286 1844 1324 legem
1854 1289 1974 1324 promul*

393 1327 484 1363 gavit,
505 1334 556 1362 qua
574 1324 764 1352 authoritatem
786 1324 889 1353 senatus
908 1325 1061 1357 minuebat,
1082 1334 1115 1352 ne
1133 1326 1204 1362 qui5‚
1225 1324 1271 1352 nisi
1283 1334 1331 1361 per
1350 1324 1496 1361 populum,
1516 1324 1619 1361 legibus
1638 1324 1798 1357 solveretur,
1819 1326 1892 1362 quod
1905 1328 1975 1355 anti-

394 1372 450 1400 quo
465 1372 571 1401 quoque
583 1363 643 1399 jure
657 1370 711 1391 erat
726 1371 843 1392 cautum.
880 1363 964 1400 quue
978 1366 1004 1390 in
1018 1362 1363 1398 omnibusJonatzcfionfitltis
1376 1383 1382 1394 ,
1403 1362 1497 1399 quibus
1511 1363 1628 1399 aliquem
1642 1362 1745 1400 legibus
1757 1362 1822 1391 solvi
1836 1363 1972 1400 placebat,

393 1402 473 1437 adjici
488 1410 543 1429 erat
556 1401 678 1432 solitum,
698 1408 727 1428 ut
740 1402 774 1429 de
789 1411 819 1428 ea
831 1409 860 1427 re
873 1402 905 1429 ad
918 1401 1046 1437 populum
1062 1400 1183 1429 ferretur.
1204 1401 1253 1427 Sed
1268 1399 1394 1436 paulatim
1407 1402 1469 1428 ferri
1484 1408 1538 1428 erat
1552 1400 1681 1432 desitum,
1701 1400 1827 1438 resquein
1835 1411 1895 1429 eam
1904 1412 1974 1430 con-

396 1439 564 1467 luetudinem
578 1447 701 1470 venerat,
722 1447 751 1467 ut
764 1440 902 1475 postremo
915 1449 948 1467 ne
962 1439 1123 1476 adjiceretur
1137 1439 1247 1476 quidem
1261 1439 1289 1465 iii
1303 1438 1528 1466 senatusconsultis
1542 1439 1576 1466 de
1589 1439 1729 1476 rogatione
1743 1440 1776 1466 ad
1789 1439 1920 1476 populum
1935 1439 1973 1468 fe-

396 1478 488 1505 renda.
513 1477 650 1504 Hsstenus
665 1477 791 1511 Afionim.

435 1515 526 1541 Restat
546 1521 575 1541 ut
591 1514 672 1541 etiam
692 1515 725 1542 de
744 1522 837 1551 quarta
857 1514 1010 1541 tributorum
1024 1512 1178 1541 comitiorum
1192 1513 1266 1541 caula
1281 1534 1288 1545 ‚
1315 1514 1349 1541 de
1360 1512 1464 1549 judiciis
1480 1512 1602 1540 videlicet
1616 1513 1745 1540 dicamus.
1779 1514 1832 1542 Hic
1849 1515 1931 1551 igitur
1943 1525 1979 1545 ea

396 1552 493 1587 judicia
507 1551 678 1588 intelligenda
691 1552 765 1583 sunt,
786 1562 843 1588 quae
858 1552 962 1579 mule‘tae
976 1553 1053 1580 alicui
1067 1552 1213 1579 indicendae
1229 1551 1302 1580 caula
1315 1550 1513 1578 exercebantur.
1541 1552 1613 1578 Nam
1627 1551 1726 1586 judicia
1740 1551 1832 1586 capitis
1845 1553 1975 1581 centus-ia-

396 1588 429 1616 tis
440 1588 547 1616 comitiis
560 1589 664 1617 fiebant.
684 1591 768 1617 Testis
783 1591 816 1617 de
829 1590 868 1618 his
882 1591 987 1626 judiciis
1000 1591 1035 1617 est
1050 1590 1141 1617 Livius
1153 1589 1244 1618 multis
1258 1589 1330 1617 locis.
1352 1589 1434 1616 Libro
1443 1597 1471 1623 4.
1484 1587 1635 1619 scribit‚M.
1650 1587 1802 1624 Posthumao‚
1812 1591 1838 1616 δι
1848 1590 1974 1628 DQain-

396 1626 432 1654 1io
446 1626 556 1655 tribunis
569 1627 652 1663 plebis
665 1628 738 1654 diem
752 1628 852 1655 dietam
863 1649 870 1659 ‚
891 1629 962 1665 quod
978 1629 1009 1655 ad
1025 1629 1109 1664 Vejos
1121 1637 1217 1655 eorum
1233 1636 1312 1664 opera
1327 1627 1396 1655 male
1407 1633 1556 1662 pugnatum
1569 1626 1641 1653 effet.
1662 1625 1782 1661 Etpaulo
1788 1627 1846 1662 post
1853 1626 1973 1664 subjicit:

398 1665 501 1692 Moestae
515 1665 617 1693 civitati
630 1665 662 1692 ab
675 1675 704 1693 re
717 1666 786 1693 inale
800 1668 885 1703 gesta,
907 1669 933 1694 ts<
947 1667 1018 1694 iratae
1026 1666 1149 1695 ducibus,
1168 1670 1208 1693 M.
1218 1664 1374 1701 Posthumms
1381 1673 1441 1692 reus
1448 1663 1583 1699 objeftus,
1596 1664 1690 1691 decem
1699 1663 1815 1692 millibus
1823 1666 1878 1693 aeris
1885 1667 1979 1703 gravis

397 1704 548 1731 damnatur.
571 1705 605 1730 T.
619 1703 756 1741 thium
770 1706 899 1741 collegam
914 1714 969 1740 ejus
982 1714 1077 1732 omnes
1091 1703 1173 1732 tribus
1187 1703 1364 1731 absolverunt.
1384 1702 1461 1731 Plura
1474 1702 1626 1731 testimonia
1638 1703 1708 1739 apud
1722 1703 1837 1731 eundem
1850 1702 1910 1732 sunt
1926 1703 1973 1732 lib.

399 1751 443 1778 25.
461 1741 477 1769 l.
489 1751 532 1778 34.
545 1741 616 1779 ¹·43·
631 1745 657 1771 ὃς
671 1741 733 1771 aliis.
752 1743 788 1771 Et
799 1743 854 1772 haec
864 1743 897 1770 de
911 1744 990 1771 caulis
1003 1741 1158 1770 tributorum
1170 1741 1334 1770 comitiorum.

1061 1815 1084 1840 C
1105 1824 1121 1840 A
1141 1823 1165 1840 Ρ.
1181 1834 1183 1837 .
1204 1812 1317 1840 XVII.

648 1869 703 1902 De
712 1867 860 1917 perfimis,
887 1881 1016 1915 quarum
1031 1870 1206 1902 interventu
1221 1867 1346 1900 comitia
1364 1864 1478 1900 tributa
1485 1892 1487 1894 -
1489 1863 1719 1914 peragebantur.

398 1937 563 2000 Triplices
569 1939 671 1974 perfinia
683 1939 767 1967 etiam
781 1937 824 1966 hic
838 1937 896 1966 sunt
910 1939 1114 1967 confiderandae:
1135 1939 1256 1975 primum
1270 1938 1364 1975 quibus
1377 1939 1419 1975 jus
1434 1939 1514 1968 fuerit
1525 1937 1625 1968 tomitia
1637 1936 1737 1966 tribum
1750 1936 1859 1966 habere:
1879 1937 1983 1967 deinde·

446 1998 449 2000 -
477 1978 526 2004 iilae
539 1985 649 2015 propter
664 1986 727 2015 quas
739 1977 782 2004 illa
794 1976 896 2003 cominu
910 1977 1007 2005 fuerint
1021 1977 1124 2009 habita,
1144 1986 1204 2005 tum
1217 1986 1274 2014 quae
1288 1975 1540 2016 tulerintffiffi‘agia.

437 2015 622 2043 Tribunorum
643 2017 670 2043 ὅτ.
688 2015 804 2043 aedilium
828 2015 910 2051 plebis
928 2015 1028 2042 comnia
1044 2015 1190 2043 habuerunt
1209 2014 1325 2047 tribuni,
1350 2017 1410 2044 &ii
1424 2017 1534 2052 quidem
1548 2036 1557 2047 ‚
1583 2013 1678 2052 quibus
1694 2014 1721 2042 id
1739 2012 1810 2041 sorte
1823 2013 1973 2043 evenieBat:

400 2053 470 2086 quod
484 2054 564 2082 docet
578 2052 668 2081 Livius
682 2052 727 2081 lib.
740 2063 764 2090 3.
777 2055 822 2090 qui
837 2054 869 2080 de
882 2063 986 2080 comitas
999 2052 1142 2080 mhusJin'is
1156 2051 1236 2080 verba
1252 2053 1364 2087 faciens,
1386 2055 1464 2081 dicit:
1485 2055 1565 2081 Forte
1579 2053 1692 2090 quadam
1701 2052 1797 2080 utili-:id
1806 2059 1927 2089 tempus,
1944 2059 1975 2081 ut

397 2096 501 2116 conatus
515 2092 649 2126 praecellet,
690 2092 838 2119 otiss'iinuin
856 2096 894 2118 M.
908 2092 1004 2119 Dmltm
1021 2092 1077 2129 (qui
1092 2101 1156 2119 unus
1174 2101 1205 2119 ex
1220 2091 1334 2128 collegio
1351 2090 1520 2119 tribunorum
1537 2092 1604 2126 erat)
1625 2090 1695 2119 sorte
1710 2090 1799 2118 evenit
1811 2110 1819 2122 ‚
1840 2091 1900 2118 viro
1914 2099 1975 2126 pru-

400 2126 488 2165 denti,
510 2132 559 2156 etc.
582 2100 765 2158 Sortiegantur
780 2131 861 2166 igitur
873 2129 986 2160 tribuni,
1008 2137 1050 2157 cui
1064 2128 1163 2156 comnia
1175 2128 1294 2156 habenda
1308 2129 1404 2161 essent,
1425 2128 1466 2157 vel
1475 2130 1616 2157 communi
1623 2128 1749 2157 conlensu
1756 2128 1868 2157 alicuiid
1878 2136 1972 2166 munus

399 2164 584 2204 lnjurigebaiit:
606 2168 679 2203 cujus
692 2169 849 2203 exemplum
863 2168 977 2204 leginius
991 2168 1059 2203 apud
1076 2167 1191 2194 eundem
1209 2166 1314 2194 Limum
1327 2166 1397 2194 libro
1409 2168 1498 2195 tertio.
1525 2169 1585 2196 Nec
1596 2166 1671 2204 plura
1684 2166 1836 2196 testimonia
1850 2167 1882 2194 de
1893 2163 1974 2192 tribb-

399 2208 473 2227 mms
485 2206 603 2232 comum.
625 2206 696 2241 quod
712 2205 822 2234 tribunis
834 2205 930 2234 habere
945 2215 974 2233 ea
986 2206 1104 2236 licuerit,
1123 2212 1152 2233 ut
1166 2205 1199 2232 de
1212 2214 1242 2232 re
1255 2204 1408 2236 manifesta,
1428 2205 1557 2236 adferam.

440 2239 484 2280 Do
504 2240 613 2266 addatis
626 2242 745 2274 commis,
766 2246 838 2281 quod
854 2244 880 2271 id
895 2254 992 2272 munus
1005 2245 1086 2272 etiam
1101 2243 1133 2270 ad
1148 2241 1215 2271 solos
1227 2243 1337 2271 tribunos
1348 2242 1428 2279 plebis
1441 2244 1598 2280 pertinuerit
1611 2264 1619 2276 ,
1639 2242 1776 2281 perspicue
1789 2243 1867 2270 docet
1879 2239 1973 2275 Dion)-

395 2272 451 2308 stus
462 2274 506 2304 lib.
518 2279 542 2304 6.
554 2276 669 2318 scribens
683 2291 687 2306 ;
713 2282 849 2309 Tribunos
862 2282 946 2319 plebis
958 2302 965 2314 ‚
992 2283 1131 2319 postquam
1145 2281 1326 2317 impezrass‘cnt
1341 2281 1354 2309 a
1366 2281 1484 2319 patribus
1496 2283 1656 2318 potestatem
1670 2281 1776 2310 creandi
1785 2279 1860 2307 addes
1870 2299 1878 2311 ‚
1900 2278 1972 2315 quafi

402 2314 569 2354 administros
583 2317 726 2358 'contestim-
737 2327 782 2345 eos
796 2324 898 2348 creaile.
932 2322 1014 2357 Qiod
1029 2328 1120 2348 autem
1131 2319 1201 2356 apud
1214 2318 1316 2348 Livium
1330 2319 1376 2348 lib.
1389 2330 1412 2357 3.
1425 2319 1535 2357 legitur,
1555 2319 1669 2347 tribunos
1681 2319 1738 2356 post
1750 2316 1850 2354 ejectos
1865 2317 1975 2345 decem-

401 2359 471 2380 ¹«iios
485 2357 496 2379 ai
511 2356 641 2389 pontilice
656 2362 777 2384 maximo
790 2365 892 2386 creatos
906 2359 980 2387 fuiii'e
993 2379 1002 2392 ,
1027 2359 1054 2388 i'd
1069 2358 1151 2387 semel
1165 2364 1271 2387 tantum
1286 2379 1295 2392 ,
1320 2366 1400 2396 atque
1412 2358 1620 2388 extraordinarie
1633 2357 1733 2386 fastum
1748 2355 1784 2382 est
1798 2375 1806 2388 ,
1831 2365 1895 2384 cum
1908 2354 1974 2383 nulli

1915 2400 1975 2422 tum
