2075 2734
47 1423 49 1425 ’
86 1423 152 1447 quit,
169 1415 250 1438 tribuni
258 1416 320 1445 plebia
330 1417 356 1438 de
364 1417 479 1445 provinciii
492 1422 562 1438 rantra
574 1416 623 1438 alia
635 1418 716 1446 Caefhris
726 1433 732 1443 ‚
747 1418 783 1439 iHe
796 1416 853 1440 bien—

455 81 830 109 Lrnzane

89 137 153 158 mam
164 130 212 161 jure
218 127 306 154 fenoris
313 126 449 152 solveretur:
458 126 552 154 deinde,
560 126 589 151 ne
596 127 693 155 majores
700 124 770 149 efl‘enr
777 124 856 153 usurae,

90 170 160 194 quam
169 161 254 194 quibus
262 160 332 183 veteri
347 159 394 187 iure
401 159 502 189 pecuniae
515 165 578 181 antea
591 157 753 181 credebantur:
770 158 857 193 polire-

90 202 133 218 mo
140 211 147 218 .
155 195 180 217 in
204 200 235 216 uo
243 191 387 215 debitoribus
394 188 526 213 consultum
533 189 564 212 est
571 190 674 212 maxime
682 205 688 215 ‚
696 196 726 212 ne
732 189 854 212 creditori-

89 226 132 249 bus
144 225 156 248 a
164 225 192 248 de
211 225 271 247 itore
278 223 367 246 fenoris
373 222 472 245 nomine
479 222 530 251 plus
536 221 639 243 omnino
651 220 839 251 liceretaccipeae
848 237 854 246 ,

89 264 160 288 quam
168 262 253 287 quanta
259 254 376 278 fruetuum
383 253 504 276 creditoris
511 257 589 283 quarta
596 259 644 283 pars
651 250 713 275 effer.
731 253 786 275 Sunt
795 253 817 275 ἃ
828 252 854 275 il-

89 289 115 312 la
123 289 171 312 dux
179 288 262 315 dejure
269 286 334 309 civili
343 302 349 312 ,
362 285 453 309 carnia
466 283 546 310 Didia,
562 283 630 313 Junia
644 283 732 306 Licinia
741 300 746 310 ‚
758 290 854 314 utraque

89 318 232 343 Consularis.
250 318 366 341 Cxciliam
374 315 468 339 Didiam
475 315 577 338 tulerunt
585 317 615 344 Q
623 315 729 338 Caccilius
737 316 855 343 Metellus,

87 354 116 375 T.
125 351 210 374 Didius
217 348 280 372 Coss.
289 355 349 372 anno
357 346 383 370 ab
391 347 541 370 V.C.DCLV.
551 346 644 376 juniam
652 354 728 369 autem
737 347 853 370 Liciniam

90 383 209 414 DJunius
221 382 327 411 sylanus,
341 378 478 403 L.Liciuius
493 380 589 401 Murena
601 377 662 401 Coss.
675 385 736 402 auno
749 378 776 401 ab
789 381 816 402 V.
826 380 857 402 C.

90 415 185 438 DCXC.
192 414 251 436 na&
260 413 401 434 Ciceroeam
409 408 561 432 Consularem
570 409 659 432 videtur
665 409 853 441 agnoscete‚cum

91 446 118 468 ad
126 445 244 468 Caciliam
253 443 346 466 Didiam
354 441 462 472 adjungat
470 448 475 462 :
483 441 516 466 ἃ,
529 442 596 464 latam
605 441 729 464 Ciceronis
743 448 805 464 :etate
818 442 854 464 in-

88 477 166 500 dicant
174 477 212 500 illa
219 474 316 498 verbain
323 473 430 495 oratione
441 475 520 503 V.cap.
531 480 551 498 3.
564 473 589 495 in
600 473 744 496 Antonium:
762 472 852 503 vbipoe-

89 517 119 530 ηε
132 508 261 536 recemilege
268 507 335 534 Junia
343 504 368 527 (θ’
376 505 459 526 Lninia
466 508 476 526 ἓ
490 506 524 527 De
532 505 623 527 Cscilia
632 504 700 528 Didia
708 505 812 535 primum
826 504 853 527 il-

89 539 131 563 lud
139 546 211 570 pono,
220 536 285 568 quod
291 536 361 559 video
369 536 447 558 minus
454 533 498 558 effie
505 535 688 559 animadversum
698 544 703 558 :
713 536 739 558 ab
747 535 782 558 his
790 537 854 559 Con-

87 570 175 594 sulibus
182 577 232 593 uon
242 575 311 591 unam
319 569 395 598 legem
404 584 410 593 ‚
424 566 462 590 sed
470 567 524 589 duas
532 566 617 591 diversa
625 567 734 591 sententia
741 566 852 590 esselatas.

88 602 114 626 id
121 609 166 633 ego
175 618 181 628 ,
193 608 246 624 cum
255 599 378 623 Ciceronis
385 599 434 621 loca
441 597 587 622 contulissem
601 599 773 630 diligenterque
780 598 851 621 consi·

89 632 199 658 derafl'em
208 650 213 659 ,
227 632 293 655 facile
301 631 497 662 poruiconjicere.
509 638 562 653 nam
578 631 602 653 in
609 632 716 654 oratione
729 638 771 661 pro
779 631 854 653 domo

88 665 127 689 sua
139 672 188 696 cap.
198 672 235 687 20.
249 663 280 686 ita
287 661 385 693 scripfit:
403 663 462 691 Qus
474 662 499 690 ιβ
506 663 568 692 quafi
578 664 622 684 alia
634 664 670 684 vis
679 680 684 689 ,
698 663 853 693 qiaaesentenria

89 697 172 719 “cilia
179 696 231 726 legis
240 693 265 717 ά·
273 696 345 717 Dsa'iae
352 710 358 720 ,
371 695 455 724 msihaec
462 709 469 720 ,
484 695 588 725 aiepopulo
594 693 668 722 ητα-ΕΞ
674 695 700 722 fit
708 695 730 716 in
738 693 853 725 coqjunfiir

85 727 150 751 rebus
157 725 299 758 compluribus
306 741 313 752 ,
330 732 368 747 aut
376 726 399 747 id
405 741 412 751 ,
428 726 485 755 quod
491 727 544 747 nolit
551 741 557 750 ,
573 727 675 756 accipere:
693 732 733 747 aut
746 726 768 747 id
774 741 781 751 ‚
798 724 855 755 quod

85 761 151 786 velit,
157 759 268 790 repudiare
276 762 286 780 ἓ
294 757 379 787 quibus
385 755 460 779 verbis
467 756 523 779 hanc
530 756 628 779 Caeciliae
636 756 710 779 Didiae
717 755 854 779 sententiam

85 789 153 814 fuiss'e
164 789 267 815 constan,
281 796 310 812 ne
318 787 411 811 diverfis
423 787 452 810 de
465 787 532 810 rebus
546 788 582 810 lex
595 788 699 811 ferretur.
711 795 732 810 at
739 788 851 811 ineadem

85 823 195 845 oratione
201 821 230 843 de
240 821 282 843 alia
288 820 379 843 Caecilia
387 819 455 842 Didia
463 819 612 842 mentionem
619 819 667 842 fieri
678 827 719 844 ‚ex
726 826 751 842 ea
760 826 783 842 re
791 835 796 845 ⁷
807 826 853 849 qua

86 853 116 876 de
123 853 208 876 Cicero
216 852 322 882 loquitur
329 867 334 877 ,
343 850 456 880 intelligo.
466 850 572 880 loquitur
579 856 654 873 autern
662 850 690 873 de
698 851 837 873 rrinundino
846 867 852 876 ,

83 885 150 915 quod
158 884 183 906 in
191 882 295 905 servanda
301 881 480 912 legeferebatur,
488 881 511 903 ἃ
520 883 554 903 Μ.
562 881 628 904 Drufi
635 882 706 912 leges,
716 882 783 912 quod
791 882 815 904 in
824 882 853 905 iis

84 914 187 939 ferendis
199 913 331 937 trinundini
345 911 418 935 habita
432 913 490 935 ratio
504 919 552 935 non
559 911 613 936 effer
620 911 703 935 sublata
716 912 851 937 {asenatufi-

83 946 185 978 gnificat.
197 944 264 968 verba
277 943 329 968 sunt
341 943 387 967 liaec
398 951 445 974 cap.
463 948 500 968 16.
522 944 678 974 Hor-aformffe
692 945 755 973 sexta
766 945 851 976 questus

79 979 132 1009 fiam
145 979 166 1001 'un
172 978 261 1010 judicio
269 992 275 1003 ,
286 984 334 999 eum
342 978 498 999 c..Antonium
510 976 607 1006 coHegam
619 984 693 998 meum
705 977 835 1006 defenderem
843 992 849 1002 ,

82 1010 180 1042 quadam
187 1009 212 1031 de
219 1007 325 1038 republica
331 1015 377 1038 qus
383 1008 439 1030 mihi
445 1008 493 1036 vista
501 1008 553 1035 sunt
565 1007 594 1028 ad
603 1007 667 1029 illim
680 1009 752 1035 mileti
763 1009 848 1037 causam

79 1042 196 1074 pertinere.
214 1041 255 1062 hac
262 1041 354 1062 hommes
361 1037 453 1069 improbi
459 1039 487 1060 ad
493 1039 595 1068 quosdam
602 1039 661 1060 viror
667 1040 735 1068 soi-res
742 1040 801 1070 longe
808 1041 850 1061 ali-

85 1079 202 1104 ter,atque
209 1070 222 1094 ὰ
229 1080 262 1094 me
268 1071 325 1093 dicta
331 1070 532 1096 emm‚detulerunt.
541 1070 590 1092 hora
597 1078 651 1092 nona
657 1070 693 1092 illo
701 1071 743 1102 ipfia
754 1072 788 1092 dte
795 1077 819 1093 tu
828 1079 848 1093 ei

85 1103 250 1136 adoptatus.fi,
267 1102 435 1132 quodincaeteris
448 1100 529 1131 legibus
542 1102 691 1123 ninundinum
704 1101 741 1130 effe
752 1108 833 1133 oportet
843 1118 850 1128 ,

84 1136 109 1158 id
119 1138 142 1158 in
156 1135 266 1167 adoptione
275 1134 330 1163 fiiri:
344 1133 371 1161 est
383 1134 450 1155 trium
463 1132 500 1160 effe
511 1134 611 1154 horarum
626 1139 631 1153 :
649 1135 704 1155 nihil
716 1134 849 1164 reprehendo.

80 1167 114 1196 sin
127 1167 200 1189 eadem
211 1164 338 1195 observanda
345 1166 412 1194 sunt,
424 1164 612 1192 decrevitseuams
625 1166 669 1187 .M.
677 1165 750 1196 ‘Drufi
759 1164 850 1196 legibus,

83 1205 131 1228 qua
141 1203 212 1220 contra
224 1198 292 1227 legem
304 1197 407 1219 Catilium
422 1211 429 1222 ‚
445 1195 470 1218 ὼ·
483 1196 574 1217 Didiam
587 1196 634 1217 lata
646 1195 707 1225 cffint
720 1213 726 1223 ‚
743 1198 849 1228 populum

86 1237 127 1252 non
137 1230 219 1252 teneri.-
231 1236 282 1258 lam
294 1229 410 1258 intellrgis,
428 1228 485 1249 omni
493 1228 636 1258 genei·ejuris
649 1244 656 1253 ,
673 1229 730 1259 quod
741 1230 762 1250 in
769 1229 850 1256 fiacr-is,

84 1261 143 1290 quod
154 1261 176 1282 in
188 1260 300 1288 aufivicirt‚
317 1261 374 1290 quod
386 1260 407 1280 in
420 1257 502 1288 legibus
510 1259 539 1287 stt
548 1274 554 1284 ‚
572 1265 593 1281 te
607 1258 719 1282 tribunum
729 1259 797 1289 plebis
809 1268 847 1282 mm

82 1292 169 1321 suisse?
185 1290 264 1321 Qid?
281 1290 319 1312 illa
326 1297 375 1320 quae
382 1289 462 1320 scripta
475 1288 527 1312 sunt
540 1290 565 1312 in
577 1290 683 1314 oratione
695 1294 722 1314 V.
734 1298 812 1322 cap-3.
827 1291 851 1314 in

83 1322 219 1345 Antonium
227 1338 234 1348 ,
245 1328 329 1344 »nonne
336 1320 387 1344 satis
395 1327 469 1352 aperte
476 1320 600 1347 declarant,
609 1322 686 1352 legem
698 1322 813 1346 Liciniam
821 1322 851 1346 de

84 1359 193 1385 ternpore
206 1352 300 1376 sanxisse
312 1369 318 1379 ,
335 1352 399 1383 quod
414 1353 438 1376 in
450 1351 541 1376 ferenda
556 1353 608 1383 lege
621 1354 704 1377 servari
717 1357 850 1385 oporteret?

85 1392 150 1416 quae,
166 1392 215 1416 quo
222 1392 257 1408 res
263 1391 335 1416 pateat
343 1383 463 1410 illustrius,
479 1384 552 1414 placet
563 1384 666 1409 recitare.
681 1386 789 1408 Tulerum
798 1402 803 1411 ·.
816 1386 850 1409 in*

86 1449 119 1470 nii
131 1464 138 1474 ,
154 1448 300 1476 istesexennii.
317 1455 369 1469 num
382 1448 449 1468 etiam
461 1448 514 1469 hanc
526 1449 594 1477 legem
607 1450 701 1480 populus
715 1451 784 1479 Rom.
797 1457 852 1471 acce-

84 1480 119 1511 pit
133 1483 144 1502 ?
160 1480 213 1509 quid
222 1482 232 1501 ,θ
246 1478 444 1509 promulgatasuit
457 1482 467 1500 ἓ
490 1480 544 1508 quad
556 1487 620 1500 norme
633 1485 682 1501 ante
698 1480 762 1506 lata,
785 1487 851 1509 quam

81 1512 179 1540 firiota?
194 1518 260 1532 norme
272 1517 321 1532 ante
328 1509 412 1539 fallam
425 1510 535 1535 vidimm,
553 1512 728 1540 quamsuturam
735 1511 851 1541 quisfquam

87 1535 247 1573 est¹suspicatu1
262 1545 272 1563 ?
294 1540 330 1563 ubi
344 1542 381 1562 lex
395 1541 476 1562 Caecilia
489 1539 515 1563 ύ-
528 1541 598 1562 Didia
611 1545 622 1563 ἒ
645 1540 681 1562 ubi
691 1543 850 1572 promulgatio,

85 1574 235 1595 urinandinum
248 1576 258 1594 ,²
275 1571 313 1594 ubi
322 1578 382 1601 prena
395 1573 474 1593 recenti
492 1573 537 1601 lege
550 1573 619 1599 Juma
631 1570 657 1595 &⁴
670 1574 755 1595 Licinia
769 1577 779 1596 ?
798 1575 852 1601 Quo

84 1604 234 1635 inlocoquia
241 1603 358 1626 Caeciliam
366 1602 522 1625 Didiamcum
534 1602 600 1632 Junia
613 1603 702 1626 Licinia
714 1604 852 1635 conjungit,

84 1635 184 1666 quaeiis,
203 1634 415 1666 quitrinundinum
423 1632 609 1661 nonservaffenr‚
624 1634 852 1666 poenasirrogabant‚

83 1673 205 1698 propterea
213 1666 275 1689 libro
282 1668 309 1688 11.
318 1664 410 1696 epist.9.
418 1664 445 1687 ad
453 1665 567 1691 Atticum,
581 1664 621 1688 ubi
629 1666 726 1689 Caeciliae
733 1666 809 1689 Didiae
816 1674 851 1697 pa-

84 1698 141 1721 riter
153 1699 178 1721 &
191 1698 265 1729 Juniae
276 1697 373 1720 Liciniae
379 1696 472 1719 mentio
480 1696 548 1719 fimul
556 1696 596 1723 fit,
614 1697 643 1720 de
655 1696 695 1720 hac
705 1698 798 1721 Cascilia
810 1699 853 1721 Di-

85 1730 137 1757 dia,
155 1737 206 1761 quae
219 1736 312 1759 tempus
325 1729 406 1758 legum
418 1727 529 1751 latoribus
541 1727 680 1755 definiebat,
697 1735 747 1752 non
760 1729 835 1752 deilla
844 1746 850 1756 ‚

84 1769 136 1792 qua:
144 1760 235 1784 diverfis
242 1761 272 1784 de
278 1759 429 1790 rebuslegem
437 1759 491 1783 ferri
498 1759 599 1786 vetabat,
617 1760 704 1790 opinor
716 1761 850 1791 intelligen.

83 1793 150 1817 dum.
183 1795 252 1816 Nunc
263 1793 292 1815 de
304 1792 372 1821 Junia
385 1791 475 1814 Licinia
487 1798 588 1821 agamus.
602 1791 662 1818 hxc,
680 1799 728 1815 non
736 1792 804 1822 plane
816 1793 850 1815 vi-

81 1825 142 1851 deo,
158 1824 217 1855 quid
224 1823 329 1847 sanxerit.
347 1830 401 1846 nam
410 1822 475 1854 quod
487 1823 550 1850 ajunt
564 1822 688 1850 nonnulli,
705 1830 771 1849 eam,
788 1823 850 1847 festis

81 1856 164 1880 diebus
170 1863 224 1879 cum
232 1855 321 1887 populo
328 1855 363 1886 agi
372 1871 378 1881 ‚
394 1855 516 1885 autlegem
527 1854 629 1885 aliquam
636 1855 794 1886 promulgari,
812 1863 851 1879 ve-

82 1887 162 1911 tuiss'e:
180 1885 500 1918 idhquolibrodidicerint,
516 1893 565 1908 non
573 1886 680 1909 invenio.
696 1894 769 1910 nemo
781 1887 848 1910 enim

70 1922 110 1943 ‘ex
119 1919 160 1944 iis,
176 1925 278 1949 quorum
285 1918 366 1948 scripta
372 1917 439 1940 aeneis
446 1917 507 1947 typis
513 1916 629 1947 divulgata
641 1917 835 1941 circumferuntur
842 1935 849 1945 ,

83 1951 110 1975 id
124 1951 246 1974 memoriae
262 1949 387 1972 mandavit.
405 1949 543 1979 &utaperte
556 1955 633 1971 meam
647 1949 784 1972 sententiam
798 1956 850 1980 pro-

83 1983 207 2007 nuntiem,
225 1988 295 2012 quam
310 1980 430 2011 peritiores
442 1980 588 2008 judicabunt:
605 1987 686 2002 vereor
694 1988 734 2006 ne,
753 1981 850 2011 quicun-

82 2021 130 2046 que
138 2014 178 2037 ille
185 2012 245 2039 fuit,
262 2012 326 2036 exiis
333 2011 422 2038 verbis,
439 2019 490 2042 quae
503 2011 555 2034 sunt
565 2012 704 2035 irroratione
716 2019 759 2043 pro
773 2012 851 2035 Sextio

78 2053 132 2078 cap.
143 2053 180 2072 14.
194 2044 301 2068 induatis
312 2043 370 2067 fitin
377 2050 489 2067 errorem.
498 2042 549 2066 sunt
557 2049 632 2066 autem
641 2043 699 2066 hzc:
716 2044 794 2072 lisdem
803 2047 851 2065 (on-

77 2077 166 2108 sulie'ms
173 2075 309 2106 sedentibus,
325 2082 392 2106 atque
403 2074 581 2107 inspeflantibus,
599 2076 645 2097 lara
658 2076 694 2097 lex
710 2076 738 2103 est
751 2091 757 2102 ,
775 2083 800 2097 ne
811 2083 852 2097 au-

75 2110 148 2140 spicia
160 2110 255 2130 valerent
267 2118 274 2130 :
292 2116 316 2129 ne
328 2115 376 2138 quis
387 2106 536 2132 obnuntiaret,
555 2114 579 2128 rie
591 2107 641 2137 quis
653 2107 697 2137 legi
709 2107 853 2133 intercederet,

82 2148 109 2163 aaz
121 2139 217 2162 omnibus
233 2139 291 2167 sestis
303 2137 377 2161 diebus
392 2140 459 2168 legem
467 2139 522 2167 ferri
536 2138 607 2160 liceret
621 2154 627 2163 ,
651 2138 688 2160 lex
699 2139 772 2161 ‹AElia
785 2154 792 2164 ‚
815 2139 851 2160 lex

80 2172 146 2202 Pufia
161 2180 186 2193 ne
198 2172 291 2193 valeret.
310 2172 366 2198 Qua:
378 2176 428 2192 non
440 2169 566 2200 adJuniam
579 2169 711 2196 Liciniam,
729 2169 767 2192 sed
775 2168 853 2192 adl-'u-

84 2202 141 2226 fiam
154 2203 278 2233 pertinent.
294 2200 356 2224 Fufia
363 2202 485 2224 enimnou
497 2199 609 2224 omnibus
621 2200 703 2224 diebus
715 2200 790 2227 festis,
810 2200 850 2225 sed

82 2234 113 2258 iis
120 2240 210 2257 tantum
219 2250 225 2260 ,
243 2234 284 2264 qui
293 2231 514 2259 comirialeseffenr,
531 2232 594 2263 leges
606 2231 661 2256 ferri
672 2231 771 2262 jubebat.
784 2232 851 2264 quod

82 2265 128 2294 jam
136 2271 213 2292 antea,
230 2265 256 2288 iu
263 2264 346 2288 ordine
358 2264 438 2295 legum
452 2263 482 2287 de
493 2264 598 2286 comitiis
614 2263 798 2288 demonstratum
810 2263 850 2288 est.

79 2305 132 2329 quae
139 2297 275 2327 suffigitur,
293 2296 356 2319 dicet
363 2296 460 2327 aliquis,
477 2295 549 2327 Juniae
557 2295 653 2319 Licinia:
661 2295 787 2319 sententia?
801 2294 851 2318 for·
866 2300 869 2345 ,

77 2334 102 2353 te
108 2329 169 2359 haec,
186 2329 260 2356 utiis,
277 2327 493 2360 quitxinundinum
505 2325 631 2353 inferenda
642 2328 696 2360 lege
708 2335 757 2353 uon
768 2326 850 2352 servas-

889 76 1254 108 Ltetnvsl
1602 89 1655 125 34¹

886 124 1058 157 stntgraviores
1065 133 1136 158 quam
1142 127 1180 151 lex
1187 127 1279 151 Caeeilia
1292 126 1362 152 Didia
1375 127 1493 158 sanxisset,
1509 138 1585 163 poenae
1597 133 1657 157 irro-

886 163 1002 187 garentur.
1020 159 1059 185 id,
1077 165 1148 190 puro,
1165 159 1325 183 declarantilla
1333 160 1431 185 verbain
1439 164 1588 191 Antonium,
1601 171 1654 195 quae

886 188 925 211 etsi
939 196 991 212 ante
1005 190 1166 216 recitavimus,
1185 191 1266 214 iterare
1278 197 1355 215 tamen
1369 209 1376 219 ‚
1395 194 1450 224 quia
1463 194 1561 223 postulat
1573 196 1654 223 locus,

886 227 935 243 non
950 222 1052 245 alienum
1065 221 1165 245 videtur.
1189 223 1249 248 Ubi,
1266 223 1359 254 inquit,
1377 225 1414 247 Iex
1427 226 1507 248 cecilia
1521 226 1546 249 ὼ
1559 227 1633 250 ‘Didia
1643 232 1655 251 ,⁷

885 251 921 273 ubi
933 255 1077 283 pr¹0mu13ario
1091 270 1096 279 ‚
1114 255 1263 276 rrinundmum
1277 257 1288 276 ,θ
1311 254 1349 277 ubi
1358 261 1419 284 poenae
1432 258 1511 279 recenti
1523 259 1568 287 lege
1582 259 1650 285 Junia

886 282 910 305 d»
922 285 1005 306 Licinia
1013 292 1022 306 s
1040 284 1091 307 Fuit
1099 285 1139 307 alia
1147 286 1236 308 Licinia
1243 293 1291 308 non
1298 293 1376 310 recens
1384 287 1518 311 Consularis
1525 305 1531 315 ‚
1540 288 1579 312 sed
1588 296 1655 313 vetus
1679 303 1681 305 -

885 314 1020 341 tribunicia,
1035 315 1170 344 &ejusdem
1177 317 1375 347 generisAEbutia:
1393 319 1477 350 quibus
1484 319 1653 351 hocrogatum,

885 346 1081 376 utpotestasrulla
1088 348 1206 370 curatione
1219 356 1266 371 non
1276 350 1400 377 modoiis‚
1417 351 1459 382 qui
1472 350 1500 374 de
1507 352 1654 383 aliquacura-

883 377 951 400 tione
958 394 963 400 .
978 385 1014 400 aut
1022 378 1132 408 potestate
1141 378 1255 406 tulissent,
1264 379 1301 403 sed
1309 389 1351 404 nec
1358 388 1440 405 eorum
1449 383 1558 414 collegis,
1567 390 1654 415 cogna-

884 408 922 434 tis,
930 408 1036 433 affinibus
1043 410 1196 434 mandaretur.
1215 411 1251 434 Est
1259 419 1334 435 autern
1343 413 1401 436 illud
1409 414 1652 442 animadvertendum,

884 439 939 462 duas
951 440 1017 464 fuiffe
1030 441 1122 464 (liversis
1134 442 1163 464 de
1176 441 1242 466 rebus
1255 442 1354 467 AEbutias
1368 445 1430 475 leges
1442 463 1448 473 ‚
1469 445 1540 473 hanc,
1563 446 1593 470 de
1606 454 1652 478 qua

884 473 1034 504 mentionem
1042 472 1095 496 facit
1103 474 1187 496 Cicero
1198 475 1222 497 in
1230 476 1346 505 agrariall.
1361 483 1472 506 quaecum
1481 478 1570 501 Licinia
1582 478 1649 502 idem

883 504 970 526 lanxit:
989 505 1084 527 &illam
1093 521 1099 531 ,
1117 512 1166 535 qux
1174 506 1298 529 X11.tabul.
1309 508 1423 534 correxit,
1441 516 1511 539 quam
1520 510 1650 533 Gelliusli·

883 533 992 559 broXVI.
1003 543 1093 567 capso.
1106 537 1221 559 nominat.
1239 540 1293 560 Sunt
1303 539 1417 566 &dejure
1424 541 1489 563 civili
1498 541 1576 564 Atinia
1585 558 1591 567 ,
1607 543 1651 564 Fu-

884 566 928 593 ria,
947 566 1023 593 Fufia,
1038 567 1156 598 dequibus
1165 569 1312 592 mentionem
1325 569 1377 592 facit
1391 571 1476 594 Cicer-o
1488 571 1550 595 libro
1563 574 1587 596 in
1595 576 1652 597 Vet-

884 605 934 620 rem
940 600 979 621 111.
990 600 1014 622 &
1023 598 1051 621 de
1059 599 1146 622 civium
1155 599 1203 626 iure
1210 607 1292 623 omnes
1300 600 1364 624 funl‘e
1372 602 1500 626 criminum
1507 604 1649 634 capitalium,

884 629 1022 661 publicique
1035 630 1115 658 judicii
1124 632 1182 653 nihil
1191 632 1302 662 attignle,
1320 633 1430 656 Pedianus
1443 633 1524 658 ass'exit.
1542 636 1649 659 Atiniam

884 660 913 684 de
925 661 1102 691 usucapionibus
1116 661 1182 686 fuiss'e
1197 680 1202 689 ‚
1221 671 1249 685 ne
1261 664 1344 686 tnniva
1357 672 1392 687 res
1405 664 1494 697 usucapi
1508 666 1594 696 pollet,
1611 666 1651 691 sed

882 692 931 720 eius
947 693 980 716 rei
993 701 1100 724 perpetua
1113 693 1167 717 en‘et
1179 694 1316 720 autltoiitas,
1335 703 1385 719 rum
1399 696 1652 723 iurisconsultorumli-

885 723 919 746 bri
937 741 943 751 ,
970 731 1021 747 tum
1034 725 1126 748 Gellius
1145 724 1206 748 libro
1219 729 1288 749 xm.
1302 734 1350 757 cap.
1366 735 1386 753 7.
1406 727 1511 753 declarat.
1529 730 1599 753 etiam
1613 731 1653 755 lex

883 756 942 786 Julia
951 772 958 781 ,
974 756 997 778 &
1005 756 1102 783 Plautia.
1119 756 1240 787 dequibus
1247 765 1324 787 agetur
1332 760 1496 783 intererimina
1504 777 1510 787 ,
1528 761 1590 791 quasi
1599 763 1652 785 Ati-

884 787 928 809 nix
942 786 1120 814 subscribentes,
1139 796 1188 811 rem
1202 789 1349 819 vipossessam
1364 790 1455 821 usucapi
1469 792 1650 822 prohibuerunt.

883 819 1032 842 Furiameam
1039 819 1105 843 fuisse
1112 826 1182 849 puto,
1202 827 1271 849 quam
1280 821 1457 845 detenamentis
1464 822 1596 851 effelamm,
1614 823 1650 847 su-

884 857 922 880 pra
936 850 999 877 dixi,
1018 858 1048 874 ne
1059 852 1098 874 cui
1111 852 1176 882 plu5‚
1193 859 1264 881 qnam
1279 852 1461 880 M.nummum,
1478 855 1549 883 legari
1562 855 1649 886 posset:

882 881 989 912 alioquin
998 882 1057 910 ejus,
1074 883 1356 914 quodampliuslegatum
1368 884 1436 912 esset,
1453 886 1610 916 quadruplum
1618 894 1655 910 re-

882 913 944 936 ssitui
952 913 1044 937 debere.
1062 914 1128 938 Fufia?
1136 914 1273 938 sententiam
1281 914 1552 946 nemofiguificat.nifi1i
1560 919 1652 942 Furiam

882 944 1002 968 &Fufiam
1015 945 1113 969 eandem
1122 952 1243 977 putemus:
1261 948 1316 977 quia
1330 947 1421 976 Fufius,
1438 949 1462 972 δι
1476 949 1590 978 Valefios,
1606 957 1652 982 pro

880 978 896 999 F
899 977 970 1003 uriss,
984 978 1092 1005 Valeriis,
1107 984 1194 1001 veteres
1202 977 1315 1002 dicebant.

1103 1042 1278 1082 Cli-PUT
1319 1043 1430 1072 XVII.

879 1109 954 1143 Leges
966 1106 998 1132 de
1006 1106 1064 1141 jure
1075 1104 1191 1134 civitatis
1198 1105 1296 1138 dando,
1311 1107 1342 1133 de
1353 1105 1515 1144 ved‘r'tgalibm
1526 1107 1651 1141 tollendis,

919 1144 961 1170 lex
974 1143 1086 1170 Aliwtlia
1099 1165 1107 1175 ,
1126 1143 1190 1181 leges
1202 1144 1233 1170 de
1246 1144 1332 1171 multis
1344 1144 1454 1172 dicendis
1467 1164 1474 1174 ‚
1494 1146 1525 1172 de
1538 1157 1612 1174 num-

957 1181 1023 1214 mis,
1043 1182 1075 1208 cle
1082 1182 1213 1217 frumento
1229 1181 1378 1216 pauperibus
1392 1181 1573 1214 distribuendo,

1013 1220 1044 1247 de
1057 1218 1198 1247 munenbus
1217 1219 1244 1246 ob
1263 1222 1361 1255 cnufzm
1383 1222 1516 1250 orandam.

949 1295 962 1312 e
974 1288 1079 1315 civitate,
1095 1286 1304 1320 quinvelhprimis
1318 1289 1603 1320 reipublicsctemporibus
1617 1292 1653 1315 la<

882 1289 945 1349 D
965 1320 1060 1350 taeleges
1068 1321 1146 1343 multa:
1153 1320 1196 1344 fint
1205 1337 1211 1346 ,
1223 1319 1328 1343 dubitare
1335 1322 1455 1344 nonlicet:
1475 1320 1513 1345 sed
1519 1329 1598 1346 earum
1606 1331 1651 1346 no-

881 1353 945 1374 mina
958 1352 1054 1374 vetustas
1066 1351 1161 1374 delevit.
1173 1352 1270 1375 duarum
1284 1352 1353 1375 exstat
1366 1353 1458 1376 mentio
1471 1361 1481 1375 a
1500 1353 1530 1376 ud
1544 1355 1650 1379 Livium.

882 1383 945 1414 prior
953 1382 1039 1410 sanxit,
1052 1390 1077 1406 ut
1084 1382 1171 1406 sociiac
1180 1384 1270 1409 Latini,
1283 1383 1427 1416 quistirpem
1440 1391 1468 1407 ex
1476 1361 1522 1408 sgse
1534 1384 1602 1409 domi
1616 1393 1652 1410 re-

881 1415 1031 1445 linquerent,
1045 1415 1106 1438 cives
1114 1414 1379 1445 Romanitieripoffent.
1394 1415 1469 1447 postea
1478 1432 1484 1442 ‚
1497 1424 1552 1440 cum
1565 1418 1587 1440 ei
1600 1418 1650 1449 legi

881 1445 986 1469 fraudem
994 1445 1155 1469 sociifacerent
1164 1462 1169 1472 ‚
1182 1446 1307 1472 alteralex‚
1320 1445 1435 1470 sociarum
1442 1448 1563 1471 civitatum
1570 1455 1651 1480 peren-

872 1477 943 1500 1tibus
951 1478 1031 1507 legatis
1038 1494 1044 1504 ,
1055 1478 1097 1500 lata
1104 1477 1136 1500 est
1144 1494 1149 1503 ,
1158 1485 1187 1500 ne
1195 1477 1248 1508 quis
1255 1484 1326 1507 quem
1334 1496 1340 1504 ,
1348 1478 1446 1502 civitatis
1454 1479 1569 1502 mutandae
1577 1479 1648 1508 causa,

882 1507 948 1532 snum
956 1508 1045 1534 faceret‚
1055 1515 1112 1531 neve
1119 1508 1233 1531 alienaret.
1247 1509 1303 1531 Alia:
1311 1509 1397 1532 deinde
1403 1511 1475 1540 leges,
1482 1517 1507 1533 ut
1514 1518 1556 1536 res,
1564 1518 1601 1533 aut
1608 1512 1652 1534 lto—

883 1540 976 1563 miuum
984 1541 1090 1563 voluntas
1101 1540 1154 1563 tulit
1161 1556 1167 1566 ,
1174 1540 1222 1563 latae
1230 1538 1282 1562 sunt
1291 1557 1296 1565 ‚
1304 1541 1406 1567 Servilia,
1414 1541 1512 1568 Licinia,
1521 1543 1652 1574 Mucia,Ju‚

881 1572 912 1594 lia
920 1588 926 1598 ,
933 1572 1017 1594 Plautia
1024 1588 1030 1598 ‚
1040 1572 1132 1602 Papyria
1140 1588 1146 1597 ‚
1154 1572 1259 1594 Petronia
1267 1587 1274 1597 ,
1282 1572 1353 1602 Papia.
1372 1573 1466 1596 Servilia
1473 1572 1563 1597 fortasse
1570 1581 1653 1605 practo-

882 1603 913 1626 ria
920 1602 964 1626 fuit
973 1620 979 1629 ,
987 1610 1023 1626 aut
1031 1603 1153 1626 tribunicia
1162 1619 1167 1628 ‚
1175 1601 1188 1625 ‘a
1195 1605 1223 1626 C.
1232 1604 1331 1626 Servilio
1339 1604 1432 1628 Glaucia
1439 1605 1482 1627 lata
1489 1621 1495 1632 ‚
1509 1605 1612 1636 quicum
1621 1608 1650 1631 L.

881 1635 1002 1658 Saturnino
1009 1634 1105 1658 tribuno
1112 1633 1186 1665 plebis
1199 1635 1223 1657 in
1232 1641 1324 1665 praetura
1337 1635 1426 1658 occisus
1438 1635 1478 1659 est.
1495 1643 1555 1667 patet
1567 1637 1633 1661 enim
1641 1654 1649 1665 ‚

881 1665 939 1688 hanc
945 1666 1022 1696 legem
1029 1672 1082 1688 ante
1089 1667 1191 1688 Muciam
1199 1666 1314 1688 Liciniam
1321 1673 1423 1697 rogatam
1431 1666 1484 1690 effe.
1492 1667 1557 1698 quod
1564 1669 1652 1692 Cicero

881 1697 906 1720 in
914 1704 939 1720 ea
947 1704 989 1727 pro
996 1696 1122 1727 Balbocap.
1131 1705 1170 1723 24.
1177 1696 1273 1720 declarat
1281 1697 1316 1719 his
1322 1697 1410 1720 verbis:
1425 1699 1532 1730 ξζασάῄ,
1547 1699 1650 1730 acerbiffi-

880 1737 917 1750 ma
923 1731 968 1759 lege
975 1728 1186 1758 Servilia‚principes
1194 1729 1246 1755 viri,
1255 1729 1402 1758 aegramffi'mi
1409 1728 1583 1759 &sapienttffi‘mi
1590 1733 1648 1754 cives

881 1760 1041 1785 hancLatinis,
1060 1760 1082 1782 id
1090 1759 1118 1788 est
1125 1760 1254 1789 soederatis,
1271 1762 1369 1782 mamad
1381 1767 1494 1783 civitatem
1506 1762 1651 1791 populijuffis

877 1791 1062 1822 parerepaffi’sunt
1069 1801 1077 1813 :
1094 1792 1189 1821 nequein
1196 1792 1229 1812 his
1236 1791 1262 1820 efl
1269 1793 1458 1821 hacreprelzensum
1466 1792 1551 1814 Licinia
1558 1791 1584 1815 ὼ·
1593 1795 1651 1816 Mu-

879 1831 911 1844 cia
918 1824 970 1854 lege.
978 1822 1156 1853 cumpraszrtim,
1165 1822 1188 1844 &
1196 1829 1246 1852 quae
1253 1821 1387 1854 sequuntur.
1405 1823 1540 1854 Hujuslegis
1546 1823 1593 1847 haec
1600 1823 1652 1849 sen-

880 1855 950 1877 tentia
958 1853 1003 1876 fuit
1011 1871 1016 1880 ,
1029 1860 1054 1876 ut
1062 1853 1152 1879 Latini,
1169 1851 1311 1877 senatoribus
1318 1855 1433 1878 Romanis
1441 1855 1554 1878 damnatis
1561 1872 1568 1882 ‚
1585 1857 1649 1880 cives

878 1885 921 1915 ipsi
928 1885 1030 1909 Romani
1038 1885 1128 1908 fierent.
1145 1885 1234 1908 Licinia
1242 1886 1264 1908 &
1273 1886 1350 1909 Mucia
1358 1884 1491 1909 Consularis
1498 1886 1543 1910 fuit
1549 1889 1577 1911 L.
1583 1886 1650 1911 Cras-

879 1916 895 1939 fi
903 1933 910 1943 ‚
917 1917 941 1939 δι
950 1917 1090 1947 Qscazvola:
1097 1933 1103 1942 ,
1113 1922 1138 1939 ut
1145 1915 1202 1939 socii
1209 1917 1285 1940 Latini
1294 1933 1300 1944 ,
1311 1917 1382 1948 quise
1390 1925 1432 1948 pro
1438 1918 1528 1941 civibus
1534 1919 1652 1943 Romanis

879 1954 984 1979 gererent
992 1964 998 1974 ,
1006 1954 1060 1970 cum
1068 1955 1091 1970 re
1097 1954 1148 1970 vera
1155 1955 1204 1971 non
1212 1946 1282 1971 effent
1290 1965 1296 1975 ,
1305 1949 1329 1971 in
1337 1947 1428 1972 suarum
1435 1949 1555 1973 civitatum
1564 1950 1609 1978 jura
1615 1958 1651 1975 re-

882 1980 1023 2008 digerentur.
1032 1986 1075 2009 qua
1082 1979 1135 2009 lege
1142 1979 1171 2002 ita
1180 1979 1270 2002 alienati
1278 1979 1328 2003 sunt
1335 1981 1446 2004 Italorum
1455 1981 1536 2008 animi,
1544 1983 1650 2007 utltalici

881 2010 952 2037 belli,
963 2010 1029 2041 quod
1036 2010 1086 2041 post
1093 2011 1222 2033 triennium
1230 2018 1338 2034 exortum
1345 2011 1376 2034 est
1384 2028 1391 2038 ‚
1404 2019 1429 2035 ea
1437 2013 1473 2036 vel
1480 2013 1581 2037 maxima
1588 2012 1650 2039 causa

882 2041 959 2065 fuerit.
976 2042 1021 2065 hoc
1036 2041 1144 2072 spestavit
1156 2042 1256 2069 Cicero,
1273 2050 1328 2066 cum
1337 2043 1397 2066 dixit
1410 2044 1435 2067 in
1442 2044 1550 2068 oratione
1562 2053 1606 2077 pro
1618 2047 1650 2070 C.

882 2074 998 2097 Cornelio
1010 2076 1100 2104 Fragm.
1110 2081 1147 2097 ιο,
1162 2075 1242 2104 Legem
1255 2076 1365 2098 aniniam
1378 2073 1404 2098 ύ-
1417 2076 1519 2098 Muciam
1529 2078 1554 2099 de
1563 2076 1649 2100 civibus

882 2107 981 2136 regundis
990 2122 997 2132 ‚
1005 2106 1067 2128 mdea
1074 2105 1161 2133 constare
1168 2107 1223 2128 inter
1230 2114 1309 2132 omnes,
1317 2114 1384 2137 quam
1391 2107 1431 2128 duo
1441 2105 1536 2135 Consules
1544 2111 1650 2136 omnium,

881 2145 933 2167 quas
940 2137 1195 2166 vidimurfflapientiffimi
1201 2138 1298 2168 tulissent
1307 2155 1312 2164 ‚
1320 2147 1358 2160 non
1366 2139 1425 2161 modo
1432 2139 1536 2161 inutilem
1544 2155 1551 2166 ,
1561 2141 1597 2167 sed
1602 2147 1650 2169 per-

881 2169 981 2198 niciofiam
994 2168 1111 2197 reipublice
1117 2168 1184 2197 fuiffl
1193 2185 1198 2195 ,
1212 2176 1261 2200 quo
1275 2169 1300 2192 in
1308 2170 1362 2192 loco
1374 2169 1443 2201 paulo
1450 2169 1519 2194 fufius
1527 2170 1647 2194 historiam

882 2199 1189 2230 narratPedianusinterpxes
1195 2207 1247 2231 pag.
1256 2208 1280 2226 13
1289 2208 1308 2224 1.
1325 2203 1385 2228 Cum,
1395 2201 1476 2233 i-nquir
1483 2218 1490 2229 ,
1497 2203 1651 2233 summatupi-

881 2233 951 2254 ditate
957 2233 1055 2254 civitati:
1062 2234 1158 2253 Romana
1167 2233 1239 2254 Italici
1243 2233 1317 2263 populi
1328 2239 1450 2255 tenerentur
1458 2250 1464 2259 ‚
1481 2232 1507 2256 (9-
1514 2233 1538 2256 ab
1544 2235 1650 2263 rdmagna

879 2270 929 2295 pars
937 2269 1051 2292 :orumpro
1059 2262 1142 2285 civibus
1149 2265 1252 2286 Romanis
1257 2265 1364 2294 figerere!
1373 2274 1381 2287 .-
1399 2264 1508 2293 nectffizria
1516 2267 1552 2288 lex
1559 2266 1606 2292 wfia
1613 2265 1649 2293 est,

882 2301 907 2317 ut
914 2296 981 2324 insu:
987 2294 1077 2325 quifique
1084 2295 1182 2316 civitatis
1189 2303 1227 2326 sus
1238 2296 1379 2325 redigeretur.
1387 2304 1468 2319 verum
1476 2305 1500 2318 ea
1507 2297 1550 2325 lege
1557 2297 1588 2317 ita
1596 2297 1652 2318 alie—

881 2327 928 2350 nati
933 2327 1002 2350 animi
1006 2326 1060 2356 siunt
1063 2327 1183 2357 principum
1191 2327 1315 2349 Italicorum
1320 2329 1447 2360 populorum
1456 2344 1462 2355 ‚
1472 2334 1496 2350 ut
1503 2335 1528 2350 ea
1535 2329 1571 2350 vel
1577 2328 1652 2349 maxi-

1111 2359 1138 2380 M
1145 2364 1172 2382 m
1178 2364 1204 2382 m
1212 2365 1236 2382 m
1244 2365 1270 2382 m
1288 2365 1298 2385 3
1612 2365 1651 2381 mn
