2075 2734
488 75 866 103 Lintuma

78 133 128 156 «ius.
135 127 234 163 ‘siquod
240 127 261 152 r'n
267 125 346 152 Μηνὶ]
353 126 435 158 leglbm
441 126 527 151 trinum
533 126 654 150 nundinum
660 125 697 154 effi
704 130 782 158 oportet
788 141 795 153 ‚
805 125 829 148 r'd
833 126 855 148 in

81 163 195 194 adoptione
200 162 256 191 fiatis
263 160 291 190 est
297 161 364 183 trium
371 159 408 188 effi
415 161 516 182 horarum
523 168 531 182 ι
538 158 594 181 nihil
600 159 734 189 reprehendo.
742 158 776 189 sr'n
783 158 856 180 eadem

77 193 213 223 observanda
218 193 276 219 funt,
284 198 309 214 m
315 192 504 221 decrevitsenarua
511 192 554 214 .M.
561 188 727 220 Drufilegr'bus,
735 196 779 218 qua
784 195 857 213 contra

84 225 198 251 calliam,
207 223 233 247 (φ
240 224 337 246 ‘Didiam
344 225 391 246 lata
397 224 467 254 essenr,
473 222 578 254 populum
585 228 624 242 non
632 221 699 242 reneri
705 230 713 242 :
720 222 772 250 jam
779 221 858 242 inteut-

78 257 126 287 gr's,
134 258 270 287 omnigenae
280 255 341 281 'uris²
349 255 404 286 quod
411 254 512 284 infiicris,
538 253 579 274 uod
586 253 607 274 in
615 251 714 283 auspiciis
723 267 730 277 ,
737 252 820 282 quodm
828 254 855 274 le-

78 286 181 318 gibusfit
190 303 197 314 ,
211 293 231 310 re
238 263 423 318 trtiunumplebis
430 285 509 312 nunfai
525 292 544 306 e.
561 285 591 306 Et
598 299 604 310 ‚
613 289 638 306 ut
645 282 706 306 aliud
714 290 742 306 ex
749 283 796 306 alio
804 299 809 309 ,
818 283 857 306 tri-

82 318 221 342 nundinum
234 325 283 342 non
296 317 373 342 solum
385 317 411 340 in
423 315 475 346 lege
487 314 593 341 ferenda,
609 314 680 338 sed&
693 314 858 346 inmagistratu

82 349 224 382 defignando
231 349 301 373 video
307 349 352 373 ess‘e
358 346 513 372 servatum.ob
520 354 572 370 eam
578 345 665 370 scilicet
670 345 794 373 causamur
801 353 857 370 con-

84 380 197 406 suleretur
204 381 330 406 candidatis
337 379 453 412 putten&
462 378 609 410 populozillis
616 378 641 402 ad
650 379 724 409 magis
730 378 855 401 concilian-

85 413 129 438 dos
136 414 178 438 sibi
185 414 260 445 plebis
267 413 370 439 animos:
378 410 439 437 huic,
447 417 475 433 ne
483 410 645 442 imprudenter
651 411 755 442 aliquem
762 416 857 441 repente

82 452 178 473 crearet,
187 453 258 478 quem
264 450 366 469 creatum
374 442 449 474 postea
456 443 539 466 nollet.
547 442 627 466 locum
635 449 712 466 antem
726 443 749 465 &
757 442 782 465 in
790 442 841 473 lege
849 459 856 469 ‚

82 477 108 501 ὅ(
116 478 141 501 in
149 477 281 509 magistratu
287 475 351 499 fuisse
358 473 612 501 trinundino‚minime
618 474 693 497 miror
701 474 756 505 :qui
764 473 855 497 videam

83 506 97 532 Ξ
104 510 233 536 Cicerone,
241 507 384 531 orationell.
392 506 416 529 in
425 507 523 529 Rullum
532 524 537 533 ,
546 506 655 537 appellari
662 506 740 537 legem
748 513 771 528 ea
779 505 854 528 corni>

84 540 132 568 tia,
145 540 231 572 quibus
238 540 336 568 majores
343 538 486 569 magistratus
496 545 634 561 crearentur.
650 545 703 561 nam
711 555 717 563 ‚
734 537 854 560 ficomitia

81 572 121 595 lex
127 571 191 596 sunt:
200 571 311 602 sequitut,
319 577 353 597 ut,
360 569 425 600 quod
433 570 458 592 in
467 570 524 601 lege,
533 569 596 593 idem
605 570 628 593 in
636 569 741 592 comitiis
748 567 853 592 observe-

81 610 126 627 tur.
138 604 163 626 ὅ(
171 620 178 631 ,
191 603 256 635 quod
264 603 349 626 rationi
360 601 542 625 consentaneum
549 601 641 624 videtur
651 618 656 627 ‚
666 600 690 625 id
698 601 804 631 exempla
811 600 855 624 cla<

82 635 130 658 rius
136 634 269 659 ostendunt.
286 636 319 658 Χ,
326 635 381 657 viris
388 634 490 659 mandri,
498 633 576 664 inquit
584 633 753 657 Liviuslib.lll.
760 639 824 664 capa
831 640 852 659 5.

80 668 104 690 in
111 668 263 690 trinundr'num
270 666 357 689 comitia
369 665 450 688 indum
457 666 519 695 sunt.
532 666 556 689 ὃς
563 666 587 688 in
594 664 690 695 epistola
703 664 730 688 ad
737 664 853 688 Tironem

82 698 171 722 cicero
178 700 300 723 Fam.irv1.
313 706 320 721 i
329 705 351 721 2.
368 698 413 721 „Ad
420 697 544 726 confialatus
554 699 680 728 petitionem
688 697 836 726 [eventurum
844 706 851 718 :

81 731 202 763 mquejam
210 731 262 753 mue
268 729 359 759 absentis
365 729 468 751 tationem
475 727 586 758 haber-isui
593 739 600 752 :
609 727 635 752 ὑ·
640 730 760 759 presentem
767 729 851 751 trimm-

80 762 159 784 dinum
170 764 301 791 petiturum.
319 759 391 791 Qod
398 766 475 783 tamen
485 767 534 784 nori
542 759 584 784 nisi
590 756 715 791 tran'quilla
722 767 770 791 rep.
783 759 855 783 serva-

80 799 133 817 tum
140 793 261 817 existimo.
269 799 325 817 nam
331 792 418 815 Punico
425 790 488 815 bello
497 790 597 816 secundo
611 794 641 821 Q
648 791 729 815 Fabius
735 792 854 814 Maximus

80 824 274 849 Constrltertium
284 841 290 851 ‚
303 826 408 847 Romam
421 823 577 846 comitiorum
589 822 653 846 causa
660 821 805 854 proficiscens
813 839 819 849 ‚
829 823 853 846 in

79 863 145 883 eum,
154 864 225 888 quem
234 857 338 887 primum
345 855 409 877 diern
416 854 562 878 comitialem
569 853 657 879 habuit,
665 855 762 878 comitia
769 854 853 877 edixit.

80 887 195 918 idemque
207 887 263 910 fecit
276 893 337 909 anno
351 885 463 916 proximo
476 887 505 910 C.
514 885 628 910 Claudius
636 887 714 909 Cento
723 902 729 912 ,
748 886 853 910 Distator

79 919 237 942 comitiorum
243 916 577 942 Consulariumcausacreatus.
594 916 637 941 Sed
643 917 760 941 nimirum
767 934 774 945 ,
786 917 853 949 quod

80 950 128 974 dici
137 948 207 977 soler,
223 949 288 974 silent
295 950 506 980 legesinterarma:
519 950 542 972 &
556 949 583 972 ad
593 949 701 980 rempub.
714 949 778 979 cujus
790 949 854 973 causa

79 982 128 1006 121ae
135 982 198 1013 leges
205 981 256 1013 ipsa:
264 980 316 1005 sunt
323 997 330 1008 ,
343 981 425 1005 omnia
431 980 558 1005 referenda.
575 980 707 1005 servabatur
713 987 819 1012 praeterea
828 982 854 1005 in

79 1013 170 1044 judicio
177 1014 260 1046 populi
266 1013 432 1037 trinuudinum
441 1029 448 1040 ,
462 1020 517 1036 cum
524 1013 611 1036 scilicet
623 1011 636 1035 a
642 1013 733 1044 populo
740 1012 855 1042 teusjudi-

80 1052 175 1070 caretur.
189 1045 251 1070 unde
259 1045 317 1069 illud
324 1052 368 1076 pro
375 1044 451 1069 domo
458 1051 505 1076 cap.
512 1053 521 1069 1
528 1052 549 1072 7.
562 1047 615 1068 Cum
622 1051 668 1068 ram
676 1045 855 1076 moderata-judi-

38 1085 43 1089 ·
80 1078 237 1110 ciapopuli'fint
244 1077 257 1100 ὰ
263 1076 499 1105 ιηα,ὐτιὶικκσιι]ὶιιιεια
508 1086 515 1099 ;
522 1078 624 1112 primum
632 1093 638 1103 ,
647 1083 672 1099 ut
680 1084 771 1109 nepoena
777 1078 853 1107 capitii

80 1117 129 1131 rum
135 1116 224 1139 pecunia
230 1112 372 1140 conjungatur
378 1118 385 1131 .·
399 1109 481 1135 demde,
493 1116 525 1134 ne,
534 1109 673 1140 mfiprcdid'la
680 1110 715 1131 dre
722 1126 727 1135 ‚
736 1110 786 1139 quis
793 1116 853 1130 arcu-

75 1141 138 1170 [ἔτην
146 1150 154 1163 .·
161 1142 314 1167 tertio,uta›11e
320 1140 456 1170 magistratui
462 1140 544 1169 accuset
551 1140 667 1168 intermiffiz
674 1141 716 1166 die,
723 1147 788 1170 qua-m
796 1141 853 1162 mul-

83 1173 140 1195 dam
148 1173 360 1203 irrwmmjudner
369 1180 374 1193 :
382 1173 500 1203 quarro,fit
506 1172 610 1201 accusatio
618 1173 778 1195 trrmmdinum.
787 1173 850 1195 Con-

83 1202 123 1227 stat
131 1204 203 1234 igitur
212 1221 218 1231 ,
232 1204 257 1226 in
265 1202 378 1227 omnibus
386 1204 452 1235 plane
460 1203 566 1227 comitiis
573 1220 579 1230 ,
591 1203 648 1227 dele
666 1202 717 1227 ibus
725 1220 730 1229 ,
744 1203 773 1227 de
779 1204 854 1236 magi-

79 1234 185 1259 stratibus
192 1253 198 1263 ,
215 1235 245 1259 de
251 1235 295 1259 reis
303 1252 310 1263 ‚
322 1235 456 1259 trinundini
469 1236 585 1259 rationem
598 1234 642 1260 ess‘e
666 1235 751 1260 ustam.
768 1238 853 1268 Neque

79 1273 136 1290 vero
143 1267 310 1291 trinundinum
317 1268 347 1290 ita
355 1268 544 1299 interpret01,ut‚
553 1266 604 1298 ipso
611 1268 731 1291 tertiarum
739 1267 852 1292 nundina-

80 1305 134 1322 tum
142 1299 180 1322 die
187 1299 224 1322 vel
237 1299 289 1322 latas
295 1298 339 1323 esse
346 1299 409 1330 leges
416 1316 423 1326 ,
435 1299 471 1322 vel
479 1299 622 1330 defignatum
628 1299 787 1331 magistratum
796 1316 802 1323 .
816 1301 852 1323 vel

80 1337 147 1353 reum
154 1328 168 1353 a
176 1331 265 1361 populo
273 1331 398 1358 iudicatum
414 1330 561 1354 existimem:
574 1338 628 1354 cum
637 1332 660 1354 &
669 1331 801 1354 Macrobius
808 1331 851 1356 lib.

79 1363 98 1386 1.
105 1362 203 1385 comitia
211 1362 323 1385 nundinis
335 1362 413 1385 haberi
421 1369 470 1385 non
477 1362 578 1390 licuisse,
596 1369 700 1386 veterum
714 1362 851 1386 testimonio

80 1392 177 1424 probet:
187 1394 210 1416 ἃ
219 1393 294 1417 Festus
302 1410 308 1420 ‚
315 1393 430 1417 nundinas
438 1401 485 1417 non
494 1393 571 1417 solum
579 1394 640 1417 inter
646 1394 713 1418 ferias
721 1411 727 1422 ,
735 1393 772 1417 sed
780 1396 850 1419 etiam

78 1425 140 1448 inter
148 1424 301 1448 nefzssosdies
308 1425 367 1456 apud
374 1426 484 1456 antiquos
496 1424 561 1449 suisse
568 1425 640 1449 dicat:
653 1427 716 1449 inter
727 1425 794 1449 ferias
803 1444 808 1453 ,
821 1435 851 1451 ne

79 1463 135 1480 (um
143 1457 232 1487 populo
240 1457 275 1488 agi
283 1458 374 1480 liceret:
385 1458 445 1480 inter
452 1456 550 1480 nefastos
556 1457 615 1484 dies,
623 1464 652 1481 ne
659 1458 717 1488 lege.
726 1460 853 1486 Nundmas,

77 1488 278 1520 inqui1,seriarum
286 1489 342 1511 diem
350 1488 388 1515 effi
396 1498 407 1510 z
413 1490 513 1511 oluerunt
520 1490 615 1519 antiqui,
621 1497 662 1519 quo
669 1490 853 1516 rustm'merrandi

78 1521 228 1549 zendendrque
235 1521 297 1550 ιαμβι
303 1522 324 1542 in
333 1519 413 1542 vrbem
421 1521 553 1542 convenirem
560 1535 566 1546 ,
580 1528 674 1551 eumque
681 1521 786 1549 nefastum
795 1537 801 1547 ,
815 1530 849 1548 ne,

78 1553 97 1575 ῙῘ
107 1553 179 1574 liceret
192 1560 240 1573 rum
251 1552 327 1583 populo
340 1554 389 1581 trgi,
402 1553 591 1582 interpellarentur
602 1553 760 1575 nundinatores.
777 1552 850 1576 Aliud

81 1589 158 1606 autem
165 1588 220 1609 erat,
227 1584 358 1614 rumpopulo
365 1591 437 1612 agere:
446 1583 508 1606 aliud
516 1600 523 1609 ,
531 1585 574 1613 lege
581 1591 653 1613 agere.
665 1591 714 1606 cum
720 1585 795 1612 populo
803 1601 808 1610 ,
814 1591 848 1614 po-

97 1616 160 1636 ulum
169 1614 194 1642 est
201 1615 229 1636 ad
236 1616 348 1636 concilium
358 1630 363 1640 ,
371 1620 409 1635 aut
416 1615 503 1636 comitia
510 1622 584 1637 vocare
593 1630 599 1640 ‚
606 1621 631 1637 ut
639 1614 669 1637 ait
677 1614 764 1637 Festus:
779 1616 815 1639 vel
824 1623 849 1639 nt

80 1645 298 1671 Gelliusl.13.c.i5r
311 1647 517 1677 Rogarrpvpulum,
526 1645 700 1676 quodsuffragiis
708 1647 848 1678 sniumja-

78 1676 127 1699 lcat
135 1694 142 1704 ,
155 1684 193 1700 aut
201 1682 259 1699 vetet
267 1687 274 1699 .·
287 1677 352 1706 quod
365 1683 441 1699 tamen
450 1675 513 1699 idem
521 1676 565 1699 est:
581 1676 633 1707 lege
640 1683 716 1700 autem
724 1684 788 1707 agere
797 1694 803 1704 ,
815 1679 849 1707 jus

79 1709 193 1740 experiri,
205 1703 228 1731 i'n
237 1708 324 1736 judicio
332 1708 480 1731 contendere.
489 1708 549 1731 libro
558 1709 628 1731 eriam
636 1711 674 1732 lv.
682 1707 747 1739 epist.
755 1709 781 1732 ad
790 1711 849 1733 Atri-

78 1748 132 1764 cum
140 1739 231 1772 epist-3.
246 1747 284 1771 pet
291 1740 349 1762 duos
358 1740 514 1763 nundinarum
522 1740 570 1763 dies
578 1740 638 1763 nihil
646 1739 675 1763 de
682 1741 788 1764 comitiis
800 1747 849 1765 ten-

78 1778 159 1798 tatum,
168 1773 203 1795 his
211 1772 285 1794 verbis
293 1773 376 1795 Cicero
385 1772 494 1795 declarat:
509 1777 574 1795 ,Ληιε
582 1774 613 1795 Χ.
623 1773 680 1802 qu.
688 1774 790 1795 nundina.
804 1782 847 1796 mn-

76 1812 106 1827 cro
113 1802 175 1826 biduo
183 1805 247 1826 malla.
255 1803 433 1827 Triuundinum
440 1803 512 1834 igitur
519 1803 544 1826 in
551 1811 603 1826 eam
609 1802 747 1826 sententiam
755 1804 847 1829 dicium

77 1835 175 1866 accipio,
184 1841 208 1858 ut
217 1835 275 1858 inter
281 1842 336 1859 eum
344 1835 417 1861 diem,
425 1842 474 1866 quo
482 1835 626 1866 promulgata
633 1836 670 1858 lex
679 1842 736 1862 erat,
746 1836 769 1859 ὃς
777 1844 832 1860 eum
840 1854 845 1864 ,

75 1874 125 1898 quo
132 1867 217 1890 deinde
223 1866 319 1890 ferretur
327 1884 332 1892 ‚
340 1868 405 1890 trinae
413 1867 521 1890 nundinat
528 1867 710 1890 intercederent:
722 1874 770 1898 quo
778 1869 802 1891 &c
810 1867 845 1892 sas>

74 1899 126 1929 pius
134 1915 140 1924 ‚
150 1896 192 1921 &a
201 1898 303 1928 pluribus
312 1915 319 1925 ‚
333 1897 420 1921 Urbem
428 1898 545 1921 mercandi
553 1898 718 1930 vendendique
724 1899 788 1923 causa
795 1900 845 1924 vifi-

75 1929 185 1956 muribus,
195 1930 384 1961 promulgatalex
391 1928 500 1960 cognosci
508 1929 591 1961 posset.

271 1994 467 2021 CAPUT
509 1995 647 2021 XXXV.

113 2057 154 2082 De
166 2051 309 2079 recitatione
320 2051 379 2089 legis
392 2051 551 2086 adpopulum
559 2072 567 2083 ‚
578 2048 690 2088 fiufione
702 2059 748 2079 aut
759 2051 807 2086 dis2

179 2089 292 2128 finrfione
302 2109 309 2119 ,
330 2091 370 2123 (ς
382 2090 470 2117 deloco
485 2090 551 2116 unde
563 2090 724 2124 finderetur.

125 2156 158 2180 ost
165 2156 242 2179 tertias
250 2153 519 2185 nundinas,magistratus
527 2153 552 2176 in
559 2152 710 2178 eumloeum,
718 2150 758 2175 ubi
766 2151 843 2182 legem

71 2157 121 2218 P
139 2189 224 2211 laturus
230 2194 285 2212 erat,
293 2187 336 2209 five
343 2187 368 2209 in
375 2186 463 2213 forum,
471 2185 516 2208 sive
523 2186 548 2208 in
554 2192 664 2216 campum
674 2184 794 2208 Martium,
803 2189 841 2212 po-

71 2220 156 2251 pulum
163 2217 314 2242 convocabat.
327 2218 361 2241 ibi
368 2226 421 2241 cum
431 2218 507 2248 legem
515 2224 587 2248 piaco
596 2234 601 2243 ‚
614 2216 750 2244 subjiciente
758 2213 828 2237 scriba
837 2232 843 2242 ,

72 2251 193 2276 recitasset:
208 2257 258 2273 tum
267 2251 371 2280 primum
381 2249 479 2280 quidem
487 2250 519 2275 is,
539 2256 580 2280 qui
588 2249 666 2278 legem
674 2247 843 2278 promulgarat,

73 2284 164 2315 populo
172 2280 277 2305 suadebat
285 2298 291 2308 ,
299 2288 323 2305 ut
331 2283 479 2312 rogationem
487 2281 600 2311 acciperet
608 2297 614 2306 ,
622 2279 660 2303 sed
668 2278 718 2311 post
726 2286 781 2301 eum
790 2278 843 2305 alii,

72 2322 122 2338 non
130 2315 211 2346 privari
220 2313 295 2336 modo
304 2331 310 2340 ‚
328 2313 412 2344 quibus
426 2313 452 2336 ab
461 2314 540 2343 aliquo
547 2311 676 2343 magistratu
689 2311 774 2333 concio
781 2310 833 2333 dare

72 2351 118 2377 zur,
129 2348 138 2379 (
143 2353 198 2372 nam
206 2346 296 2378 alioqui
303 2345 460 2372 concionandi
466 2343 565 2378 potestas
571 2345 668 2376 privatis
675 2350 725 2368 non
731 2343 793 2373 erat)
805 2348 842 2367 ve-

924 71 1289 105 L'tci'nus:
1613 82 1666 112 861

890 132 943 149 rum
950 126 1022 150 etiam
1029 125 1173 159 quandoque
1180 126 1332 158 magistratus,
1339 124 1383 160 'pto
1390 125 1431 153 suo
1439 127 1539 162 quisque
1547 128 1620 160 sensu,
1628 134 1667 158 vel

890 157 1023 185 suadebant,
1029 159 1067 183 vel
1074 157 1238 183 dissuadebant.
1246 159 1366 184 Suasorem
1372 163 1502 192 rogationis
1508 170 1571 190 eum,
1579 165 1621 194 qui
1629 173 1668 188 ro-

891 189 963 220 gabat,
972 189 1046 217 fuisse,
1053 191 1084 214 ita
1091 191 1218 214 verisimile
1224 190 1255 214 est
1264 207 1270 218 ‚
1278 198 1376 216 utexem
1395 193 1423 216 lis
1431 209 1437 220 ,
1445 201 1496 223 quar
1504 195 1577 218 multa
1585 196 1667 228 suppe-

889 227 951 248 tunt,
958 221 1018 245 mihi
1026 221 1069 246 esse
1077 222 1190 246 utendum
1198 223 1222 246 in
1229 230 1254 246 re
1261 224 1363 248 minime
1389 223 1442 248 ubia
1451 242 1457 252 ,
1465 232 1514 249 non
1521 226 1664 253 existimem.

890 253 956 284 quod
963 259 1039 277 autem
1046 255 1126 277 minus
1133 253 1259 278 verifimile
1266 255 1307 283 est,
1329 262 1354 279 nt
1362 257 1446 287 aliquis
1460 257 1510 286 ejus
1521 259 1650 289 rogationis
1657 276 1664 287 ‚

890 292 960 315 quarn
968 284 1037 308 ferret
1045 302 1050 312 ,
1059 286 1106 316 ipse
1113 284 1222 309 dissuasor
1231 285 1302 310 suerit
1311 287 1348 311 :id
1356 287 1398 312 nisi
1405 287 1548 312 testimoniis
1554 290 1664 321 probem,

889 316 1002 352 credibile
1010 324 1059 340 non
1066 324 1121 341 erat.
1134 324 1202 348 atque
1209 317 1254 341 hoc
1261 324 1312 342 tum
1319 318 1394 347 fiebat,
1401 327 1455 343 cum
1464 321 1606 352 magistratus
1613 330 1663 347 non

889 356 901 370 e
908 348 953 375 sua,
967 347 1005 372 sed
1013 346 1025 372 ὲ
1032 347 1120 372 senatus
1126 348 1238 372 sententia
1246 351 1394 381 rogationem
1402 351 1498 376 serebat.
1509 360 1587 385 neque
1596 355 1663 379 enim

887 379 1054 435 prohibebatur
1061 380 1186 404 dissuadere
1194 381 1220 404 ad
1228 383 1352 413 populum,
1362 383 1427 414 quod
1436 391 1485 408 non
1493 383 1627 415 probaverat
1637 387 1663 410 in

897 418 974 435 erratu.
989 411 1078 436 Pisonis
1090 411 1202 436 Consulis
1209 414 1345 445 exemplum
1359 414 1472 439 habemus
1485 416 1511 439 in
1524 416 1620 447 epistola
1632 418 1659 442 ad

889 444 996 467 Atticum
1006 452 1014 467 1
1022 459 1028 467 .
1039 452 1067 472 14
1075 459 1081 466 .
1097 446 1152 471 Piso,
1160 445 1247 476 inquit,
1255 447 1337 474 Consul,
1346 448 1401 469 lator
1409 448 1522 478 rogationis
1533 465 1538 475 ‚
1550 449 1606 471 idem
1614 457 1661 474 erat

887 475 993 504 eirffitafiir.
1006 475 1072 508 quod
1082 476 1171 502 Attice,
1182 483 1205 498 ut
1213 484 1302 500 novum
1311 478 1333 500 ἃ
1345 478 1661 511 ἱηίςυυω,(ςιίρῦι(;ίεεῐο,

886 513 941 529 cum
948 506 1039 530 suadere
1047 508 1094 530 luas
1101 507 1233 538 rogationes
1241 508 1327 539 reliqui
1335 507 1442 533 solerent.
1450 509 1513 534 unde
1520 511 1579 535 illud
1587 513 1661 537 Attici

885 538 912 561 ad
920 539 1063 562 Ciceronem
1071 539 1109 562 l.ll
1121 538 1311 570 c.10.delegibus
1320 548 1325 562 :
1334 542 1660 574 Aundergitur‚fiplar=tjs?}2m

883 570 951 600 ipsam
959 571 1036 601 legem,
1043 576 1068 592 ut
1076 578 1119 600 ego,
1128 571 1163 592 ori
1170 579 1229 601 rogat
1238 572 1320 603 ‚poffim
1326 573 1412 596 edicere,
1426 573 1534 604 loquitur
1541 570 1606 599 enini
1615 579 1657 600 At-

883 602 1003 625 ticuscum
1011 602 1129 625 Cicerone
1138 618 1143 628 ,
1162 603 1257 625 uticum
1272 603 1402 634 magistratu
1416 604 1494 635 legem
1506 613 1611 637 rogante.
1630 609 1656 632 ὅς

884 633 1089 663 quemadmodum
1103 633 1127 656 in
1140 632 1239 657 eolibro
1248 633 1369 664 personam
1377 636 1462 659 Cicero
1476 636 1570 661 sustinet
1583 641 1659 670 magi-

885 664 962 688 stratus
969 665 1047 696 legem
1056 665 1172 697 rogantis:
1186 665 1252 696 quod
1260 667 1367 696 proxima
1380 667 1497 699 superiora
1504 668 1570 693 verba
1581 670 1658 695 decla-

885 703 948 720 rant:
962 698 988 720 Si
994 699 1098 728 quaeforte
1105 698 1160 727 leges
1167 696 1180 720 ὰ
1187 705 1221 720 me
1227 699 1287 721 hodic
1293 698 1424 729 rogabuntur
1432 717 1437 726 ,
1445 707 1493 731 qua
1499 703 1583 730 nonfint
1591 703 1612 725 in
1620 711 1657 725 no-

879 729 924 757 stra
932 728 1040 760 republica
1046 737 1081 751 nec
1086 730 1169 756 fuerint
1176 745 1181 754 ‚
1189 735 1262 752 tamen
1268 731 1383 759 eramfere
1389 732 1411 753 in
1418 739 1475 755 more
1481 733 1591 765 majanum
1598 751 1603 761 ,
1617 736 1658 765 qui

884 766 931 782 rum
939 767 965 782 ut
973 776 980 787 ,
989 763 1025 783 lex
1032 777 1037 787 ‚
1046 759 1136 783 valebat
1144 770 1150 782 :
1164 759 1193 783 (ic
1202 761 1290 784 Atticus
1297 761 1372 785 civem
1380 762 1426 792 agit
1434 763 1462 786 de
1469 763 1516 795 ipsa
1523 763 1657 797 suffragium

883 791 1006 815 ferentem.
1019 791 1260 823 quodindicatillud:
1272 795 1467 825 vtego,urirogas
1476 811 1482 821 ‚
1492 796 1658 826 paffimedicerc.

883 822 953 846 refert
959 824 1024 846 enim
1032 830 1126 846 morem
1135 824 1204 846 illum
1212 823 1347 847 tabellarum
1357 841 1363 851 ‚
1371 825 1458 856 quibus
1465 826 1598 851 sciscebatur
1605 829 1642 852 lex
1653 837 1659 851 :

882 862 933 886 qux
941 854 976 878 his
985 854 1071 878 duabus
1078 861 1140 878 erant
1148 855 1221 878 literis
1229 854 1325 886 signatat,
1333 858 1395 879 vde.
1403 856 1427 880 id
1434 856 1474 884 esi,
1481 859 1516 880 uti
1523 867 1580 889 rogas
1588 870 1595 882 .-
1603 867 1659 884 cum

882 894 914 913 ea,
941 886 1009 910 uibus
1016 887 1053 910 lex
1061 886 1214 913 rejiciebatur,
1225 887 1340 910 unalitera
1350 892 1377 914 Λ,
1385 887 1456 912 essent
1464 887 1589 920 inscriprae:
1605 899 1656 921 qux

882 919 929 942 vale
948 925 981 945 at,
989 920 1096 950 ,Antiqua
1104 935 1110 945 ,
1119 918 1164 942 hoc
1171 918 1202 942 est
1210 935 1216 945 ,
1227 918 1289 942 nihil
1296 919 1377 942 novari
1384 920 1440 943 volo
1449 936 1455 947 ‚
1463 921 1557 952 antiqua
1563 922 1640 953 probo
1649 940 1658 950 ‚

883 950 906 973 ὅ(
914 966 921 977 ,
932 956 958 973 ut
965 950 1071 981 explanat
1078 949 1154 974 Festus
1161 967 1167 977 ‚
1184 950 1209 974 in
1217 957 1310 974 morem
1318 950 1444 982 pristinum
1454 952 1559 977 reduco..
1569 956 1657 979 vereor

883 987 960 1006 autem
969 998 976 1010 ‚
988 980 1074 1011 (utare
1080 981 1196 1014 proposita
1203 983 1324 1014 paululum
1330 982 1458 1014 digrediar)
1466 991 1496 1008 ne
1503 983 1617 1010 mendum
1625 987 1658 1009 la-

882 1019 927 1037 teat
934 1014 959 1038 in
966 1012 1047 1041 verbo,
1053 1014 1140 1038 edicere.
1148 1014 1185 1038 eui
1193 1021 1307 1045 quantum
1314 1022 1342 1037 ex
1349 1015 1443 1045 antiqua
1451 1016 1532 1040 Latine
1539 1018 1657 1048 loquendi

883 1045 1052 1069 consuetudine
1058 1046 1181 1074 conjicere.
1190 1053 1213 1068 ac
1220 1045 1354 1070 meminisse
1360 1047 1488 1077 poslum‚in
1497 1047 1535 1072 hac
1544 1047 1656 1073 sententia

881 1078 947 1101 locus
956 1085 1004 1101 non
1013 1077 1052 1100 cst.
1067 1076 1106 1100 sed
1114 1077 1140 1100 ad
1149 1085 1207 1101 rem.
1226 1078 1328 1101 Privatus
1338 1078 1417 1108 legem
1425 1080 1535 1103 Cinciam
1549 1081 1578 1103 de
1585 1081 1655 1105 donis

882 1110 905 1133 δι
914 1108 1050 1133 muneribus
1059 1111 1088 1138 Q
1096 1108 1177 1132 Fabius
1185 1110 1302 1132 Maximus
1310 1108 1386 1133 suasit:
1404 1111 1533 1141 Ogulniam
1546 1112 1575 1135 de
1583 1111 1656 1136 sacer·

881 1140 954 1164 dotiis
961 1143 983 1164 P.
992 1141 1077 1164 Decius
1085 1144 1148 1164 lvlus:
1158 1142 1288 1164 Voconiam
1296 1141 1325 1165 de
1332 1141 1502 1166 hazteditatibus
1510 1145 1606 1167 M.Cato
1615 1146 1657 1169 ille

881 1172 1021 1196 Censorius:
1042 1173 1180 1196 Corneliam
1194 1171 1223 1195 de
1235 1173 1311 1197 reditu
1325 1174 1450 1197 Ciceronis
1462 1176 1506 1198 Cn.
1520 1176 1654 1208 Pompeius.

881 1207 930 1229 Nec
937 1212 1000 1231 vero,
1008 1204 1049 1236 qui
1056 1204 1138 1236 privati
1148 1205 1206 1228 item
1213 1204 1291 1237 legem
1297 1204 1447 1233 dissuaserint,
1455 1206 1559 1230 invenire
1566 1215 1614 1231 non
1623 1208 1656 1232 fa-

879 1237 925 1261 cile
936 1236 976 1261 est.
984 1237 1122 1266 exemplum
1130 1235 1243 1260 habemus
1255 1238 1281 1261 in
1289 1237 1396 1261 oratione
1403 1245 1446 1269 pro
1454 1238 1506 1269 lege
1513 1239 1665 1271 Manilia‚Q

879 1268 995 1292 Hortensii
1005 1285 1011 1295 ,
1018 1269 1043 1292 in
1050 1268 1113 1292 libro
1121 1268 1151 1292 de
1160 1269 1270 1295 amicitia,
1277 1270 1308 1292 C.
1317 1269 1395 1296 Laelii,
1409 1270 1433 1293 ὅ(
1440 1270 1542 1293 minoris
1550 1270 1653 1296 Africani

879 1300 1001 1324 Maniliam
1009 1300 1100 1330 legem,
1118 1300 1147 1324 de
1159 1300 1224 1323 bello
1237 1300 1399 1324 Mithridatico
1412 1301 1581 1333 CnaPotnpeio
1591 1309 1654 1327 extra

878 1332 988 1355 ordinem
996 1331 1137 1358 mandando,
1145 1330 1242 1355 dissirafit
1250 1331 1397 1355 Hortensius:
1408 1333 1519 1363 Papiriam
1530 1351 1535 1360 ,
1543 1334 1573 1358 de
1580 1333 1654 1358 tribu-

879 1364 915 1387 nis
923 1363 997 1394 plebis
1004 1363 1148 1389 reficiendis,
1157 1364 1240 1387 Lzlius
1247 1380 1254 1390 ,
1269 1364 1292 1386 ὃ(
1301 1362 1429 1388 Africanus.
1440 1371 1509 1396 atque
1516 1364 1571 1389 hanc
1580 1366 1653 1397 ipsam

878 1395 1080 1421 consuetudinem,
1089 1395 1202 1425 utprivati
1209 1395 1286 1426 legem
1294 1393 1426 1422 suaderent,
1440 1402 1477 1419 aut
1484 1395 1654 1425 dissuaderent,

879 1428 966 1451 indicat
974 1427 1054 1451 Livius
1067 1428 1185 1450 l.XLv.c.
1197 1435 1207 1450 2
1216 1435 1235 1450 1⁴
1249 1426 1286 1449 his
1293 1426 1379 1450 verbis:
1396 1429 1545 1450 lratradrtum
1553 1436 1613 1456 erat,
1626 1439 1653 1452 ne

877 1460 991 1491 quisprius
999 1459 1138 1480 intercederet
1146 1459 1425 1488 legi,quamprivati1firad
1437 1461 1471 1481 ndi
1477 1460 1654 1492 dissundendr'que

875 1491 1029 1520 potestaifatfia
1035 1491 1083 1520 esset
1091 1499 1098 1511 .·
1106 1497 1148 1520 quo
1155 1491 1233 1511 melius
1240 1496 1280 1511 aut
1287 1488 1394 1511 rammoda
1400 1491 1452 1519 legis
1459 1493 1601 1522 aperirentur,
1610 1499 1654 1515 aut

877 1523 943 1545 viria.
957 1522 1091 1552 quopersaepe
1103 1521 1188 1546 evenit,
1206 1526 1277 1542 uram
1286 1521 1316 1547 ii,
1329 1521 1580 1551 quiadrntercedendum
1588 1532 1653 1546 vene-

876 1553 1067 1582 rant‚defisterem:
1083 1552 1280 1574 amintam-ederent
1289 1567 1295 1578 ‚
1307 1553 1392 1583 quinon
1398 1554 1547 1584 profeffleffint
1556 1556 1652 1584 [itinn-r-

875 1584 970 1613 ceffimu.
985 1586 1015 1607 Et
1022 1582 1108 1607 eodem
1114 1582 1177 1606 libro
1187 1589 1220 1608 e.3
1227 1587 1247 1606 6.
1260 1585 1313 1607 Cum
1320 1585 1341 1606 in
1352 1585 1454 1613 Capitolio
1463 1586 1592 1615 rogationem
1600 1595 1650 1609 eam

877 1617 910 1641 Ti·
918 1616 1055 1647 Sempronius
1062 1617 1136 1645 ferret
1143 1631 1149 1640 ‚
1166 1612 1191 1637 ὺ-
1197 1616 1290 1643 privatis
1297 1616 1341 1644 lege
1348 1616 1431 1637 dicendi
1438 1616 1493 1638 locus
1501 1618 1550 1647 esset
1559 1633 1564 1642 ‚
1579 1619 1652 1641 netad

873 1647 1007 1675 suadendum
1016 1663 1021 1672 ,
1037 1653 1062 1668 ut
1069 1647 1091 1668 in
1099 1646 1215 1668 reminime
1226 1645 1306 1672 dubia,
1323 1646 1441 1677 quisquam
1449 1649 1569 1678 procederet
1579 1656 1584 1670 :
1601 1649 1648 1673 Ser.

876 1678 948 1710 §alba
954 1677 1139 1706 repenreproceffit.
1156 1679 1216 1700 Item
1223 1677 1309 1699 Cicero
1317 1677 1342 1699 in
1354 1678 1461 1700 oratione
1468 1685 1511 1708 pro
1519 1679 1548 1702 C.
1557 1680 1651 1704 Corne-

875 1712 910 1733 lio
918 1727 923 1736 ,
932 1709 996 1737 cujus
1002 1708 1087 1732 exstant
1096 1708 1199 1738 reliquie
1207 1707 1313 1738 quztdam
1322 1725 1327 1734 ,
1338 1715 1393 1731 cum
1402 1708 1498 1732 Asconii
1505 1716 1651 1735 commenta.

876 1741 916 1765 riis
925 1740 992 1764 editae
1000 1742 1109 1772 Fragm.1
1117 1748 1137 1766 5.
1151 1739 1185 1768 Est
1194 1756 1200 1766 ‚
1208 1740 1288 1770 inquit
1297 1740 1347 1771 ‚jus
1354 1741 1457 1767 vetandi,
1464 1742 1608 1773 dumprr‘vati
1617 1745 1650 1766 a'i-

876 1780 927 1796 cunt
936 1790 942 1799 ,
949 1773 1076 1804 dumfitella
1084 1772 1193 1801 defit-rur,
1200 1773 1252 1794 dum
1260 1773 1441 1802 equ.1nsursortes
1450 1788 1456 1798 ,
1463 1773 1515 1795 dum
1523 1774 1651 1804 fizrrilr'ofit,

877 1803 968 1835 Qibus
976 1805 1000 1828 in
1009 1805 1068 1827 locis
1074 1810 1128 1827 cum
1137 1803 1159 1826 δε
1168 1803 1246 1826 Livius
1254 1803 1277 1826 ἃ
1286 1803 1372 1826 Cicero
1384 1802 1412 1826 de
1420 1802 1475 1827 solis
1483 1804 1576 1833 privatis
1582 1813 1652 1830 meri-

876 1837 967 1860 tionem
975 1835 1078 1861 fecerint,
1087 1841 1221 1859 nontamen
1229 1842 1281 1857 eam
1289 1834 1423 1865 potestatem
1432 1834 1486 1859 solis
1493 1836 1588 1866 privatis
1594 1837 1652 1862 fuis-

877 1868 899 1892 se
907 1886 912 1895 ,
930 1867 1042 1891 debemus
1056 1866 1193 1891 existimare.
1209 1873 1297 1897 partem
1310 1866 1374 1889 enim
1391 1873 1494 1897 prototo
1507 1867 1649 1898 posuerunt,

875 1901 929 1930 quia
937 1900 1019 1931 privati
1026 1900 1049 1922 ἃ
1057 1899 1146 1929 sapius,
1153 1899 1176 1921 ἃ
1184 1898 1261 1928 plures
1268 1915 1274 1924 ,
1282 1905 1352 1928 quam
1360 1897 1514 1929 magistratus,
1523 1906 1559 1923 aut
1566 1908 1609 1932 pro
1616 1902 1650 1925 le-

876 1939 903 1959 ge
913 1948 918 1957 ‚
925 1937 1047 1954 autcontra
1054 1931 1132 1960 {egem
1141 1929 1217 1952 dicere
1224 1928 1333 1954 solerent.
1350 1929 1525 1960 Magistratuum
1532 1939 1604 1963 porro
1611 1933 1649 1958 vel

875 1959 1020 1986 suadentium
1029 1978 1035 1988 ,
1043 1962 1078 1984 vel
1087 1960 1268 1984 dissuadentium
1277 1961 1352 1991 legem
1360 1962 1466 1992 exempla
1473 1962 1584 1987 habemus
1591 1964 1648 1989 hctc.

879 1997 908 2017 M.
918 1994 1010 2017 Porcius
1016 1995 1075 2016 Cato
1083 1993 1124 2015 ille
1132 1993 1219 2019 maior,
1228 1991 1317 2015 Consul
1326 1994 1472 2023 rognionem
1481 1993 1510 2017 de
1517 1993 1646 2027 abroganda

874 2026 923 2055 lege
933 2026 1017 2056 Oppia,
1025 2026 1055 2048 C.
1064 2024 1154 2047 Laelius,
1162 2024 1202 2046 ille
1209 2022 1297 2054 sapiens
1303 2031 1386 2054 prator
1394 2025 1509 2049 Liciniam
1517 2027 1545 2049 de
1551 2034 1648 2059 coopta-

875 2058 940 2080 rione
947 2057 1092 2080 sacerdotum
1104 2055 1130 2079 ad
1138 2056 1254 2087 populum
1268 2055 1423 2079 transferenda
1438 2056 1595 2083 dissuaserunt.
1612 2061 1647 2083 le-

876 2096 929 2118 gem
938 2089 1059 2112 Maniliam
1067 2095 1150 2119 pretor
1157 2089 1244 2111 Cicero
1256 2087 1371 2110 luculenta
1385 2096 1434 2119 qux
1441 2088 1511 2112 exstat
1519 2107 1525 2116 ,
1539 2092 1648 2116 oratione

875 2120 949 2144 suasit:
968 2120 1077 2151 agrariam
1090 2119 1155 2143 Rulli
1168 2119 1195 2142 iis
1206 2135 1211 2145 ,
1224 2126 1275 2150 qux
1288 2119 1374 2142 exstant
1383 2137 1389 2146 ‚
1402 2121 1547 2144 orationibus
1555 2124 1646 2147 Consul

874 2153 937 2176 idem
945 2151 1052 2177 dissuasit.
1070 2154 1154 2174 Verum
1162 2150 1208 2174 hac
1217 2168 1222 2175 ,
1231 2158 1281 2181 qua:
1290 2152 1358 2180 paulo
1365 2151 1460 2182 longius
1469 2169 1475 2178 ‚
1490 2160 1514 2176 ut
1522 2154 1648 2179 illustriora

873 2185 961 2209 tierent,
969 2183 1132 2216 produximus,
1141 2183 1216 2213 paucis
1223 2182 1353 2206 admodum
1360 2183 1435 2206 verbis
1443 2183 1503 2207 libro
1511 2184 1646 2217 delegibus.

872 2219 910 2240 lll.
918 2223 966 2242 c.4.
973 2217 1057 2239 Cicero
1063 2213 1252 2245 comprehendit.
1269 2217 1328 2246 'Rem
1335 2216 1436 2245 populum
1445 2232 1452 2242 ‚
1460 2216 1546 2247 inquit,
1554 2219 1646 2245 docento,

872 2246 1266 2278 doseririmagistratibmprrvansque
1278 2247 1398 2276 patirmtor.
1410 2247 1434 2269 in
1443 2255 1491 2278 quo
1499 2247 1645 2278 significatur,

874 2278 976 2310 ut&ipli
984 2278 1126 2310 magistratus
1135 2294 1140 2304 ‚
1156 2278 1197 2308 qui
1205 2277 1283 2308 legem
1291 2277 1378 2304 ferent,
1392 2278 1503 2305 doceant,
1517 2280 1562 2302 hoc
1574 2280 1606 2303 est
1617 2280 1648 2303 de

874 2309 920 2341 ipsa
927 2311 978 2341 lege
985 2310 1070 2338 dicant,
1083 2311 1107 2333 &
1115 2309 1192 2333 dicere
1200 2309 1256 2332 alios
1265 2316 1361 2341 qnoque
1369 2316 1420 2333 tum
1429 2310 1570 2341 magistratus
1578 2328 1583 2337 2
1595 2318 1648 2336 tum

870 2342 1102 2376 pxivarospatiamur.
1117 2340 1178 2368 Infra
1185 2347 1240 2365 veto
1253 2348 1273 2363 c.
1286 2349 1293 2364 r
1302 2349 1324 2366 9.
1333 2349 1388 2367 cum
1396 2341 1468 2367 dixin
1480 2344 1650 2376 &promulga-

1201 2375 1306 2406 rrrpr
1581 2381 1647 2405 wne,
