2075 2734
421 106 476 143 533
708 98 1724 133 ANT1201TATUMROMANARUML18.V11.

1063 186 1088 214 C
1113 195 1129 214 Α
1156 196 1179 214 1⁷.
1225 186 1369 215 XLVII.

481 258 535 294 De
554 256 748 298 triumviris,
772 256 1002 303 quinqueviris,
1038 256 1232 304 eptemviris‚
1258 268 1296 289 ac
1312 255 1515 300 decemviris,
1539 257 1659 292 colonia
1673 257 1857 296 deducendae.
1888 266 1940 300 De

571 306 802 352 quinqueviris,
820 304 1032 353 septemviris,
1057 306 1272 351 vigintiviris,
1297 307 1381 351 agris
1396 304 1531 349 dandis,
1555 305 1769 343 attribuendis.
1802 311 1853 347 De

754 355 985 401 quinqueviris,
1010 354 1266 401 quindecimviris
1282 365 1424 401 agrorum
1446 354 1672 390 metendorum.

496 440 517 467 Ε
536 438 634 467 coloniis
647 460 655 472 ‚
675 449 766 468 earum
786 441 931 473 divifione,
952 441 1025 477 jure,
1049 443 1075 470 ὃς
1095 441 1255 469 deductione
1273 439 1342 468 libro
1359 438 1458 468 ultimo
1477 440 1621 469 dicendum
1641 442 1718 470 nobis
1737 444 1806 475 erit,
1827 445 1941 484 ideoque
1960 448 2001 478 hic

513 479 649 506 breviores
663 480 771 506 erimus.
813 479 946 514 Appianas
960 479 1027 507 libro
1040 481 1131 516 primo
1145 478 1277 506 bellorum
1293 478 1412 506 civilium
1425 478 1513 506 scribit
1527 500 1534 510 ‚
1553 490 1659 508 morem
1676 482 1807 510 Romanis
1822 483 1910 517 fuisse,
1930 496 2001 516 nunc

423 515 472 543 hos
486 537 494 548 ‚
521 526 592 544 nunc
613 516 672 545 illos
691 517 772 545 Italiae
789 518 901 555 populos
920 517 1086 554 subjugando
1104 524 1178 554 parte
1191 518 1247 554 agri
1262 516 1391 544 mulctare
1405 537 1412 547 ,
1440 517 1468 544 in
1481 526 1596 554 eumque
1609 518 1725 546 colonias
1738 521 1869 549 deducere
1882 532 1890 551 e
1917 526 2001 554 autin

420 554 479 590 jam
499 562 560 582 ante
579 556 686 583 condita
704 556 801 593 oppida
819 566 903 583 novos
924 555 1034 583 colonos
1053 555 1089 582 sui
1109 555 1213 592 generis
1224 555 1377 582 adscribere.
1417 557 1465 582 Hae
1474 555 1567 582 coloniae
1580 564 1707 594 tanquam
1721 559 1836 594 praefidia
1850 562 1930 596 partis
1947 562 2003 591 bel-

421 591 451 619 lo
474 593 617 628 provinciis
641 594 865 630 imponebantur:
892 594 920 621 in
946 593 1040 631 quibus
1065 600 1194 630 quantum
1214 600 1270 620 erat
1290 592 1354 620 culti
1371 592 1427 630 agri
1444 591 1531 619 colonis
1549 594 1714 623 dividebatur
1726 616 1735 628 ,
1760 605 1805 624 aut
1824 599 2000 634 vendebatur,

424 629 628 658 elocabaturve:
657 633 728 668 quod
754 641 820 659 vero
846 632 978 659 incultum
1003 632 1136 668 supererat
1149 651 1157 661 .
1182 638 1211 659 ut
1231 631 1287 659 fere
1305 630 1405 658 bellum
1425 629 1498 667 sequi
1518 630 1583 659 solet
1603 633 1705 660 vastitas
1719 654 1726 665 ,
1753 636 1813 671 quia
1833 635 1878 663 sub
1899 637 1999 667 sortem

422 668 531 696 mittere
551 678 605 696 non
625 670 732 697 vacabat
745 690 752 701 ,
779 678 827 706 per
845 679 998 707 praeconem
1018 671 1135 698 invitatis
1153 669 1316 706 assignabant
1328 690 1337 700 ,
1363 667 1561 706 quibuscunque
1579 667 1672 698 liberet
1690 671 1778 698 colere
1790 693 1799 704 ,
1824 683 1933 711 excepta
1952 677 1999 704 sibi

421 706 514 734 tributi
532 708 644 735 nomine
663 709 691 735 in
710 708 823 745 fingulos
841 717 924 736 annos
943 718 975 736 ex
994 708 1103 735 arbustis
1121 715 1267 744 proventus
1287 715 1361 744 parte
1379 707 1471 744 quinta
1483 727 1491 738 ,
1516 707 1623 745 frugum
1646 717 1709 735 vero
1728 710 1840 738 decima.
1880 714 1952 748 Quin
1973 717 2002 743 &

420 744 546 782 gregibus
565 746 677 783 vefflgal
697 746 829 774 indietum
849 754 904 775 erat
916 767 923 779 ‚
949 754 1005 775 tam
1026 747 1138 774 minoris
1150 767 1158 778 ‚
1184 755 1265 783 quam
1286 746 1397 780 majoris
1416 746 1520 781 pecoris
1536 756 1540 772 :
1568 747 1604 774 ita
1622 745 1829 782 prospiciebatur
1848 748 2001 786 frequentiae

420 784 526 819 generis
550 783 659 816 Italici,
685 785 758 821 quod
783 784 879 812 laboris
899 785 1118 821 patientiffimum
1137 785 1174 812 est
1191 784 1313 811 habitum
1328 804 1334 815 ‚
1362 792 1396 810 ne
1413 791 1533 811 carerent
1553 784 1651 812 auxiliis
1670 785 1829 814 domesticis.
1867 788 2002 817 Hactenus

420 819 562 854 Appianas.
604 823 643 850 Ex
663 821 757 859 quibus
777 821 924 859 intelligere
944 823 1006 850 licet
1020 843 1028 854 ‚
1054 832 1105 860 qua
1125 822 1265 852 occasione
1279 821 1370 848 coloniae
1390 821 1486 848 fuerint
1505 822 1600 850 deduci
1621 830 1723 859 coeptae.
1764 824 1836 852 Cum
1857 825 1938 861 igitur
1957 833 2002 855 aut

420 857 481 895 lege
501 859 587 896 aliqua
605 859 619 887 ἐι
639 859 714 896 plebe
734 859 829 888 scitum
842 882 850 892 ‚
878 867 923 889 aut
942 859 1165 889 senatusconsulto
1185 861 1324 888 decretum
1346 859 1409 887 effer
1422 880 1431 891 ‚
1456 859 1576 886 coloniam
1595 860 1711 898 aliquam
1729 861 1838 894 deduci,
1861 865 1887 891 ὃς
1907 873 2002 892 nume-

419 905 464 923 rus
483 897 642 925 colonorum
662 897 773 934 scriptus
794 898 857 927 effet
869 919 876 930 ‚
907 898 1062 927 creabantur
1079 897 1186 926 comitiis
1205 897 1307 925 tributis
1320 918 1327 929 ‚
1353 903 1382 925 ut
1402 896 1469 925 libro
1489 897 1622 933 superiore
1639 899 1803 927 ostendimus
1815 920 1823 931 ‚
1850 901 1935 928 modo
1954 911 2003 939 per

419 934 552 968 Consulem
566 957 572 967 ‚
601 937 686 963 modo
712 946 759 973 per
785 944 916 970 pratorem
940 936 1071 964 urbanum
1090 944 1213 963 curatores
1226 957 1233 968 ,
1270 937 1317 973 qui
1341 934 1462 962 coloniam
1488 935 1638 963 deducerent
1652 957 1659 968 ‚
1694 937 1830 965 interdum
1855 946 1926 968 tres,
1960 941 2000 968 in-

419 972 529 999 terdum
547 972 661 1012 quinque
676 995 684 1006 ‚
707 976 802 1008 ftprem
817 995 826 1006 ,
857 974 939 1001 decem
954 995 961 1006 ,
988 972 1081 1011 viginti
1100 974 1181 1002 etiam
1197 995 1204 1005 ‚
1232 974 1278 1010 qui
1304 974 1366 1001 inde
1385 972 1539 1004 triumviri,
1566 974 1607 1001 vel
1626 972 1809 1013 quinqueviri,
1835 976 1878 1004 vel
1890 977 1999 1011 ftptem.

419 1008 493 1038 viri.
520 1013 562 1039 vel
586 1011 741 1044 decemviri,
768 1011 810 1039 vel
836 1010 981 1049 vigintivirt'
1007 1011 1099 1039 colonia
1124 1012 1290 1043 deducenda,
1315 1019 1359 1040 aut
1384 1012 1452 1048 agris
1472 1012 1584 1043 dandis,
1613 1012 1818 1041 attribuendil‘ve
1837 1014 2001 1052 appellaban-

421 1052 475 1076 tur.
514 1051 551 1076 Hi
569 1051 627 1085 post
647 1060 727 1087 quani
749 1051 830 1077 creati
850 1057 942 1081 erant,
962 1049 1066 1082 colonos,
1086 1051 1132 1086 qui
1153 1050 1194 1077 vel
1214 1049 1257 1078 sua
1275 1049 1369 1085 sponte
1388 1050 1499 1076 nomina
1512 1050 1653 1082 dederant,
1674 1052 1715 1079 vel
1731 1051 1801 1079 sorte
1819 1054 1953 1086 exierant,
1973 1054 2001 1081 in

420 1094 498 1122 agros
522 1087 581 1124 lege
602 1089 727 1116 definitos
741 1109 748 1119 ‚
776 1096 855 1124 :itque
875 1089 902 1114 in
920 1087 1039 1115 colomam
1058 1087 1104 1115 sub
1125 1088 1223 1117 vexillo
1236 1107 1242 1119 ,
1269 1087 1339 1124 quali
1360 1088 1507 1115 exercitum
1528 1087 1644 1124 aliquem
1664 1089 1835 1117 deducebant.
1878 1092 1939 1119 Dux
1958 1101 2003 1119 au-

418 1129 477 1151 tem
498 1125 664 1154 deductionis
684 1126 774 1163 aliquis
795 1124 809 1152 ἐ
828 1124 982 1153 curatoribus
1001 1125 1109 1163 agrariis
1127 1134 1191 1154 erat.
1231 1125 1358 1160 Appianas
1371 1146 1377 1156 ‚
1408 1125 1556 1152 Plutarchus
1569 1147 1577 1157 ,
1603 1127 1694 1156 Cicero.
1732 1129 1810 1163 Signa
1832 1128 2001 1161 cohortium,

418 1160 446 1189 in
466 1164 578 1200 antiquis
598 1166 737 1196 nummis,
763 1163 858 1200 quibus
883 1163 975 1190 colom'ae
994 1163 1102 1200 alicujus
1122 1163 1248 1192 deductio
1267 1163 1426 1200 significatur
1438 1184 1445 1195 ,
1474 1163 1596 1199 impressa
1613 1163 1699 1191 adhue
1717 1165 1799 1193 etiam
1818 1176 1926 1194 cernere
1944 1166 2004 1203 pos-

419 1199 520 1228 sumus.
561 1202 613 1229 Ubi
634 1212 698 1230 vero
718 1201 828 1230 colonos
849 1203 876 1229 in
895 1202 978 1239 agris,
999 1211 1053 1239 quo
1072 1202 1221 1229 deducendi
1240 1210 1329 1232 erant,
1350 1201 1525 1232 collocaram,
1545 1209 1605 1230 tum
1625 1209 1711 1229 aratro
1728 1203 1839 1235 urbem,
1861 1206 1887 1232 ὃς
1908 1213 2003 1242 agrum

411 1238 674 1268 *circumscribebant
688 1261 696 1272 ‚
723 1239 830 1268 testibus
849 1243 956 1266 Varrone
971 1260 978 1271 ,
1003 1238 1134 1278 Diorajfio,
1162 1239 1311 1271 Plutarcho,
1339 1241 1366 1268 δε
1386 1242 1516 1271 Cicerone,
1545 1249 1575 1266 ac
1594 1239 1667 1267 aliis:
1693 1242 1813 1268 nummis
1832 1243 1914 1269 etiam
1934 1243 2002 1271 anti-

419 1276 477 1312 quis
489 1297 495 1307 .
524 1277 551 1304 in
571 1278 665 1314 quibus
683 1285 771 1305 aratro
790 1278 917 1306 deductio
935 1277 1028 1305 colonia
1047 1278 1278 1305 demonstrabatur
1292 1298 1299 1309 ‚
1325 1276 1407 1314 qualis
1425 1276 1454 1304 in
1473 1276 1567 1315 Fastis,
1589 1277 1662 1315 Julio
1675 1298 1681 1308 ‚
1710 1280 1737 1306 &
1757 1279 1875 1316 Augusto
1894 1278 2004 1307 Huberti

418 1313 521 1342 Goltaii
547 1315 625 1344 multi
645 1324 809 1348 cernuntur,
835 1318 862 1343 in
882 1316 975 1353 quibus
995 1317 1076 1344 etiarn
1095 1316 1142 1348 hi,
1168 1325 1284 1353 quorum
1298 1324 1397 1350 prtmus
1415 1316 1582 1353 repraelentat
1602 1316 1677 1343 nobis
1696 1316 1821 1345 vexillum
1837 1337 1844 1348 ‚
1867 1318 2001 1354 aquilam,

419 1352 447 1379 ὃς
466 1351 571 1389 fignum
592 1354 710 1382 cohortis
724 1374 731 1385 ‚
751 1355 875 1388 ficundus
894 1355 961 1382 item
982 1353 1110 1382 vexillum
1123 1375 1130 1385 ‚
1156 1354 1271 1390 aquilam
1286 1374 1294 1386 ,
1322 1361 1439 1381 aratrum
1454 1373 1462 1383 ,
1488 1355 1697 1390 decempedam,
1723 1354 1776 1382 five
1794 1356 1926 1391 perticam
1946 1356 2002 1392 agri

420 1390 584 1419 memoriam
596 1413 602 1423 ‚
623 1391 716 1419 tertius
736 1391 900 1419 sacerdotem
920 1398 1045 1428 agentem
1067 1392 1163 1429 jugum
1183 1392 1265 1419 bourn
1281 1413 1289 1424 ,
1318 1394 1344 1420 δε
1364 1391 1465 1419 sulcum
1485 1400 1572 1420 aratro
1592 1392 1750 1426 ducentem,
1769 1393 1848 1424 urbe,
1868 1402 1999 1431 agroque,

421 1430 564 1463 quomodo
588 1430 662 1461 dixi,
688 1429 909 1465 circumscripto:
936 1437 996 1457 tum
1021 1438 1086 1456 vero
1109 1431 1166 1467 agri
1186 1429 1342 1456 divisionem
1357 1450 1363 1460 ‚
1390 1439 1421 1456 ac
1439 1429 1489 1457 suae
1508 1432 1603 1467 cuique
1621 1431 1702 1466 partis
1721 1431 1921 1468 affignationem
1940 1431 2001 1459 sunt

417 1467 544 1502 aggressi,
565 1468 635 1495 unde
654 1476 730 1503 agros
750 1467 916 1495 c030niarum
936 1466 1048 1499 divisos,
1068 1469 1094 1495 &
1113 1468 1254 1504 assignatos
1274 1468 1327 1494 dici
1347 1468 1450 1494 notavit
1471 1468 1614 1494 Frontinus.
1656 1468 1738 1503 Qod
1758 1478 1854 1495 munus
1875 1468 2000 1496 difficilli-

418 1510 498 1529 mum
512 1524 519 1534 ,
547 1514 579 1531 ac
606 1504 731 1531 molestiae
756 1505 822 1540 sxpe
841 1505 1024 1540 plenissimum
1044 1505 1148 1532 videtur
1168 1505 1261 1535 fuisse,
1289 1511 1401 1540 propter
1427 1505 1519 1531 odium
1546 1505 1708 1531 colonorum
1728 1506 1755 1531 in
1775 1506 1846 1542 quod
1867 1505 1904 1532 illi
1924 1505 1999 1533 facile

418 1546 542 1578 poterant
565 1541 744 1579 assignationis
769 1543 824 1577 ejus
844 1542 918 1569 causa
937 1543 1080 1570 incurrere.
1121 1543 1210 1579 Atque
1232 1541 1288 1569 haec
1306 1542 1398 1569 omnia
1418 1541 1514 1569 fiebant
1533 1541 1666 1577 auspicato
1682 1551 1686 1567 :
1713 1551 1764 1579 qua
1784 1543 1818 1570 de
1837 1545 1910 1570 caula
1929 1552 2000 1570 cura-

418 1577 512 1651 tohii'aus
529 1579 577 1607 illis
591 1578 716 1613 pullarius
734 1579 856 1611 dabatur,
878 1580 922 1616 qui
943 1589 1006 1607 cum
1026 1580 1086 1616 ipsis
1104 1578 1324 1618 proficisceretur.
1365 1580 1485 1607 Tantum
1505 1580 1539 1607 de
1559 1579 1618 1607 illis.
1660 1581 1810 1615 Sequuntur
1825 1578 1931 1617 ministri
1944 1590 1999 1607 ma-

411 1626 442 1654 gr
464 1625 568 1644 ratitum
587 1619 789 1648 Romanorum.

1043 1695 1068 1721 C
1096 1704 1111 1721 A
1140 1706 1162 1722 ι».
1209 1694 1373 1722 XLVIII.

555 1766 606 1798 De
614 1762 745 1810 scribis,
769 1762 1014 1812 apparitoribus,
1039 1764 1185 1810 accensis,
1212 1762 1442 1811 interpretibus,
1463 1761 1662 1811 prat-onibus,
1689 1762 1861 1807 littoribus,

963 1812 1132 1847 viatoribus
1150 1837 1161 1854 ,
1188 1819 1234 1847 (θ’
1257 1810 1459 1857 carnificibus.

420 1900 480 1962 A
498 1900 701 1938 magistratuum
716 1898 893 1935 explicatione
907 1898 939 1926 ad
953 1897 1076 1932 ministros
1088 1898 1266 1928 transibimus.
1293 1899 1410 1926 Fuerunt
1423 1904 1512 1926 autem
1526 1895 1631 1934 ministri
1642 1895 1938 1934 magistratuumfiribae,
1953 1908 1996 1934 ap-

495 1940 632 1972 paritores,
652 1936 755 1976 accerfi,
775 1936 936 1971 interpretes,
952 1945 1086 1970 precones,
1101 1937 1211 1968 lifinres,
1233 1936 1354 1968 viatores,
1372 1946 1439 1963 carm
1454 1935 1504 1963 'cen

459 1977 567 2008 Scribae,
588 1977 628 2004 uti
649 1975 733 2011 Festus
751 1976 844 2008 docet,
865 1975 970 2003 fuerunt
989 1974 1105 2008 librarii,
1125 1976 1170 2012 qui
1188 1975 1303 2002 rationes
1324 1973 1439 2010 publicas
1459 1972 1604 2002 scribebant
1624 1973 1651 2000 in
1670 1971 1772 2002 tabulis.
1812 1976 1997 2011 Apparuerunt

421 2021 509 2042 autem
530 2015 635 2051 lingulis
654 2012 848 2052 magistratibus
868 2023 900 2041 eo
921 2014 1032 2041 nomine
1046 2035 1055 2045 ,
1079 2020 1108 2042 ut
1126 2013 1240 2041 rationes
1260 2012 1374 2049 publicas
1394 2014 1420 2040 in
1439 2011 1538 2041 tabulas
1556 2011 1687 2039 referrent
1700 2032 1709 2042 ‚
1730 2015 1754 2040 ὃ(
1776 2012 1846 2050 leges
1861 2034 1867 2043 ,
1887 2013 1996 2050 actaque

424 2054 515 2080 omnia
540 2052 732 2090 perscriberent
747 2063 755 2079 ε
780 2052 850 2079 unde
874 2052 941 2080 dixit
967 2056 1049 2079 Cicero
1067 2053 1094 2080 in
1114 2062 1139 2087 5.
1160 2053 1272 2079 Verrina
1285 2073 1292 2083 ‚
1311 2050 1453 2085 firibarum
1470 2050 1581 2077 ordinem
1601 2050 1651 2078 effe
1670 2049 1810 2078 honestum
1823 2071 1831 2083 ‚
1860 2051 1930 2087 quod
1951 2061 1995 2079 eo-

422 2098 484 2115 rum
511 2090 653 2119 hominum
681 2090 743 2118 fidei
767 2089 861 2118 tabulae
881 2089 989 2125 publicae
1003 2111 1010 2122 ,
1037 2089 1204 2126 periculaque
1224 2090 1425 2126 magistratuum
1444 2090 1659 2116 committantur,
1698 2092 1773 2125 Leges
1792 2089 1996 2126 quodammodo

424 2126 452 2152 in
472 2127 591 2155 manibus
604 2128 695 2162 firtbas
714 2126 830 2155 habuisse
843 2148 851 2159 ,
873 2130 899 2156 &
919 2127 1113 2165 magistratibus
1131 2128 1173 2163 jus
1192 2126 1355 2164 suggessisse,
1375 2127 1488 2154 ostendit
1507 2128 1594 2157 idern,
1615 2136 1677 2153 cum
1698 2126 1725 2153 in
1746 2129 1827 2154 tertio
1846 2128 1880 2154 de
1900 2125 1993 2163 Legib.

424 2171 547 2192 extremo
571 2165 678 2193 scribit:
706 2165 901 2194 Animadverto
925 2165 1043 2203 quosque
1066 2166 1093 2193 in
1118 2163 1312 2202 magistratibus
1331 2166 1498 2202 ignoratione
1517 2165 1583 2200 juris
1602 2163 1638 2191 sui
1658 2171 1762 2192 tantum
1782 2165 1887 2202 sapere,
1914 2172 1995 2200 quan-

424 2208 485 2230 tum
508 2211 654 2236 apparitores
681 2204 780 2231 velint.
809 2205 882 2241 quod
909 2203 995 2239 ipsum
1015 2205 1049 2232 de
1065 2203 1153 2238 ftrilm
1171 2202 1222 2230 effe
1241 2202 1342 2231 dictum
1362 2203 1440 2231 docet
1462 2202 1633 2235 Plutarchus,
1658 2201 1703 2229 ubi
1720 2201 1861 2236 Jcribarum
1878 2210 1996 2237 arrogan-

423 2246 489 2267 tiam
508 2242 521 2267 a
542 2242 580 2266 M.
602 2244 703 2268 (aatone
723 2242 826 2269 minore
846 2241 974 2274 fra6tam‚
994 2252 1024 2270 ac
1043 2241 1186 2278 repressam
1207 2241 1259 2268 esse
1277 2247 1378 2271 narrat,
1400 2241 1426 2267 in
1446 2240 1501 2267 haee
1522 2239 1612 2268 verba:
1636 2244 1699 2266 Cato
1713 2250 1776 2268 cum
1789 2241 1942 2277 quaesturam
1956 2239 1995 2265 in-

424 2278 503 2309 isset,
530 2275 652 2313 ministros
664 2298 670 2308 ‚
692 2278 732 2309 ῥεῖ’
743 2279 835 2312 JCrtbas
856 2285 959 2307 coercuit
974 2301 981 2313 ,
1009 2281 1054 2317 qui
1076 2278 1192 2316 publicas
1211 2277 1329 2308 tabulas,
1350 2278 1472 2315 legelque
1491 2279 1633 2306 tractantes
1645 2299 1652 2309 ‚
1672 2288 1735 2305 cum
1755 2276 1929 2306 adolescentes
1948 2286 1994 2304 na·

422 2316 458 2343 Cti
477 2314 557 2343 client
569 2335 578 2346 ,
598 2313 691 2350 quibus
713 2315 904 2351 magistratibus
923 2327 1101 2354 apparerent,
1122 2318 1194 2354 quod
1213 2317 1231 2343 ii
1250 2322 1360 2353 propter
1380 2316 1546 2357 inscientiam
1566 2316 1697 2353 magistris
1716 2314 1824 2352 egerent
1836 2333 1844 2344 ‚
1865 2315 1996 2349 potestate

422 2362 477 2385 non
496 2351 646 2386 cedebant,
666 2351 710 2381 sed
730 2352 776 2389 ipii
797 2361 869 2383 erant
890 2356 1064 2392 magistratus.
1103 2356 1156 2384 Eos
1176 2364 1241 2384 vero
1260 2355 1329 2382 Cato
1347 2362 1518 2389 apparitorum
1535 2353 1597 2384 loco,
1615 2361 1645 2382 ut
1664 2361 1753 2384 erant,
1771 2350 1910 2384 traCtavi't,
1930 2361 1993 2416 clurn

1930 2398 1944 2417 a
1955 2398 1995 2417 ios
