<?xml version="1.0" encoding="UTF-8"?>
<!DOCTYPE html PUBLIC "-//W3C//DTD XHTML 1.0 Transitional//EN"
    "http://www.w3.org/TR/xhtml1/DTD/xhtml1-transitional.dtd">
<html xmlns="http://www.w3.org/1999/xhtml" xml:lang="en" lang="en">
 <head>
  <title>
</title>
<meta http-equiv="Content-Type" content="text/html;charset=utf-8" />
  <meta name='ocr-system' content='tesseract 3.04.00' />
  <meta name='ocr-capabilities' content='ocr_page ocr_carea ocr_par ocr_line ocrx_word'/>
</head>
<body>
  <div class='ocr_page' id='page_1' title='image "./johannisrosinian00rosi/johannisrosinian00rosi_0315.png"; bbox 0 0 2075 2734; ppageno 0'>
   <div class='ocr_carea' id='block_1_1' title="bbox 0 134 11 451">
    <p class='ocr_par' dir='ltr' id='par_1_1' title="bbox 0 134 11 451">
     <span class='ocr_line' id='line_1_1' title="bbox 0 134 11 451; textangle 90"><span class='ocrx_word' id='word_1_1' title='bbox 5 415 9 451; x_wconf 40' lang='grc' dir='ltr'>-.γ</span> <span class='ocrx_word' id='word_1_2' title='bbox 0 365 9 370; x_wconf 81' lang='grc'>;</span> <span class='ocrx_word' id='word_1_3' title='bbox 0 284 11 354; x_wconf 31' lang='lat' dir='ltr'>&lt;cerv</span> <span class='ocrx_word' id='word_1_4' title='bbox 7 134 11 275; x_wconf 25' lang='grc' dir='ltr'>ᾼὴἡὴ,ἡ</span> 
     </span>
    </p>
   </div>
   <div class='ocr_carea' id='block_1_2' title="bbox 0 527 8 840">
    <p class='ocr_par' dir='ltr' id='par_1_2' title="bbox 0 527 8 840">
     <span class='ocr_line' id='line_1_2' title="bbox 0 527 8 840; textangle 90"><span class='ocrx_word' id='word_1_5' title='bbox 2 820 6 840; x_wconf 62' lang='lat'>„..</span> <span class='ocrx_word' id='word_1_6' title='bbox 3 787 7 801; x_wconf 63' lang='lat'>0—</span> <span class='ocrx_word' id='word_1_7' title='bbox 0 737 5 774; x_wconf 33' lang='lat'>2*</span> <span class='ocrx_word' id='word_1_8' title='bbox 3 696 7 731; x_wconf 45' lang='lat' dir='ltr'>&lt;m</span> <span class='ocrx_word' id='word_1_9' title='bbox 0 527 8 688; x_wconf 37' lang='lat' dir='ltr'>—Ju-ss-AW</span> 
     </span>
    </p>
   </div>
   <div class='ocr_carea' id='block_1_3' title="bbox 110 115 1699 1310">
    <p class='ocr_par' dir='ltr' id='par_1_3' title="bbox 118 115 1699 241">
     <span class='ocr_line' id='line_1_3' title="bbox 397 115 1699 164; baseline -0.002 -17"><span class='ocrx_word' id='word_1_10' title='bbox 397 119 448 147; x_wconf 80' lang='lat' dir='ltr'>DE</span> <span class='ocrx_word' id='word_1_11' title='bbox 469 119 596 147; x_wconf 63' lang='lat' dir='ltr'>Mense</span> <span class='ocrx_word' id='word_1_12' title='bbox 614 120 744 157; x_wconf 65' lang='lat' dir='ltr'>jurio,</span> <span class='ocrx_word' id='word_1_13' title='bbox 765 124 806 143; x_wconf 70' lang='grc' dir='ltr'>ΕΤ</span> <span class='ocrx_word' id='word_1_14' title='bbox 825 115 963 144; x_wconf 68' lang='grc' dir='ltr'>ὓιεΒυε</span> <span class='ocrx_word' id='word_1_15' title='bbox 982 124 1018 145; x_wconf 74' lang='grc' dir='ltr'>ΙΝ</span> <span class='ocrx_word' id='word_1_16' title='bbox 1039 127 1078 146; x_wconf 17' lang='lat' dir='ltr'>sto</span> <span class='ocrx_word' id='word_1_17' title='bbox 1099 119 1251 148; x_wconf 42' lang='lat' dir='ltr'>Pisi-iss</span> <span class='ocrx_word' id='word_1_18' title='bbox 1278 122 1358 150; x_wconf 65' lang='lat' dir='ltr'>CAp,</span> <span class='ocrx_word' id='word_1_19' title='bbox 1384 131 1438 151; x_wconf 59' lang='lat'>11.»</span> <span class='ocrx_word' id='word_1_20' title='bbox 1644 129 1699 164; x_wconf 81' lang='lat'>285</span> 
     </span>
     <span class='ocr_line' id='line_1_4' title="bbox 148 165 1696 212; baseline 0.004 -20"><span class='ocrx_word' id='word_1_21' title='bbox 148 171 267 200; x_wconf 65' lang='lat' dir='ltr'>Eodem</span> <span class='ocrx_word' id='word_1_22' title='bbox 282 170 326 199; x_wconf 87' lang='lat' dir='ltr'>die</span> <span class='ocrx_word' id='word_1_23' title='bbox 339 170 405 198; x_wconf 79' lang='lat' dir='ltr'>aedes</span> <span class='ocrx_word' id='word_1_24' title='bbox 418 173 530 196; x_wconf 70' lang='lat' dir='ltr'>Fortuna</span> <span class='ocrx_word' id='word_1_25' title='bbox 543 165 673 195; x_wconf 68' lang='lat' dir='ltr'>Muliebris</span> <span class='ocrx_word' id='word_1_26' title='bbox 692 165 813 193; x_wconf 87' lang='lat' dir='ltr'>dedicata</span> <span class='ocrx_word' id='word_1_27' title='bbox 828 165 880 198; x_wconf 84' lang='lat' dir='ltr'>est,</span> <span class='ocrx_word' id='word_1_28' title='bbox 901 165 934 193; x_wconf 91' lang='lat' dir='ltr'>de</span> <span class='ocrx_word' id='word_1_29' title='bbox 947 174 997 202; x_wconf 88' lang='lat' dir='ltr'>qua</span> <span class='ocrx_word' id='word_1_30' title='bbox 1010 174 1107 204; x_wconf 84' lang='lat' dir='ltr'>praeter</span> <span class='ocrx_word' id='word_1_31' title='bbox 1123 168 1187 197; x_wconf 81' lang='lat' dir='ltr'>alios</span> <span class='ocrx_word' id='word_1_32' title='bbox 1202 170 1348 208; x_wconf 83' lang='lat' dir='ltr'><strong>Scriptores</strong></span> <span class='ocrx_word' id='word_1_33' title='bbox 1369 172 1430 199; x_wconf 87' lang='lat' dir='ltr'>vide</span> <span class='ocrx_word' id='word_1_34' title='bbox 1451 181 1475 199; x_wconf 90' lang='lat'>2.</span> <span class='ocrx_word' id='word_1_35' title='bbox 1495 172 1696 212; x_wconf 74' lang='lat' dir='ltr'>Antiquitatum</span> 
     </span>
     <span class='ocr_line' id='line_1_5' title="bbox 118 209 228 241; baseline -0.027 0"><span class='ocrx_word' id='word_1_36' title='bbox 118 209 228 241; x_wconf 79' lang='lat' dir='ltr'>libi-iim.</span> 
     </span>
    </p>

    <p class='ocr_par' dir='ltr' id='par_1_4' title="bbox 110 241 1697 1310">
     <span class='ocr_line' id='line_1_6' title="bbox 165 241 1697 285; baseline 0.001 -9"><span class='ocrx_word' id='word_1_37' title='bbox 165 247 274 276; x_wconf 79' lang='lat' dir='ltr'>Eidibus</span> <span class='ocrx_word' id='word_1_38' title='bbox 287 245 444 285; x_wconf 66' lang='lat' dir='ltr'>Quintilibus</span> <span class='ocrx_word' id='word_1_39' title='bbox 458 244 616 274; x_wconf 67' lang='lat' dir='ltr'>transtefflo</span> <span class='ocrx_word' id='word_1_40' title='bbox 632 248 687 270; x_wconf 87' lang='lat' dir='ltr'>erat</span> <span class='ocrx_word' id='word_1_41' title='bbox 701 242 830 278; x_wconf 89' lang='lat' dir='ltr'>Equitum</span> <span class='ocrx_word' id='word_1_42' title='bbox 844 243 927 269; x_wconf 88' lang='lat' dir='ltr'>Rom.</span> <span class='ocrx_word' id='word_1_43' title='bbox 942 241 973 269; x_wconf 83' lang='lat' dir='ltr'>ab</span> <span class='ocrx_word' id='word_1_44' title='bbox 987 242 1042 270; x_wconf 83' lang='lat' dir='ltr'>aede</span> <span class='ocrx_word' id='word_1_45' title='bbox 1055 245 1173 272; x_wconf 83' lang='lat' dir='ltr'>Honoris</span> <span class='ocrx_word' id='word_1_46' title='bbox 1187 245 1215 272; x_wconf 86' lang='lat' dir='ltr'>in</span> <span class='ocrx_word' id='word_1_47' title='bbox 1229 246 1391 283; x_wconf 80' lang='lat' dir='ltr'>Capitolium</span> <span class='ocrx_word' id='word_1_48' title='bbox 1401 268 1409 280; x_wconf 96' lang='lat'><em>‚</em></span> <span class='ocrx_word' id='word_1_49' title='bbox 1430 248 1464 275; x_wconf 90' lang='lat' dir='ltr'>de</span> <span class='ocrx_word' id='word_1_50' title='bbox 1478 257 1528 285; x_wconf 89' lang='lat' dir='ltr'>qua</span> <span class='ocrx_word' id='word_1_51' title='bbox 1540 249 1594 276; x_wconf 84' lang='lat' dir='ltr'>Val.</span> <span class='ocrx_word' id='word_1_52' title='bbox 1605 250 1697 278; x_wconf 76' lang='lat' dir='ltr'>Maxi-</span> 
     </span>
     <span class='ocr_line' id='line_1_7' title="bbox 126 279 1696 325; baseline 0.001 -11"><span class='ocrx_word' id='word_1_53' title='bbox 126 296 191 315; x_wconf 79' lang='lat' dir='ltr'>mus.</span> <span class='ocrx_word' id='word_1_54' title='bbox 229 286 319 314; x_wconf 63' lang='lat' dir='ltr'>Livius</span> <span class='ocrx_word' id='word_1_55' title='bbox 338 286 382 313; x_wconf 78' lang='lat' dir='ltr'>lib.</span> <span class='ocrx_word' id='word_1_56' title='bbox 400 296 427 321; x_wconf 85' lang='lat'>9-</span> <span class='ocrx_word' id='word_1_57' title='bbox 447 291 579 312; x_wconf 83' lang='lat' dir='ltr'>extremo.</span> <span class='ocrx_word' id='word_1_58' title='bbox 618 281 660 308; x_wconf 87' lang='lat' dir='ltr'>Ab</span> <span class='ocrx_word' id='word_1_59' title='bbox 674 280 772 307; x_wconf 89' lang='lat' dir='ltr'>eodem</span> <span class='ocrx_word' id='word_1_60' title='bbox 793 279 955 317; x_wconf 63' lang='lat' dir='ltr'><em>(QFabto)</em></span> <span class='ocrx_word' id='word_1_61' title='bbox 970 280 1125 322; x_wconf 26' lang='lat' dir='ltr'>*institutum</span> <span class='ocrx_word' id='word_1_62' title='bbox 1146 284 1242 310; x_wconf 85' lang='lat' dir='ltr'>dicitur</span> <span class='ocrx_word' id='word_1_63' title='bbox 1258 305 1265 315; x_wconf 92' lang='lat'><em>‚</em></span> <span class='ocrx_word' id='word_1_64' title='bbox 1286 293 1316 313; x_wconf 87' lang='lat' dir='ltr'>ut</span> <span class='ocrx_word' id='word_1_65' title='bbox 1329 287 1432 323; x_wconf 87' lang='lat' dir='ltr'>equites</span> <span class='ocrx_word' id='word_1_66' title='bbox 1445 287 1527 313; x_wconf 74' lang='lat' dir='ltr'>Idibus</span> <span class='ocrx_word' id='word_1_67' title='bbox 1540 286 1696 325; x_wconf 67' lang='lat' dir='ltr'>Qintiltbus</span> 
     </span>
     <span class='ocr_line' id='line_1_8' title="bbox 125 319 1695 361; baseline 0.002 -12"><span class='ocrx_word' id='word_1_68' title='bbox 125 324 362 353; x_wconf 77' lang='lat' dir='ltr'>transveherentur.</span> <span class='ocrx_word' id='word_1_69' title='bbox 383 323 424 351; x_wconf 89' lang='lat' dir='ltr'>Ad</span> <span class='ocrx_word' id='word_1_70' title='bbox 438 330 517 359; x_wconf 88' lang='lat' dir='ltr'>quem</span> <span class='ocrx_word' id='word_1_71' title='bbox 533 320 621 347; x_wconf 86' lang='lat' dir='ltr'>locum</span> <span class='ocrx_word' id='word_1_72' title='bbox 638 326 748 345; x_wconf 84' lang='lat' dir='ltr'>annotat</span> <span class='ocrx_word' id='word_1_73' title='bbox 762 319 874 354; x_wconf 61' lang='lat' dir='ltr'>&amp;gamus</span> <span class='ocrx_word' id='word_1_74' title='bbox 888 338 896 349; x_wconf 89' lang='lat'>‚</span> <span class='ocrx_word' id='word_1_75' title='bbox 916 319 1025 345; x_wconf 83' lang='lat' dir='ltr'>Livmm</span> <span class='ocrx_word' id='word_1_76' title='bbox 1043 320 1125 346; x_wconf 72' lang='lat' dir='ltr'>Videri</span> <span class='ocrx_word' id='word_1_77' title='bbox 1146 321 1173 347; x_wconf 91' lang='lat' dir='ltr'>id</span> <span class='ocrx_word' id='word_1_78' title='bbox 1188 321 1333 358; x_wconf 71' lang='lat' dir='ltr'>fignificare</span> <span class='ocrx_word' id='word_1_79' title='bbox 1346 345 1354 355; x_wconf 89' lang='lat'><em>‚</em></span> <span class='ocrx_word' id='word_1_80' title='bbox 1381 325 1414 351; x_wconf 86' lang='lat' dir='ltr'>de</span> <span class='ocrx_word' id='word_1_81' title='bbox 1429 334 1484 361; x_wconf 88' lang='lat' dir='ltr'>quo</span> <span class='ocrx_word' id='word_1_82' title='bbox 1498 324 1647 352; x_wconf 72' lang='lat' dir='ltr'><em>Plutarchus</em></span> <span class='ocrx_word' id='word_1_83' title='bbox 1667 328 1695 355; x_wconf 85' lang='lat' dir='ltr'>in</span> 
     </span>
     <span class='ocr_line' id='line_1_9' title="bbox 125 356 1695 400; baseline 0 -10"><span class='ocrx_word' id='word_1_84' title='bbox 125 363 272 399; x_wconf 83' lang='lat' dir='ltr'>Pompejo:</span> <span class='ocrx_word' id='word_1_85' title='bbox 293 363 324 390; x_wconf 84' lang='lat' dir='ltr'>ad</span> <span class='ocrx_word' id='word_1_86' title='bbox 340 362 454 390; x_wconf 77' lang='lat' dir='ltr'>sedentes</span> <span class='ocrx_word' id='word_1_87' title='bbox 467 361 493 386; x_wconf 89' lang='lat' dir='ltr'>in</span> <span class='ocrx_word' id='word_1_88' title='bbox 509 358 569 384; x_wconf 87' lang='lat' dir='ltr'>foro</span> <span class='ocrx_word' id='word_1_89' title='bbox 581 356 725 388; x_wconf 50' lang='lat' dir='ltr'>Censores,</span> <span class='ocrx_word' id='word_1_90' title='bbox 745 365 967 398; x_wconf 76' lang='lat' dir='ltr'>unumquemque</span> <span class='ocrx_word' id='word_1_91' title='bbox 982 357 1101 397; x_wconf 64' lang='lat' dir='ltr'>equitem</span> <span class='ocrx_word' id='word_1_92' title='bbox 1116 367 1215 394; x_wconf 86' lang='lat' dir='ltr'>equum</span> <span class='ocrx_word' id='word_1_93' title='bbox 1232 358 1306 388; x_wconf 86' lang='lat' dir='ltr'>suum</span> <span class='ocrx_word' id='word_1_94' title='bbox 1319 361 1452 390; x_wconf 75' lang='lat' dir='ltr'>adduxisse</span> <span class='ocrx_word' id='word_1_95' title='bbox 1465 384 1473 395; x_wconf 96' lang='lat'><em>‚</em></span> <span class='ocrx_word' id='word_1_96' title='bbox 1501 365 1527 391; x_wconf 65' lang='grc' dir='ltr'>ἃ</span> <span class='ocrx_word' id='word_1_97' title='bbox 1548 364 1581 391; x_wconf 86' lang='lat' dir='ltr'>de</span> <span class='ocrx_word' id='word_1_98' title='bbox 1600 364 1695 400; x_wconf 87' lang='lat' dir='ltr'>stipen-</span> 
     </span>
     <span class='ocr_line' id='line_1_10' title="bbox 125 394 1696 434; baseline -0.002 -6"><span class='ocrx_word' id='word_1_99' title='bbox 125 400 175 428; x_wconf 87' lang='lat' dir='ltr'>diis</span> <span class='ocrx_word' id='word_1_100' title='bbox 191 401 317 434; x_wconf 53' lang='lat' dir='ltr'>legitimis</span> <span class='ocrx_word' id='word_1_101' title='bbox 330 398 457 428; x_wconf 65' lang='lat' dir='ltr'>confeetis</span> <span class='ocrx_word' id='word_1_102' title='bbox 473 397 665 431; x_wconf 81' lang='lat' dir='ltr'>interrogatos.</span> <span class='ocrx_word' id='word_1_103' title='bbox 686 395 818 422; x_wconf 76' lang='lat' dir='ltr'>rationem</span> <span class='ocrx_word' id='word_1_104' title='bbox 835 396 864 422; x_wconf 89' lang='lat' dir='ltr'>iis</span> <span class='ocrx_word' id='word_1_105' title='bbox 878 394 1027 421; x_wconf 76' lang='lat' dir='ltr'>reddidisse.</span> <span class='ocrx_word' id='word_1_106' title='bbox 1055 397 1158 422; x_wconf 83' lang='lat' dir='ltr'>Verum</span> <span class='ocrx_word' id='word_1_107' title='bbox 1174 397 1274 424; x_wconf 76' lang='lat' dir='ltr'>videtui</span> <span class='ocrx_word' id='word_1_108' title='bbox 1293 409 1390 428; x_wconf 83' lang='lat' dir='ltr'>errare.</span> <span class='ocrx_word' id='word_1_109' title='bbox 1416 402 1481 428; x_wconf 82' lang='lat' dir='ltr'>Non</span> <span class='ocrx_word' id='word_1_110' title='bbox 1494 401 1568 428; x_wconf 83' lang='lat' dir='ltr'>enim</span> <span class='ocrx_word' id='word_1_111' title='bbox 1583 402 1696 431; x_wconf 66' lang='lat' dir='ltr'>instituit</span> 
     </span>
     <span class='ocr_line' id='line_1_11' title="bbox 125 430 1696 477; baseline 0.003 -14"><span class='ocrx_word' id='word_1_112' title='bbox 125 430 269 477; x_wconf 58' lang='lat' dir='ltr'>inibius</span> <span class='ocrx_word' id='word_1_113' title='bbox 283 439 382 475; x_wconf 83' lang='lat' dir='ltr'>equites</span> <span class='ocrx_word' id='word_1_114' title='bbox 395 431 527 463; x_wconf 61' lang='lat' dir='ltr'>trabeatos</span> <span class='ocrx_word' id='word_1_115' title='bbox 547 433 629 460; x_wconf 72' lang='lat' dir='ltr'>Idtbus</span> <span class='ocrx_word' id='word_1_116' title='bbox 648 431 723 469; x_wconf 70' lang='lat' dir='ltr'>Jalii</span> <span class='ocrx_word' id='word_1_117' title='bbox 738 432 836 460; x_wconf 81' lang='lat' dir='ltr'>censeri</span> <span class='ocrx_word' id='word_1_118' title='bbox 851 454 857 464; x_wconf 90' lang='lat'>‚</span> <span class='ocrx_word' id='word_1_119' title='bbox 878 431 1082 465; x_wconf 61' lang='lat' dir='ltr'>secktraniizehi,</span> <span class='ocrx_word' id='word_1_120' title='bbox 1103 432 1137 460; x_wconf 77' lang='lat' dir='ltr'>iic</span> <span class='ocrx_word' id='word_1_121' title='bbox 1151 434 1279 462; x_wconf 85' lang='lat' dir='ltr'>nimirum</span> <span class='ocrx_word' id='word_1_122' title='bbox 1299 447 1305 462; x_wconf 92' lang='lat'>:</span> <span class='ocrx_word' id='word_1_123' title='bbox 1333 444 1362 464; x_wconf 92' lang='lat' dir='ltr'>ut</span> <span class='ocrx_word' id='word_1_124' title='bbox 1386 439 1486 475; x_wconf 81' lang='lat' dir='ltr'>equites</span> <span class='ocrx_word' id='word_1_125' title='bbox 1509 440 1595 467; x_wconf 65' lang='lat' dir='ltr'>Rom,</span> <span class='ocrx_word' id='word_1_126' title='bbox 1612 439 1696 468; x_wconf 70' lang='lat' dir='ltr'>Idibus</span> 
     </span>
     <span class='ocr_line' id='line_1_12' title="bbox 124 471 1696 515; baseline 0.001 -11"><span class='ocrx_word' id='word_1_127' title='bbox 124 477 282 515; x_wconf 61' lang='lat' dir='ltr'>anlsbus</span> <span class='ocrx_word' id='word_1_128' title='bbox 294 476 325 503; x_wconf 87' lang='lat' dir='ltr'>ab</span> <span class='ocrx_word' id='word_1_129' title='bbox 339 475 393 502; x_wconf 80' lang='lat' dir='ltr'>aede</span> <span class='ocrx_word' id='word_1_130' title='bbox 408 473 526 501; x_wconf 82' lang='lat' dir='ltr'>Honoris</span> <span class='ocrx_word' id='word_1_131' title='bbox 540 492 546 501; x_wconf 89' lang='lat'>,</span> <span class='ocrx_word' id='word_1_132' title='bbox 567 471 640 508; x_wconf 87' lang='lat' dir='ltr'>equis</span> <span class='ocrx_word' id='word_1_133' title='bbox 655 471 795 499; x_wconf 77' lang='lat' dir='ltr'>insidentes</span> <span class='ocrx_word' id='word_1_134' title='bbox 810 491 817 502; x_wconf 88' lang='lat'>,</span> <span class='ocrx_word' id='word_1_135' title='bbox 839 473 864 500; x_wconf 83' lang='lat'>&amp;</span> <span class='ocrx_word' id='word_1_136' title='bbox 878 471 937 498; x_wconf 88' lang='lat' dir='ltr'>olea</span> <span class='ocrx_word' id='word_1_137' title='bbox 950 471 1072 498; x_wconf 77' lang='lat' dir='ltr'>coronati</span> <span class='ocrx_word' id='word_1_138' title='bbox 1099 471 1126 497; x_wconf 88' lang='lat' dir='ltr'>in</span> <span class='ocrx_word' id='word_1_139' title='bbox 1142 472 1306 507; x_wconf 78' lang='lat' dir='ltr'>Capitolium</span> <span class='ocrx_word' id='word_1_140' title='bbox 1322 476 1469 504; x_wconf 67' lang='lat' dir='ltr'>transii-int.</span> <span class='ocrx_word' id='word_1_141' title='bbox 1510 478 1549 504; x_wconf 79' lang='lat' dir='ltr'>Ita</span> <span class='ocrx_word' id='word_1_142' title='bbox 1561 478 1635 505; x_wconf 86' lang='lat' dir='ltr'>enim</span> <span class='ocrx_word' id='word_1_143' title='bbox 1649 479 1696 505; x_wconf 72' lang='lat' dir='ltr'>Li-</span> 
     </span>
     <span class='ocr_line' id='line_1_13' title="bbox 124 507 1694 548; baseline 0.002 -7"><span class='ocrx_word' id='word_1_144' title='bbox 124 510 197 542; x_wconf 62' lang='lat' dir='ltr'>vium</span> <span class='ocrx_word' id='word_1_145' title='bbox 211 518 237 544; x_wconf 64' lang='grc' dir='ltr'>ὅ(</span> <span class='ocrx_word' id='word_1_146' title='bbox 253 511 378 542; x_wconf 73' lang='lat' dir='ltr'>Valerium</span> <span class='ocrx_word' id='word_1_147' title='bbox 392 511 508 548; x_wconf 69' lang='lat' dir='ltr'>expresse</span> <span class='ocrx_word' id='word_1_148' title='bbox 522 511 708 546; x_wconf 76' lang='lat' dir='ltr'>interpretatus</span> <span class='ocrx_word' id='word_1_149' title='bbox 722 510 759 537; x_wconf 89' lang='lat' dir='ltr'>est</span> <span class='ocrx_word' id='word_1_150' title='bbox 774 509 895 547; x_wconf 81' lang='lat' dir='ltr'>Aurelms</span> <span class='ocrx_word' id='word_1_151' title='bbox 907 507 988 535; x_wconf 65' lang='lat' dir='ltr'>Vit‘lor</span> <span class='ocrx_word' id='word_1_152' title='bbox 1009 510 1110 545; x_wconf 88' lang='lat' dir='ltr'>(quem</span> <span class='ocrx_word' id='word_1_153' title='bbox 1127 508 1187 536; x_wconf 88' lang='lat' dir='ltr'>libri</span> <span class='ocrx_word' id='word_1_154' title='bbox 1201 510 1233 537; x_wconf 84' lang='lat' dir='ltr'>dc</span> <span class='ocrx_word' id='word_1_155' title='bbox 1242 512 1314 538; x_wconf 82' lang='lat' dir='ltr'>Viris</span> <span class='ocrx_word' id='word_1_156' title='bbox 1328 512 1466 541; x_wconf 76' lang='lat' dir='ltr'>illustribus</span> <span class='ocrx_word' id='word_1_157' title='bbox 1481 515 1621 544; x_wconf 80' lang='lat' dir='ltr'>authorem</span> <span class='ocrx_word' id='word_1_158' title='bbox 1635 521 1694 543; x_wconf 80' lang='lat' dir='ltr'>An-</span> 
     </span>
     <span class='ocr_line' id='line_1_14' title="bbox 123 545 1693 587; baseline 0.001 -8"><span class='ocrx_word' id='word_1_159' title='bbox 123 553 195 580; x_wconf 76' lang='lat' dir='ltr'>dreas</span> <span class='ocrx_word' id='word_1_160' title='bbox 217 553 328 580; x_wconf 80' lang='lat' dir='ltr'>Schottus</span> <span class='ocrx_word' id='word_1_161' title='bbox 346 551 465 587; x_wconf 76' lang='lat' dir='ltr'>prodidit</span> <span class='ocrx_word' id='word_1_162' title='bbox 480 550 490 583; x_wconf 88' lang='lat'>)</span> <span class='ocrx_word' id='word_1_163' title='bbox 512 547 556 575; x_wconf 81' lang='lat' dir='ltr'>ubi</span> <span class='ocrx_word' id='word_1_164' title='bbox 572 549 604 575; x_wconf 85' lang='lat' dir='ltr'>de</span> <span class='ocrx_word' id='word_1_165' title='bbox 625 551 670 586; x_wconf 65' lang='lat' dir='ltr'><em>Q</em></span> <span class='ocrx_word' id='word_1_166' title='bbox 682 546 756 574; x_wconf 79' lang='lat' dir='ltr'>Fabio</span> <span class='ocrx_word' id='word_1_167' title='bbox 778 547 894 574; x_wconf 68' lang='lat' dir='ltr'>Rullzano</span> <span class='ocrx_word' id='word_1_168' title='bbox 910 547 942 574; x_wconf 85' lang='lat' dir='ltr'>ad</span> <span class='ocrx_word' id='word_1_169' title='bbox 955 545 1026 574; x_wconf 89' lang='lat' dir='ltr'>hunc</span> <span class='ocrx_word' id='word_1_170' title='bbox 1038 547 1153 574; x_wconf 88' lang='lat' dir='ltr'>modum</span> <span class='ocrx_word' id='word_1_171' title='bbox 1169 547 1267 584; x_wconf 77' lang='lat' dir='ltr'>legitur</span> <span class='ocrx_word' id='word_1_172' title='bbox 1282 560 1286 575; x_wconf 79' lang='lat'><em>2</em></span> <span class='ocrx_word' id='word_1_173' title='bbox 1313 551 1366 577; x_wconf 82' lang='lat' dir='ltr'>Hic</span> <span class='ocrx_word' id='word_1_174' title='bbox 1384 552 1485 585; x_wconf 78' lang='lat' dir='ltr'>primus</span> <span class='ocrx_word' id='word_1_175' title='bbox 1505 554 1615 581; x_wconf 86' lang='lat' dir='ltr'>instituit</span> <span class='ocrx_word' id='word_1_176' title='bbox 1630 575 1636 585; x_wconf 87' lang='lat'>‚</span> <span class='ocrx_word' id='word_1_177' title='bbox 1664 563 1693 583; x_wconf 91' lang='lat' dir='ltr'>ut</span> 
     </span>
     <span class='ocr_line' id='line_1_15' title="bbox 125 585 1692 629; baseline 0.001 -11"><span class='ocrx_word' id='word_1_178' title='bbox 125 591 232 628; x_wconf 83' lang='lat' dir='ltr'>Equites</span> <span class='ocrx_word' id='word_1_179' title='bbox 247 592 330 617; x_wconf 90' lang='lat' dir='ltr'>Rom.</span> <span class='ocrx_word' id='word_1_180' title='bbox 351 587 433 615; x_wconf 80' lang='lat' dir='ltr'>Idibus</span> <span class='ocrx_word' id='word_1_181' title='bbox 445 585 603 625; x_wconf 52' lang='lat' dir='ltr'>Quintilibus</span> <span class='ocrx_word' id='word_1_182' title='bbox 616 587 648 613; x_wconf 82' lang='lat' dir='ltr'>ab</span> <span class='ocrx_word' id='word_1_183' title='bbox 663 587 718 613; x_wconf 79' lang='lat' dir='ltr'>aede</span> <span class='ocrx_word' id='word_1_184' title='bbox 732 586 865 617; x_wconf 83' lang='lat' dir='ltr'>Honoris,</span> <span class='ocrx_word' id='word_1_185' title='bbox 886 585 961 621; x_wconf 82' lang='lat' dir='ltr'>equis</span> <span class='ocrx_word' id='word_1_186' title='bbox 975 585 1115 612; x_wconf 77' lang='lat' dir='ltr'>insidentes</span> <span class='ocrx_word' id='word_1_187' title='bbox 1130 586 1157 612; x_wconf 89' lang='lat' dir='ltr'>in</span> <span class='ocrx_word' id='word_1_188' title='bbox 1171 586 1335 622; x_wconf 78' lang='lat' dir='ltr'>Capitolium</span> <span class='ocrx_word' id='word_1_189' title='bbox 1350 589 1496 617; x_wconf 76' lang='lat' dir='ltr'>traniirent.</span> <span class='ocrx_word' id='word_1_190' title='bbox 1536 592 1575 620; x_wconf 85' lang='lat' dir='ltr'>Ex</span> <span class='ocrx_word' id='word_1_191' title='bbox 1591 601 1643 629; x_wconf 88' lang='lat' dir='ltr'>quo</span> <span class='ocrx_word' id='word_1_192' title='bbox 1652 592 1692 620; x_wconf 89' lang='lat' dir='ltr'>lo-</span> 
     </span>
     <span class='ocr_line' id='line_1_16' title="bbox 123 622 1694 667; baseline 0.002 -11"><span class='ocrx_word' id='word_1_193' title='bbox 123 639 158 657; x_wconf 88' lang='lat' dir='ltr'>co</span> <span class='ocrx_word' id='word_1_194' title='bbox 172 628 230 656; x_wconf 69' lang='lat' dir='ltr'>stitis</span> <span class='ocrx_word' id='word_1_195' title='bbox 243 626 411 664; x_wconf 86' lang='lat' dir='ltr'>perspicuum</span> <span class='ocrx_word' id='word_1_196' title='bbox 427 627 474 655; x_wconf 88' lang='lat' dir='ltr'>est,</span> <span class='ocrx_word' id='word_1_197' title='bbox 495 634 550 652; x_wconf 91' lang='lat' dir='ltr'>non</span> <span class='ocrx_word' id='word_1_198' title='bbox 565 624 716 652; x_wconf 88' lang='lat' dir='ltr'>censionem</span> <span class='ocrx_word' id='word_1_199' title='bbox 732 625 860 660; x_wconf 80' lang='lat' dir='ltr'>Equitum</span> <span class='ocrx_word' id='word_1_200' title='bbox 875 623 1011 650; x_wconf 63' lang='lat' dir='ltr'>instituisse</span> <span class='ocrx_word' id='word_1_201' title='bbox 1026 622 1152 655; x_wconf 83' lang='lat' dir='ltr'>Fabium,</span> <span class='ocrx_word' id='word_1_202' title='bbox 1174 624 1216 651; x_wconf 79' lang='lat' dir='ltr'>scd</span> <span class='ocrx_word' id='word_1_203' title='bbox 1236 625 1363 662; x_wconf 87' lang='lat' dir='ltr'>Equitum</span> <span class='ocrx_word' id='word_1_204' title='bbox 1379 627 1602 657; x_wconf 49' lang='lat' dir='ltr'>transvectionem</span> <span class='ocrx_word' id='word_1_205' title='bbox 1612 640 1694 667; x_wconf 78' lang='lat' dir='ltr'>quan-</span> 
     </span>
     <span class='ocr_line' id='line_1_17' title="bbox 121 661 1692 703; baseline -0.001 -9"><span class='ocrx_word' id='word_1_206' title='bbox 121 667 200 698; x_wconf 83' lang='lat' dir='ltr'>dam,</span> <span class='ocrx_word' id='word_1_207' title='bbox 220 676 277 703; x_wconf 81' lang='lat' dir='ltr'>quae</span> <span class='ocrx_word' id='word_1_208' title='bbox 291 665 395 703; x_wconf 82' lang='lat' dir='ltr'>fingulis</span> <span class='ocrx_word' id='word_1_209' title='bbox 412 664 494 692; x_wconf 74' lang='lat' dir='ltr'>Idibus</span> <span class='ocrx_word' id='word_1_210' title='bbox 508 662 666 700; x_wconf 72' lang='lat' dir='ltr'>thilibus</span> <span class='ocrx_word' id='word_1_211' title='bbox 679 662 780 690; x_wconf 83' lang='lat' dir='ltr'>ordinis</span> <span class='ocrx_word' id='word_1_212' title='bbox 794 662 876 689; x_wconf 85' lang='lat' dir='ltr'>totius</span> <span class='ocrx_word' id='word_1_213' title='bbox 888 661 1014 697; x_wconf 84' lang='lat' dir='ltr'>equestris</span> <span class='ocrx_word' id='word_1_214' title='bbox 1028 661 1237 698; x_wconf 85' lang='lat' dir='ltr'>recognoscendi</span> <span class='ocrx_word' id='word_1_215' title='bbox 1252 683 1258 694; x_wconf 95' lang='lat'>,</span> <span class='ocrx_word' id='word_1_216' title='bbox 1286 663 1470 700; x_wconf 73' lang='lat' dir='ltr'>probandique</span> <span class='ocrx_word' id='word_1_217' title='bbox 1484 669 1567 702; x_wconf 76' lang='lat' dir='ltr'>gratia</span> <span class='ocrx_word' id='word_1_218' title='bbox 1582 668 1638 695; x_wconf 83' lang='lat' dir='ltr'>fieri</span> <span class='ocrx_word' id='word_1_219' title='bbox 1654 671 1692 696; x_wconf 87' lang='lat' dir='ltr'>vi-</span> 
     </span>
     <span class='ocr_line' id='line_1_18' title="bbox 122 698 1689 737; baseline 0.001 -5"><span class='ocrx_word' id='word_1_220' title='bbox 122 705 200 733; x_wconf 87' lang='lat' dir='ltr'>detur</span> <span class='ocrx_word' id='word_1_221' title='bbox 214 703 382 732; x_wconf 71' lang='lat' dir='ltr'>consueviii‘e.</span> <span class='ocrx_word' id='word_1_222' title='bbox 424 702 552 730; x_wconf 84' lang='lat' dir='ltr'>Meminit</span> <span class='ocrx_word' id='word_1_223' title='bbox 567 701 642 736; x_wconf 84' lang='lat' dir='ltr'>hujus</span> <span class='ocrx_word' id='word_1_224' title='bbox 655 701 720 728; x_wconf 85' lang='lat' dir='ltr'>ritus</span> <span class='ocrx_word' id='word_1_225' title='bbox 734 701 816 728; x_wconf 77' lang='lat' dir='ltr'>etiam</span> <span class='ocrx_word' id='word_1_226' title='bbox 831 699 929 726; x_wconf 72' lang='lat' dir='ltr'>letus</span> <span class='ocrx_word' id='word_1_227' title='bbox 941 698 1011 726; x_wconf 89' lang='lat' dir='ltr'>libro</span> <span class='ocrx_word' id='word_1_228' title='bbox 1029 709 1070 735; x_wconf 85' lang='lat'>¹5·</span> <span class='ocrx_word' id='word_1_229' title='bbox 1089 700 1166 737; x_wconf 80' lang='lat' dir='ltr'>capit.</span> <span class='ocrx_word' id='word_1_230' title='bbox 1179 710 1206 736; x_wconf 90' lang='lat'>4.</span> <span class='ocrx_word' id='word_1_231' title='bbox 1222 700 1262 728; x_wconf 91' lang='lat' dir='ltr'>his</span> <span class='ocrx_word' id='word_1_232' title='bbox 1276 702 1376 730; x_wconf 74' lang='lat' dir='ltr'>verbis:</span> <span class='ocrx_word' id='word_1_233' title='bbox 1399 703 1471 729; x_wconf 76' lang='lat' dir='ltr'>()leae</span> <span class='ocrx_word' id='word_1_234' title='bbox 1485 705 1616 733; x_wconf 81' lang='lat' dir='ltr'>honorem</span> <span class='ocrx_word' id='word_1_235' title='bbox 1634 708 1689 734; x_wconf 87' lang='lat' dir='ltr'>Ro-</span> 
     </span>
     <span class='ocr_line' id='line_1_19' title="bbox 121 736 1692 780; baseline -0.001 -10"><span class='ocrx_word' id='word_1_236' title='bbox 121 752 201 770; x_wconf 83' lang='lat' dir='ltr'>mana</span> <span class='ocrx_word' id='word_1_237' title='bbox 216 742 336 777; x_wconf 77' lang='lat' dir='ltr'>majestas</span> <span class='ocrx_word' id='word_1_238' title='bbox 349 750 479 779; x_wconf 78' lang='lat' dir='ltr'>magnum</span> <span class='ocrx_word' id='word_1_239' title='bbox 494 738 603 776; x_wconf 72' lang='lat' dir='ltr'>fraebuit</span> <span class='ocrx_word' id='word_1_240' title='bbox 616 746 718 766; x_wconf 82' lang='lat' dir='ltr'>turmas</span> <span class='ocrx_word' id='word_1_241' title='bbox 733 739 860 775; x_wconf 82' lang='lat' dir='ltr'>Equitum</span> <span class='ocrx_word' id='word_1_242' title='bbox 877 736 959 764; x_wconf 76' lang='lat' dir='ltr'>Idtbus</span> <span class='ocrx_word' id='word_1_243' title='bbox 974 736 1060 774; x_wconf 76' lang='lat' dir='ltr'>Julirs</span> <span class='ocrx_word' id='word_1_244' title='bbox 1074 747 1105 765; x_wconf 84' lang='lat' dir='ltr'>ex</span> <span class='ocrx_word' id='word_1_245' title='bbox 1121 747 1151 765; x_wconf 84' lang='lat' dir='ltr'>ea</span> <span class='ocrx_word' id='word_1_246' title='bbox 1165 740 1330 767; x_wconf 81' lang='lat' dir='ltr'>coronando.</span> <span class='ocrx_word' id='word_1_247' title='bbox 1352 743 1439 777; x_wconf 50' lang='lat' dir='ltr'>Atque</span> <span class='ocrx_word' id='word_1_248' title='bbox 1453 741 1486 768; x_wconf 88' lang='lat' dir='ltr'>de</span> <span class='ocrx_word' id='word_1_249' title='bbox 1500 741 1548 770; x_wconf 83' lang='lat' dir='ltr'>hac</span> <span class='ocrx_word' id='word_1_250' title='bbox 1563 745 1692 780; x_wconf 62' lang='lat' dir='ltr'>Equitum</span> 
     </span>
     <span class='ocr_line' id='line_1_20' title="bbox 121 774 1693 816; baseline 0.001 -8"><span class='ocrx_word' id='word_1_251' title='bbox 121 780 316 808; x_wconf 68' lang='lat' dir='ltr'>transveetione</span> <span class='ocrx_word' id='word_1_252' title='bbox 331 780 450 816; x_wconf 90' lang='lat' dir='ltr'>loquitur</span> <span class='ocrx_word' id='word_1_253' title='bbox 465 780 607 808; x_wconf 74' lang='lat' dir='ltr'>Summus,</span> <span class='ocrx_word' id='word_1_254' title='bbox 628 786 690 804; x_wconf 85' lang='lat' dir='ltr'>cum</span> <span class='ocrx_word' id='word_1_255' title='bbox 705 777 741 804; x_wconf 85' lang='lat' dir='ltr'>ita</span> <span class='ocrx_word' id='word_1_256' title='bbox 761 777 794 804; x_wconf 90' lang='lat' dir='ltr'>de</span> <span class='ocrx_word' id='word_1_257' title='bbox 809 775 927 812; x_wconf 84' lang='lat' dir='ltr'>Augusto</span> <span class='ocrx_word' id='word_1_258' title='bbox 940 774 1030 804; x_wconf 84' lang='lat' dir='ltr'>scribit</span> <span class='ocrx_word' id='word_1_259' title='bbox 1043 786 1048 802; x_wconf 90' lang='lat'>:</span> <span class='ocrx_word' id='word_1_260' title='bbox 1075 775 1200 814; x_wconf 79' lang='lat' dir='ltr'>Augustm</span> <span class='ocrx_word' id='word_1_261' title='bbox 1214 778 1343 814; x_wconf 76' lang='lat' dir='ltr'>Equitum</span> <span class='ocrx_word' id='word_1_262' title='bbox 1360 788 1461 806; x_wconf 81' lang='lat' dir='ltr'>tui-inas</span> <span class='ocrx_word' id='word_1_263' title='bbox 1480 779 1633 816; x_wconf 85' lang='lat' dir='ltr'>frequenter</span> <span class='ocrx_word' id='word_1_264' title='bbox 1652 793 1693 810; x_wconf 81' lang='lat' dir='ltr'>re-</span> 
     </span>
     <span class='ocr_line' id='line_1_21' title="bbox 121 813 1691 857; baseline -0.001 -10"><span class='ocrx_word' id='word_1_265' title='bbox 121 819 266 857; x_wconf 78' lang='lat' dir='ltr'>cognovit,</span> <span class='ocrx_word' id='word_1_266' title='bbox 286 820 345 855; x_wconf 88' lang='lat' dir='ltr'>post</span> <span class='ocrx_word' id='word_1_267' title='bbox 358 818 467 855; x_wconf 79' lang='lat' dir='ltr'>longam</span> <span class='ocrx_word' id='word_1_268' title='bbox 482 814 709 850; x_wconf 78' lang='lat' dir='ltr'>intercapedinem</span> <span class='ocrx_word' id='word_1_269' title='bbox 725 814 836 849; x_wconf 69' lang='grc' dir='ltr'>Γεάυξὶο</span> <span class='ocrx_word' id='word_1_270' title='bbox 858 822 935 854; x_wconf 77' lang='lat' dir='ltr'>more</span> <span class='ocrx_word' id='word_1_271' title='bbox 955 813 1164 849; x_wconf 57' lang='lat' dir='ltr'>truvili-ed‘i‘ronis:</span> <span class='ocrx_word' id='word_1_272' title='bbox 1193 815 1237 843; x_wconf 84' lang='lat' dir='ltr'>sed</span> <span class='ocrx_word' id='word_1_273' title='bbox 1251 825 1338 852; x_wconf 87' lang='lat' dir='ltr'>neque</span> <span class='ocrx_word' id='word_1_274' title='bbox 1357 817 1461 844; x_wconf 78' lang='lat' dir='ltr'>detrahi</span> <span class='ocrx_word' id='word_1_275' title='bbox 1480 827 1643 855; x_wconf 77' lang='lat' dir='ltr'>quemquam</span> <span class='ocrx_word' id='word_1_276' title='bbox 1663 822 1691 848; x_wconf 83' lang='lat' dir='ltr'>in</span> 
     </span>
     <span class='ocr_line' id='line_1_22' title="bbox 119 850 1691 890; baseline -0.001 -5"><span class='ocrx_word' id='word_1_277' title='bbox 119 857 316 886; x_wconf 80' lang='lat' dir='ltr'>transvehendo</span> <span class='ocrx_word' id='word_1_278' title='bbox 329 856 361 884; x_wconf 88' lang='lat' dir='ltr'>ab</span> <span class='ocrx_word' id='word_1_279' title='bbox 375 853 524 883; x_wconf 71' lang='lat' dir='ltr'>:iecuffitore</span> <span class='ocrx_word' id='word_1_280' title='bbox 537 853 620 889; x_wconf 77' lang='lat' dir='ltr'>passus</span> <span class='ocrx_word' id='word_1_281' title='bbox 631 853 668 880; x_wconf 86' lang='lat' dir='ltr'>est</span> <span class='ocrx_word' id='word_1_282' title='bbox 681 873 689 884; x_wconf 86' lang='lat'>‚</span> <span class='ocrx_word' id='word_1_283' title='bbox 707 853 779 889; x_wconf 88' lang='lat' dir='ltr'>quod</span> <span class='ocrx_word' id='word_1_284' title='bbox 795 851 851 879; x_wconf 87' lang='lat' dir='ltr'>fieri</span> <span class='ocrx_word' id='word_1_285' title='bbox 865 850 965 881; x_wconf 72' lang='lat' dir='ltr'>iolebat</span> <span class='ocrx_word' id='word_1_286' title='bbox 977 873 984 884; x_wconf 91' lang='lat'>‚</span> <span class='ocrx_word' id='word_1_287' title='bbox 1007 854 1059 880; x_wconf 68' lang='grc' dir='ltr'>ἃς.</span> <span class='ocrx_word' id='word_1_288' title='bbox 1086 852 1125 879; x_wconf 88' lang='lat' dir='ltr'>Ad</span> <span class='ocrx_word' id='word_1_289' title='bbox 1144 852 1211 881; x_wconf 88' lang='lat' dir='ltr'>hanc</span> <span class='ocrx_word' id='word_1_290' title='bbox 1227 854 1453 882; x_wconf 66' lang='lat' dir='ltr'>transs-eet1011em</span> <span class='ocrx_word' id='word_1_291' title='bbox 1471 856 1554 884; x_wconf 84' lang='lat' dir='ltr'>etiam</span> <span class='ocrx_word' id='word_1_292' title='bbox 1568 857 1691 890; x_wconf 73' lang='lat' dir='ltr'>Ulpianus</span> 
     </span>
     <span class='ocr_line' id='line_1_23' title="bbox 119 890 1693 931; baseline 0.002 -11"><span class='ocrx_word' id='word_1_293' title='bbox 119 894 259 931; x_wconf 73' lang='lat' dir='ltr'>respexisse</span> <span class='ocrx_word' id='word_1_294' title='bbox 277 895 396 924; x_wconf 83' lang='lat' dir='ltr'>videtur,</span> <span class='ocrx_word' id='word_1_295' title='bbox 416 901 515 930; x_wconf 83' lang='lat' dir='ltr'>negans</span> <span class='ocrx_word' id='word_1_296' title='bbox 528 900 588 918; x_wconf 84' lang='lat' dir='ltr'>eum</span> <span class='ocrx_word' id='word_1_297' title='bbox 601 911 608 922; x_wconf 90' lang='lat'><strong>,</strong></span> <span class='ocrx_word' id='word_1_298' title='bbox 629 891 674 928; x_wconf 76' lang='lat' dir='ltr'>qui</span> <span class='ocrx_word' id='word_1_299' title='bbox 689 900 758 927; x_wconf 76' lang='lat' dir='ltr'>equo</span> <span class='ocrx_word' id='word_1_300' title='bbox 772 890 881 926; x_wconf 88' lang='lat' dir='ltr'>publico</span> <span class='ocrx_word' id='word_1_301' title='bbox 895 891 922 917; x_wconf 82' lang='lat' dir='ltr'>in</span> <span class='ocrx_word' id='word_1_302' title='bbox 938 890 1104 927; x_wconf 83' lang='lat' dir='ltr'>Capitolium</span> <span class='ocrx_word' id='word_1_303' title='bbox 1125 891 1179 925; x_wconf 79' lang='lat' dir='ltr'>(fic</span> <span class='ocrx_word' id='word_1_304' title='bbox 1193 892 1268 919; x_wconf 90' lang='lat' dir='ltr'>enim</span> <span class='ocrx_word' id='word_1_305' title='bbox 1282 893 1426 929; x_wconf 61' lang='lat' dir='ltr'>legendum</span> <span class='ocrx_word' id='word_1_306' title='bbox 1438 915 1445 926; x_wconf 94' lang='lat'><strong><em>,</em></strong></span> <span class='ocrx_word' id='word_1_307' title='bbox 1467 903 1523 921; x_wconf 89' lang='lat' dir='ltr'>non</span> <span class='ocrx_word' id='word_1_308' title='bbox 1538 916 1545 926; x_wconf 92' lang='lat'>‚</span> <span class='ocrx_word' id='word_1_309' title='bbox 1576 895 1603 921; x_wconf 89' lang='lat' dir='ltr'>in</span> <span class='ocrx_word' id='word_1_310' title='bbox 1618 895 1693 924; x_wconf 81' lang='lat' dir='ltr'>causa</span> 
     </span>
     <span class='ocr_line' id='line_1_24' title="bbox 119 928 1691 970; baseline -0.001 -9"><span class='ocrx_word' id='word_1_311' title='bbox 119 933 240 970; x_wconf 88' lang='lat' dir='ltr'>publica,</span> <span class='ocrx_word' id='word_1_312' title='bbox 261 932 404 970; x_wconf 40' lang='lat' dir='ltr'>ut‘yulgati</span> <span class='ocrx_word' id='word_1_313' title='bbox 420 931 479 958; x_wconf 89' lang='lat' dir='ltr'>libri</span> <span class='ocrx_word' id='word_1_314' title='bbox 493 929 609 964; x_wconf 78' lang='lat' dir='ltr'>habent)</span> <span class='ocrx_word' id='word_1_315' title='bbox 628 928 820 960; x_wconf 84' lang='lat' dir='ltr'>transvehitur,</span> <span class='ocrx_word' id='word_1_316' title='bbox 841 928 868 955; x_wconf 92' lang='lat' dir='ltr'>in</span> <span class='ocrx_word' id='word_1_317' title='bbox 882 928 924 964; x_wconf 87' lang='lat' dir='ltr'>jus</span> <span class='ocrx_word' id='word_1_318' title='bbox 940 929 1029 956; x_wconf 87' lang='lat' dir='ltr'>vocari</span> <span class='ocrx_word' id='word_1_319' title='bbox 1042 928 1128 964; x_wconf 78' lang='lat' dir='ltr'>posse,</span> <span class='ocrx_word' id='word_1_320' title='bbox 1150 930 1236 966; x_wconf 84' lang='lat' dir='ltr'>capite</span> <span class='ocrx_word' id='word_1_321' title='bbox 1253 940 1277 958; x_wconf 89' lang='lat'>2.</span> <span class='ocrx_word' id='word_1_322' title='bbox 1292 931 1367 959; x_wconf 88' lang='lat' dir='ltr'>dein</span> <span class='ocrx_word' id='word_1_323' title='bbox 1381 931 1422 968; x_wconf 85' lang='lat' dir='ltr'>jus</span> <span class='ocrx_word' id='word_1_324' title='bbox 1438 942 1496 959; x_wconf 84' lang='lat' dir='ltr'>voc.</span> <span class='ocrx_word' id='word_1_325' title='bbox 1527 933 1610 969; x_wconf 88' lang='lat' dir='ltr'>Cujus</span> <span class='ocrx_word' id='word_1_326' title='bbox 1624 933 1691 964; x_wconf 84' lang='lat' dir='ltr'>loci.</span> 
     </span>
     <span class='ocr_line' id='line_1_25' title="bbox 117 966 1689 1008; baseline -0.001 -9"><span class='ocrx_word' id='word_1_327' title='bbox 117 972 185 1000; x_wconf 88' lang='lat' dir='ltr'>sicut</span> <span class='ocrx_word' id='word_1_328' title='bbox 195 972 275 999; x_wconf 81' lang='lat' dir='ltr'>etiam</span> <span class='ocrx_word' id='word_1_329' title='bbox 290 969 457 1008; x_wconf 87' lang='lat' dir='ltr'>superiorum</span> <span class='ocrx_word' id='word_1_330' title='bbox 470 967 541 996; x_wconf 66' lang='lat' dir='ltr'>Livii</span> <span class='ocrx_word' id='word_1_331' title='bbox 555 967 670 1004; x_wconf 88' lang='lat' dir='ltr'>aliquot,</span> <span class='ocrx_word' id='word_1_332' title='bbox 679 966 827 995; x_wconf 80' lang='lat' dir='ltr'>&amp;aliorum</span> <span class='ocrx_word' id='word_1_333' title='bbox 842 967 1050 1002; x_wconf 71' lang='lat' dir='ltr'>explicationem</span> <span class='ocrx_word' id='word_1_334' title='bbox 1064 966 1193 995; x_wconf 87' lang='lat' dir='ltr'>debemus</span> <span class='ocrx_word' id='word_1_335' title='bbox 1207 968 1298 996; x_wconf 86' lang='lat' dir='ltr'>clariss.</span> <span class='ocrx_word' id='word_1_336' title='bbox 1319 970 1339 996; x_wconf 89' lang='grc' dir='ltr'>Ι.</span> <span class='ocrx_word' id='word_1_337' title='bbox 1350 971 1381 996; x_wconf 92' lang='lat' dir='ltr'>C.</span> <span class='ocrx_word' id='word_1_338' title='bbox 1402 974 1455 1002; x_wconf 70' lang='lat' dir='ltr'>Jac.</span> <span class='ocrx_word' id='word_1_339' title='bbox 1466 971 1595 1002; x_wconf 59' lang='lat' dir='ltr'>Rarardo,</span> <span class='ocrx_word' id='word_1_340' title='bbox 1606 980 1689 1007; x_wconf 90' lang='lat' dir='ltr'>quem</span> 
     </span>
     <span class='ocr_line' id='line_1_26' title="bbox 117 1005 1691 1047; baseline 0 -11"><span class='ocrx_word' id='word_1_341' title='bbox 117 1008 164 1037; x_wconf 87' lang='lat' dir='ltr'>lib.</span> <span class='ocrx_word' id='word_1_342' title='bbox 175 1019 199 1036; x_wconf 91' lang='lat'>2.</span> <span class='ocrx_word' id='word_1_343' title='bbox 220 1010 382 1041; x_wconf 70' lang='lat' dir='ltr'>Variorum,</span> <span class='ocrx_word' id='word_1_344' title='bbox 403 1017 458 1044; x_wconf 84' lang='lat' dir='ltr'>cap.</span> <span class='ocrx_word' id='word_1_345' title='bbox 472 1017 512 1041; x_wconf 83' lang='lat'>15.</span> <span class='ocrx_word' id='word_1_346' title='bbox 527 1006 561 1034; x_wconf 89' lang='lat' dir='ltr'>de</span> <span class='ocrx_word' id='word_1_347' title='bbox 575 1005 624 1032; x_wconf 86' lang='lat' dir='ltr'>hac</span> <span class='ocrx_word' id='word_1_348' title='bbox 637 1015 665 1033; x_wconf 86' lang='lat' dir='ltr'>re</span> <span class='ocrx_word' id='word_1_349' title='bbox 679 1005 767 1043; x_wconf 84' lang='lat' dir='ltr'>legere</span> <span class='ocrx_word' id='word_1_350' title='bbox 780 1006 892 1041; x_wconf 85' lang='lat' dir='ltr'>poteris:</span> <span class='ocrx_word' id='word_1_351' title='bbox 912 1015 944 1032; x_wconf 87' lang='lat' dir='ltr'>cx</span> <span class='ocrx_word' id='word_1_352' title='bbox 962 1015 1016 1042; x_wconf 89' lang='lat' dir='ltr'>quo</span> <span class='ocrx_word' id='word_1_353' title='bbox 1030 1005 1113 1032; x_wconf 81' lang='lat' dir='ltr'>etiam</span> <span class='ocrx_word' id='word_1_354' title='bbox 1129 1006 1184 1033; x_wconf 80' lang='lat' dir='ltr'>haec</span> <span class='ocrx_word' id='word_1_355' title='bbox 1199 1006 1255 1034; x_wconf 90' lang='lat' dir='ltr'>fere</span> <span class='ocrx_word' id='word_1_356' title='bbox 1268 1008 1361 1035; x_wconf 83' lang='lat' dir='ltr'>omnia</span> <span class='ocrx_word' id='word_1_357' title='bbox 1373 1008 1566 1044; x_wconf 84' lang='lat' dir='ltr'>descripsimus.</span> <span class='ocrx_word' id='word_1_358' title='bbox 1587 1011 1691 1047; x_wconf 48' lang='lat' dir='ltr'>Diony:</span> 
     </span>
     <span class='ocr_line' id='line_1_27' title="bbox 117 1042 1689 1083; baseline -0.001 -8"><span class='ocrx_word' id='word_1_359' title='bbox 117 1046 252 1075; x_wconf 74' lang='lat' dir='ltr'>Halicarn.</span> <span class='ocrx_word' id='word_1_360' title='bbox 266 1047 325 1075; x_wconf 90' lang='lat' dir='ltr'>libr.</span> <span class='ocrx_word' id='word_1_361' title='bbox 341 1051 365 1076; x_wconf 90' lang='lat'>6.</span> <span class='ocrx_word' id='word_1_362' title='bbox 379 1046 458 1083; x_wconf 80' lang='lat' dir='ltr'>paulo</span> <span class='ocrx_word' id='word_1_363' title='bbox 472 1045 548 1072; x_wconf 85' lang='lat' dir='ltr'>aliter</span> <span class='ocrx_word' id='word_1_364' title='bbox 562 1045 595 1072; x_wconf 83' lang='lat' dir='ltr'>de</span> <span class='ocrx_word' id='word_1_365' title='bbox 610 1044 662 1071; x_wconf 90' lang='lat' dir='ltr'>hoc</span> <span class='ocrx_word' id='word_1_366' title='bbox 674 1045 727 1071; x_wconf 86' lang='lat' dir='ltr'>ritu</span> <span class='ocrx_word' id='word_1_367' title='bbox 740 1042 829 1071; x_wconf 89' lang='lat' dir='ltr'>scribit</span> <span class='ocrx_word' id='word_1_368' title='bbox 846 1063 852 1074; x_wconf 85' lang='lat'>,</span> <span class='ocrx_word' id='word_1_369' title='bbox 875 1043 1000 1071; x_wconf 87' lang='lat' dir='ltr'>videlicet</span> <span class='ocrx_word' id='word_1_370' title='bbox 1014 1064 1020 1074; x_wconf 89' lang='lat'><strong>‚</strong></span> <span class='ocrx_word' id='word_1_371' title='bbox 1042 1044 1190 1072; x_wconf 82' lang='lat' dir='ltr'>institutum</span> <span class='ocrx_word' id='word_1_372' title='bbox 1205 1055 1267 1072; x_wconf 90' lang='lat' dir='ltr'>eum</span> <span class='ocrx_word' id='word_1_373' title='bbox 1283 1046 1334 1073; x_wconf 74' lang='lat' dir='ltr'>effe</span> <span class='ocrx_word' id='word_1_374' title='bbox 1350 1047 1376 1073; x_wconf 91' lang='lat' dir='ltr'>in</span> <span class='ocrx_word' id='word_1_375' title='bbox 1391 1045 1524 1074; x_wconf 89' lang='lat' dir='ltr'>honorem</span> <span class='ocrx_word' id='word_1_376' title='bbox 1541 1046 1647 1083; x_wconf 68' lang='lat' dir='ltr'>Castam</span> <span class='ocrx_word' id='word_1_377' title='bbox 1662 1050 1689 1077; x_wconf 62' lang='grc' dir='ltr'>ὃς</span> 
     </span>
     <span class='ocr_line' id='line_1_28' title="bbox 115 1080 1689 1122; baseline 0 -9"><span class='ocrx_word' id='word_1_378' title='bbox 115 1084 227 1113; x_wconf 60' lang='lat' dir='ltr'>Pollucis</span> <span class='ocrx_word' id='word_1_379' title='bbox 240 1107 249 1119; x_wconf 95' lang='lat'><em>‚</em></span> <span class='ocrx_word' id='word_1_380' title='bbox 271 1088 298 1115; x_wconf 67' lang='grc' dir='ltr'>δε</span> <span class='ocrx_word' id='word_1_381' title='bbox 311 1087 338 1114; x_wconf 91' lang='lat' dir='ltr'>in</span> <span class='ocrx_word' id='word_1_382' title='bbox 354 1085 517 1112; x_wconf 80' lang='lat' dir='ltr'>memoriam</span> <span class='ocrx_word' id='word_1_383' title='bbox 533 1082 652 1111; x_wconf 71' lang='lat' dir='ltr'>vietoriae</span> <span class='ocrx_word' id='word_1_384' title='bbox 664 1103 670 1114; x_wconf 91' lang='lat'>‚</span> <span class='ocrx_word' id='word_1_385' title='bbox 684 1091 773 1122; x_wconf 62' lang='lat' dir='ltr'>⁴quam</span> <span class='ocrx_word' id='word_1_386' title='bbox 789 1082 908 1108; x_wconf 81' lang='lat' dir='ltr'>Romani</span> <span class='ocrx_word' id='word_1_387' title='bbox 922 1091 953 1110; x_wconf 89' lang='lat' dir='ltr'>ex</span> <span class='ocrx_word' id='word_1_388' title='bbox 967 1080 1037 1108; x_wconf 89' lang='lat' dir='ltr'>bello</span> <span class='ocrx_word' id='word_1_389' title='bbox 1057 1091 1119 1110; x_wconf 89' lang='lat' dir='ltr'>cum</span> <span class='ocrx_word' id='word_1_390' title='bbox 1143 1083 1243 1110; x_wconf 85' lang='lat' dir='ltr'>Latinis</span> <span class='ocrx_word' id='word_1_391' title='bbox 1259 1084 1364 1121; x_wconf 86' lang='lat' dir='ltr'>populis</span> <span class='ocrx_word' id='word_1_392' title='bbox 1385 1085 1457 1121; x_wconf 91' lang='lat' dir='ltr'>quod</span> <span class='ocrx_word' id='word_1_393' title='bbox 1471 1086 1574 1122; x_wconf 82' lang='lat' dir='ltr'>gestum</span> <span class='ocrx_word' id='word_1_394' title='bbox 1589 1084 1638 1113; x_wconf 84' lang='lat' dir='ltr'>fuit</span> <span class='ocrx_word' id='word_1_395' title='bbox 1655 1088 1689 1114; x_wconf 85' lang='lat' dir='ltr'>A.</span> 
     </span>
     <span class='ocr_line' id='line_1_29' title="bbox 117 1119 1691 1160; baseline 0.001 -11"><span class='ocrx_word' id='word_1_396' title='bbox 117 1124 154 1151; x_wconf 91' lang='lat' dir='ltr'>V.</span> <span class='ocrx_word' id='word_1_397' title='bbox 168 1125 200 1151; x_wconf 90' lang='lat' dir='ltr'>C.</span> <span class='ocrx_word' id='word_1_398' title='bbox 215 1134 328 1154; x_wconf 53' lang='lat' dir='ltr'>ccnvu,</span> <span class='ocrx_word' id='word_1_399' title='bbox 348 1127 387 1151; x_wconf 81' lang='lat' dir='ltr'>A.</span> <span class='ocrx_word' id='word_1_400' title='bbox 400 1121 555 1158; x_wconf 84' lang='lat' dir='ltr'>Posthumio,</span> <span class='ocrx_word' id='word_1_401' title='bbox 575 1125 606 1148; x_wconf 89' lang='lat' dir='ltr'>T.</span> <span class='ocrx_word' id='word_1_402' title='bbox 620 1119 728 1157; x_wconf 72' lang='lat' dir='ltr'>Virgtm&#39;o</span> <span class='ocrx_word' id='word_1_403' title='bbox 745 1119 815 1147; x_wconf 85' lang='lat' dir='ltr'>Coss.</span> <span class='ocrx_word' id='word_1_404' title='bbox 836 1128 907 1146; x_wconf 88' lang='lat' dir='ltr'>anno</span> <span class='ocrx_word' id='word_1_405' title='bbox 921 1129 983 1147; x_wconf 82' lang='lat' dir='ltr'>xiv.</span> <span class='ocrx_word' id='word_1_406' title='bbox 1005 1119 1091 1147; x_wconf 76' lang='lat' dir='ltr'>liberae</span> <span class='ocrx_word' id='word_1_407' title='bbox 1107 1121 1269 1156; x_wconf 82' lang='lat' dir='ltr'>Reipublicae</span> <span class='ocrx_word' id='word_1_408' title='bbox 1289 1123 1449 1158; x_wconf 83' lang='lat' dir='ltr'>reportarint</span> <span class='ocrx_word' id='word_1_409' title='bbox 1464 1143 1471 1154; x_wconf 85' lang='lat'>‚</span> <span class='ocrx_word' id='word_1_410' title='bbox 1492 1132 1627 1160; x_wconf 86' lang='lat' dir='ltr'>quamque</span> <span class='ocrx_word' id='word_1_411' title='bbox 1640 1127 1691 1151; x_wconf 65' lang='lat' dir='ltr'>Ca-</span> 
     </span>
     <span class='ocr_line' id='line_1_30' title="bbox 110 1158 1690 1199; baseline 0.001 -12"><span class='ocrx_word' id='word_1_412' title='bbox 110 1159 166 1198; x_wconf 82' lang='lat' dir='ltr'>stor</span> <span class='ocrx_word' id='word_1_413' title='bbox 181 1164 207 1190; x_wconf 83' lang='lat'>&amp;</span> <span class='ocrx_word' id='word_1_414' title='bbox 222 1162 314 1189; x_wconf 81' lang='lat' dir='ltr'><em>Pollux</em></span> <span class='ocrx_word' id='word_1_415' title='bbox 327 1161 438 1199; x_wconf 87' lang='lat' dir='ltr'>equestri</span> <span class='ocrx_word' id='word_1_416' title='bbox 449 1160 540 1187; x_wconf 86' lang='lat' dir='ltr'>habitu</span> <span class='ocrx_word' id='word_1_417' title='bbox 554 1180 560 1190; x_wconf 92' lang='lat'><strong>‚</strong></span> <span class='ocrx_word' id='word_1_418' title='bbox 582 1161 609 1187; x_wconf 63' lang='grc' dir='ltr'>ἃ</span> <span class='ocrx_word' id='word_1_419' title='bbox 625 1159 698 1195; x_wconf 86' lang='lat' dir='ltr'>equis</span> <span class='ocrx_word' id='word_1_420' title='bbox 711 1158 783 1185; x_wconf 65' lang='lat' dir='ltr'>vefti</span> <span class='ocrx_word' id='word_1_421' title='bbox 791 1160 887 1185; x_wconf 65' lang='lat' dir='ltr'>Romae</span> <span class='ocrx_word' id='word_1_422' title='bbox 901 1158 1090 1185; x_wconf 82' lang='lat' dir='ltr'>annuntiarint.</span> <span class='ocrx_word' id='word_1_423' title='bbox 1130 1161 1194 1186; x_wconf 74' lang='lat' dir='ltr'>Haec</span> <span class='ocrx_word' id='word_1_424' title='bbox 1207 1160 1280 1187; x_wconf 85' lang='lat' dir='ltr'>enim</span> <span class='ocrx_word' id='word_1_425' title='bbox 1299 1159 1357 1188; x_wconf 90' lang='lat' dir='ltr'>sunt</span> <span class='ocrx_word' id='word_1_426' title='bbox 1372 1161 1428 1196; x_wconf 90' lang='lat' dir='ltr'>ejus</span> <span class='ocrx_word' id='word_1_427' title='bbox 1441 1161 1538 1188; x_wconf 83' lang='lat' dir='ltr'>verba:</span> <span class='ocrx_word' id='word_1_428' title='bbox 1560 1161 1623 1196; x_wconf 82' lang='lat' dir='ltr'>Ejus</span> <span class='ocrx_word' id='word_1_429' title='bbox 1638 1163 1690 1189; x_wconf 83' lang='lat' dir='ltr'>mi-</span> 
     </span>
     <span class='ocr_line' id='line_1_31' title="bbox 117 1195 1689 1237; baseline -0.004 -8"><span class='ocrx_word' id='word_1_430' title='bbox 117 1199 198 1227; x_wconf 73' lang='lat' dir='ltr'>rificae</span> <span class='ocrx_word' id='word_1_431' title='bbox 211 1201 382 1237; x_wconf 81' lang='lat' dir='ltr'>apparitionis</span> <span class='ocrx_word' id='word_1_432' title='bbox 396 1199 539 1226; x_wconf 88' lang='lat' dir='ltr'>numinum</span> <span class='ocrx_word' id='word_1_433' title='bbox 553 1197 581 1223; x_wconf 89' lang='lat' dir='ltr'>in</span> <span class='ocrx_word' id='word_1_434' title='bbox 595 1196 668 1222; x_wconf 88' lang='lat' dir='ltr'>Urbe</span> <span class='ocrx_word' id='word_1_435' title='bbox 681 1196 766 1222; x_wconf 83' lang='lat' dir='ltr'>multa</span> <span class='ocrx_word' id='word_1_436' title='bbox 779 1202 870 1223; x_wconf 78' lang='lat' dir='ltr'>extant</span> <span class='ocrx_word' id='word_1_437' title='bbox 886 1203 1076 1222; x_wconf 85' lang='lat' dir='ltr'>monumenta:</span> <span class='ocrx_word' id='word_1_438' title='bbox 1092 1196 1118 1222; x_wconf 87' lang='lat' dir='ltr'>in</span> <span class='ocrx_word' id='word_1_439' title='bbox 1135 1195 1196 1223; x_wconf 85' lang='lat' dir='ltr'>foro</span> <span class='ocrx_word' id='word_1_440' title='bbox 1212 1197 1347 1232; x_wconf 85' lang='lat' dir='ltr'>tempium</span> <span class='ocrx_word' id='word_1_441' title='bbox 1361 1196 1491 1232; x_wconf 72' lang='lat' dir='ltr'>Castorum</span> <span class='ocrx_word' id='word_1_442' title='bbox 1504 1198 1609 1234; x_wconf 88' lang='lat' dir='ltr'>publice</span> <span class='ocrx_word' id='word_1_443' title='bbox 1624 1209 1689 1227; x_wconf 89' lang='lat' dir='ltr'>con..</span> 
     </span>
     <span class='ocr_line' id='line_1_32' title="bbox 117 1231 1689 1273; baseline -0.001 -9"><span class='ocrx_word' id='word_1_444' title='bbox 117 1236 303 1268; x_wconf 54' lang='lat' dir='ltr'>strudtummbi</span> <span class='ocrx_word' id='word_1_445' title='bbox 309 1237 368 1264; x_wconf 85' lang='lat' dir='ltr'>visae</span> <span class='ocrx_word' id='word_1_446' title='bbox 374 1236 433 1263; x_wconf 86' lang='lat' dir='ltr'>sunt</span> <span class='ocrx_word' id='word_1_447' title='bbox 440 1243 535 1261; x_wconf 90' lang='lat' dir='ltr'>eorum</span> <span class='ocrx_word' id='word_1_448' title='bbox 543 1234 681 1269; x_wconf 75' lang='lat' dir='ltr'>iniagine5‚</span> <span class='ocrx_word' id='word_1_449' title='bbox 691 1231 842 1268; x_wconf 68' lang='lat' dir='ltr'>vicinuique</span> <span class='ocrx_word' id='word_1_450' title='bbox 850 1231 908 1258; x_wconf 90' lang='lat' dir='ltr'>fons</span> <span class='ocrx_word' id='word_1_451' title='bbox 916 1231 1071 1259; x_wconf 86' lang='lat' dir='ltr'>numinibus</span> <span class='ocrx_word' id='word_1_452' title='bbox 1078 1232 1117 1259; x_wconf 86' lang='lat' dir='ltr'>his</span> <span class='ocrx_word' id='word_1_453' title='bbox 1125 1232 1195 1260; x_wconf 85' lang='lat' dir='ltr'>sacer</span> <span class='ocrx_word' id='word_1_454' title='bbox 1202 1234 1298 1266; x_wconf 57' lang='lat' dir='ltr'>elifius,</span> <span class='ocrx_word' id='word_1_455' title='bbox 1306 1237 1332 1262; x_wconf 59' lang='grc' dir='ltr'>ἃ</span> <span class='ocrx_word' id='word_1_456' title='bbox 1339 1234 1420 1271; x_wconf 87' lang='lat' dir='ltr'>usque</span> <span class='ocrx_word' id='word_1_457' title='bbox 1428 1237 1460 1262; x_wconf 80' lang='lat' dir='ltr'>ad</span> <span class='ocrx_word' id='word_1_458' title='bbox 1468 1237 1555 1262; x_wconf 87' lang='lat' dir='ltr'>nostra</span> <span class='ocrx_word' id='word_1_459' title='bbox 1563 1244 1689 1273; x_wconf 89' lang='lat' dir='ltr'>tempora</span> 
     </span>
     <span class='ocr_line' id='line_1_33' title="bbox 119 1269 1687 1310; baseline -0.001 -8"><span class='ocrx_word' id='word_1_460' title='bbox 119 1275 253 1303; x_wconf 89' lang='lat' dir='ltr'>creditus:</span> <span class='ocrx_word' id='word_1_461' title='bbox 282 1273 508 1302; x_wconf 81' lang='lat' dir='ltr'>tumsacrificium</span> <span class='ocrx_word' id='word_1_462' title='bbox 523 1270 688 1308; x_wconf 83' lang='lat' dir='ltr'>splendidum</span> <span class='ocrx_word' id='word_1_463' title='bbox 707 1291 714 1301; x_wconf 91' lang='lat'>,</span> <span class='ocrx_word' id='word_1_464' title='bbox 735 1271 806 1307; x_wconf 90' lang='lat' dir='ltr'>quod</span> <span class='ocrx_word' id='word_1_465' title='bbox 820 1269 932 1306; x_wconf 87' lang='lat' dir='ltr'>populus</span> <span class='ocrx_word' id='word_1_466' title='bbox 947 1271 1030 1297; x_wconf 90' lang='lat' dir='ltr'>Rom.</span> <span class='ocrx_word' id='word_1_467' title='bbox 1053 1272 1194 1307; x_wconf 80' lang='lat' dir='ltr'>quotannis</span> <span class='ocrx_word' id='word_1_468' title='bbox 1213 1281 1260 1308; x_wconf 87' lang='lat' dir='ltr'>per</span> <span class='ocrx_word' id='word_1_469' title='bbox 1277 1273 1419 1309; x_wconf 82' lang='lat' dir='ltr'>primarios</span> <span class='ocrx_word' id='word_1_470' title='bbox 1439 1273 1566 1310; x_wconf 87' lang='lat' dir='ltr'>equestris</span> <span class='ocrx_word' id='word_1_471' title='bbox 1586 1274 1687 1303; x_wconf 87' lang='lat' dir='ltr'>ordinis</span> 
     </span>
    </p>
   </div>
   <div class='ocr_carea' id='block_1_4' title="bbox 66 1306 1689 1350">
    <p class='ocr_par' dir='ltr' id='par_1_5' title="bbox 66 1306 1689 1350">
     <span class='ocr_line' id='line_1_34' title="bbox 66 1306 1689 1350; baseline 0.001 -12"><span class='ocrx_word' id='word_1_472' title='bbox 66 1306 70 1309; x_wconf 48' lang='grc'><em>’</em></span> <span class='ocrx_word' id='word_1_473' title='bbox 116 1311 203 1339; x_wconf 81' lang='lat' dir='ltr'>Idibus</span> <span class='ocrx_word' id='word_1_474' title='bbox 218 1311 378 1350; x_wconf 74' lang='lat' dir='ltr'>Qintilrbus</span> <span class='ocrx_word' id='word_1_475' title='bbox 391 1311 509 1347; x_wconf 76' lang='lat' dir='ltr'>peragit,</span> <span class='ocrx_word' id='word_1_476' title='bbox 529 1318 580 1345; x_wconf 82' lang='lat' dir='ltr'>qua</span> <span class='ocrx_word' id='word_1_477' title='bbox 593 1309 636 1336; x_wconf 88' lang='lat' dir='ltr'>die</span> <span class='ocrx_word' id='word_1_478' title='bbox 650 1308 761 1335; x_wconf 70' lang='lat' dir='ltr'>vietoria</span> <span class='ocrx_word' id='word_1_479' title='bbox 772 1307 827 1336; x_wconf 75' lang='lat' dir='ltr'>haec</span> <span class='ocrx_word' id='word_1_480' title='bbox 843 1307 881 1335; x_wconf 88' lang='lat' dir='ltr'>illi</span> <span class='ocrx_word' id='word_1_481' title='bbox 895 1308 1018 1345; x_wconf 83' lang='lat' dir='ltr'>contigit.</span> <span class='ocrx_word' id='word_1_482' title='bbox 1058 1309 1155 1336; x_wconf 72' lang='lat' dir='ltr'>Praetei·</span> <span class='ocrx_word' id='word_1_483' title='bbox 1168 1311 1261 1337; x_wconf 81' lang='lat' dir='ltr'>onmia</span> <span class='ocrx_word' id='word_1_484' title='bbox 1281 1320 1346 1338; x_wconf 90' lang='lat' dir='ltr'>vero</span> <span class='ocrx_word' id='word_1_485' title='bbox 1359 1311 1418 1346; x_wconf 87' lang='lat' dir='ltr'>post</span> <span class='ocrx_word' id='word_1_486' title='bbox 1431 1310 1592 1338; x_wconf 87' lang='lat' dir='ltr'>sacrificium</span> <span class='ocrx_word' id='word_1_487' title='bbox 1605 1314 1689 1348; x_wconf 67' lang='lat' dir='ltr'>transt</span> 
     </span>
    </p>
   </div>
   <div class='ocr_carea' id='block_1_5' title="bbox 115 1345 1688 1462">
    <p class='ocr_par' dir='ltr' id='par_1_6' title="bbox 115 1345 1688 1462">
     <span class='ocr_line' id='line_1_35' title="bbox 117 1345 1687 1387; baseline 0.001 -10"><span class='ocrx_word' id='word_1_488' title='bbox 117 1349 199 1377; x_wconf 65' lang='lat' dir='ltr'>vefflo</span> <span class='ocrx_word' id='word_1_489' title='bbox 215 1360 300 1377; x_wconf 84' lang='lat' dir='ltr'>eorum</span> <span class='ocrx_word' id='word_1_490' title='bbox 315 1369 324 1380; x_wconf 88' lang='lat'><em>,</em></span> <span class='ocrx_word' id='word_1_491' title='bbox 345 1351 391 1387; x_wconf 87' lang='lat' dir='ltr'>qui</span> <span class='ocrx_word' id='word_1_492' title='bbox 404 1357 487 1386; x_wconf 88' lang='lat' dir='ltr'>equos</span> <span class='ocrx_word' id='word_1_493' title='bbox 499 1347 596 1374; x_wconf 80' lang='lat' dir='ltr'>habent</span> <span class='ocrx_word' id='word_1_494' title='bbox 610 1356 642 1374; x_wconf 85' lang='lat' dir='ltr'>ex</span> <span class='ocrx_word' id='word_1_495' title='bbox 656 1345 763 1381; x_wconf 86' lang='lat' dir='ltr'>publico</span> <span class='ocrx_word' id='word_1_496' title='bbox 778 1357 783 1372; x_wconf 90' lang='lat'>:</span> <span class='ocrx_word' id='word_1_497' title='bbox 811 1347 856 1383; x_wconf 92' lang='lat' dir='ltr'>qui</span> <span class='ocrx_word' id='word_1_498' title='bbox 868 1355 916 1381; x_wconf 89' lang='lat' dir='ltr'>per</span> <span class='ocrx_word' id='word_1_499' title='bbox 930 1345 1013 1373; x_wconf 85' lang='lat' dir='ltr'>tribus</span> <span class='ocrx_word' id='word_1_500' title='bbox 1027 1346 1053 1372; x_wconf 84' lang='lat'>&amp;</span> <span class='ocrx_word' id='word_1_501' title='bbox 1068 1348 1200 1374; x_wconf 76' lang='lat' dir='ltr'>centurias</span> <span class='ocrx_word' id='word_1_502' title='bbox 1220 1348 1335 1376; x_wconf 68' lang='lat' dir='ltr'>distincti</span> <span class='ocrx_word' id='word_1_503' title='bbox 1348 1369 1357 1380; x_wconf 89' lang='lat'>‚</span> <span class='ocrx_word' id='word_1_504' title='bbox 1397 1349 1491 1375; x_wconf 83' lang='lat' dir='ltr'>ordine</span> <span class='ocrx_word' id='word_1_505' title='bbox 1511 1349 1538 1376; x_wconf 89' lang='lat' dir='ltr'>in</span> <span class='ocrx_word' id='word_1_506' title='bbox 1553 1351 1627 1386; x_wconf 84' lang='lat' dir='ltr'>equis</span> <span class='ocrx_word' id='word_1_507' title='bbox 1641 1360 1687 1378; x_wconf 91' lang='lat' dir='ltr'>ve-</span> 
     </span>
     <span class='ocr_line' id='line_1_36' title="bbox 115 1383 1688 1425; baseline 0.001 -10"><span class='ocrx_word' id='word_1_508' title='bbox 115 1387 214 1416; x_wconf 89' lang='lat' dir='ltr'>huntur</span> <span class='ocrx_word' id='word_1_509' title='bbox 226 1398 335 1420; x_wconf 85' lang='lat' dir='ltr'>omnes,</span> <span class='ocrx_word' id='word_1_510' title='bbox 356 1386 426 1425; x_wconf 83' lang='lat' dir='ltr'>quafi</span> <span class='ocrx_word' id='word_1_511' title='bbox 440 1385 455 1413; x_wconf 78' lang='grc' dir='ltr'>ὲ</span> <span class='ocrx_word' id='word_1_512' title='bbox 468 1394 557 1422; x_wconf 87' lang='lat' dir='ltr'>pugna</span> <span class='ocrx_word' id='word_1_513' title='bbox 573 1384 696 1415; x_wconf 85' lang='lat' dir='ltr'>redeant,</span> <span class='ocrx_word' id='word_1_514' title='bbox 718 1385 838 1423; x_wconf 83' lang='lat' dir='ltr'>coronati</span> <span class='ocrx_word' id='word_1_515' title='bbox 852 1383 949 1410; x_wconf 87' lang='lat' dir='ltr'>fronde</span> <span class='ocrx_word' id='word_1_516' title='bbox 963 1383 1097 1424; x_wconf 69' lang='lat' dir='ltr'>oleagina3</span> <span class='ocrx_word' id='word_1_517' title='bbox 1119 1386 1145 1412; x_wconf 67' lang='grc' dir='ltr'>ὃ(</span> <span class='ocrx_word' id='word_1_518' title='bbox 1162 1386 1234 1423; x_wconf 84' lang='lat' dir='ltr'>togis</span> <span class='ocrx_word' id='word_1_519' title='bbox 1246 1385 1368 1421; x_wconf 81' lang='lat' dir='ltr'>palmatis</span> <span class='ocrx_word' id='word_1_520' title='bbox 1383 1386 1492 1418; x_wconf 71' lang='lat' dir='ltr'>amiffi,</span> <span class='ocrx_word' id='word_1_521' title='bbox 1513 1396 1576 1423; x_wconf 84' lang='lat' dir='ltr'>quas</span> <span class='ocrx_word' id='word_1_522' title='bbox 1590 1396 1688 1417; x_wconf 81' lang='lat' dir='ltr'>vocant</span> 
     </span>
     <span class='ocr_line' id='line_1_37' title="bbox 115 1420 1688 1462; baseline 0 -9"><span class='ocrx_word' id='word_1_523' title='bbox 115 1425 218 1454; x_wconf 83' lang='lat' dir='ltr'>trabeas</span> <span class='ocrx_word' id='word_1_524' title='bbox 227 1447 234 1458; x_wconf 90' lang='lat'>‚</span> <span class='ocrx_word' id='word_1_525' title='bbox 255 1427 334 1454; x_wconf 85' lang='lat' dir='ltr'>initio</span> <span class='ocrx_word' id='word_1_526' title='bbox 347 1433 455 1462; x_wconf 89' lang='lat' dir='ltr'>pompae</span> <span class='ocrx_word' id='word_1_527' title='bbox 469 1422 540 1450; x_wconf 72' lang='lat' dir='ltr'>faeto</span> <span class='ocrx_word' id='word_1_528' title='bbox 554 1421 586 1449; x_wconf 90' lang='lat' dir='ltr'>ab</span> <span class='ocrx_word' id='word_1_529' title='bbox 598 1422 646 1448; x_wconf 64' lang='lat' dir='ltr'>ade</span> <span class='ocrx_word' id='word_1_530' title='bbox 658 1425 754 1448; x_wconf 65' lang='lat' dir='ltr'>Marta</span> <span class='ocrx_word' id='word_1_531' title='bbox 768 1442 777 1453; x_wconf 90' lang='lat'><em>,</em></span> <span class='ocrx_word' id='word_1_532' title='bbox 798 1431 855 1458; x_wconf 83' lang='lat' dir='ltr'>quae</span> <span class='ocrx_word' id='word_1_533' title='bbox 870 1427 942 1448; x_wconf 71' lang='lat' dir='ltr'>eXtta</span> <span class='ocrx_word' id='word_1_534' title='bbox 956 1420 1062 1447; x_wconf 89' lang='lat' dir='ltr'>Urbem</span> <span class='ocrx_word' id='word_1_535' title='bbox 1079 1424 1124 1449; x_wconf 79' lang='lat' dir='ltr'>lita</span> <span class='ocrx_word' id='word_1_536' title='bbox 1139 1422 1174 1451; x_wconf 84' lang='lat' dir='ltr'>est</span> <span class='ocrx_word' id='word_1_537' title='bbox 1188 1444 1195 1455; x_wconf 92' lang='lat'>‚</span> <span class='ocrx_word' id='word_1_538' title='bbox 1228 1425 1255 1451; x_wconf 63' lang='grc' dir='ltr'>ὃς</span> <span class='ocrx_word' id='word_1_539' title='bbox 1269 1423 1480 1459; x_wconf 82' lang='lat' dir='ltr'>pertranseuntes</span> <span class='ocrx_word' id='word_1_540' title='bbox 1501 1434 1564 1452; x_wconf 89' lang='lat' dir='ltr'>cum</span> <span class='ocrx_word' id='word_1_541' title='bbox 1583 1434 1688 1455; x_wconf 79' lang='lat' dir='ltr'>caetems</span> 
     </span>
    </p>
   </div>
   <div class='ocr_carea' id='block_1_6' title="bbox 100 1458 1693 1504">
    <p class='ocr_par' dir='ltr' id='par_1_7' title="bbox 100 1458 1693 1504">
     <span class='ocr_line' id='line_1_38' title="bbox 100 1458 1693 1504; baseline 0.007 -23"><span class='ocrx_word' id='word_1_542' title='bbox 100 1478 101 1481; x_wconf 74' lang='grc'>,</span> <span class='ocrx_word' id='word_1_543' title='bbox 114 1464 200 1493; x_wconf 31' lang='lat' dir='ltr'>Urbis·</span> <span class='ocrx_word' id='word_1_544' title='bbox 209 1471 311 1501; x_wconf 75' lang='lat' dir='ltr'>partes,</span> <span class='ocrx_word' id='word_1_545' title='bbox 331 1471 392 1492; x_wconf 82' lang='lat' dir='ltr'>tum</span> <span class='ocrx_word' id='word_1_546' title='bbox 405 1462 511 1493; x_wconf 85' lang='lat' dir='ltr'>forum,</span> <span class='ocrx_word' id='word_1_547' title='bbox 531 1461 670 1497; x_wconf 84' lang='lat' dir='ltr'>aedemque</span> <span class='ocrx_word' id='word_1_548' title='bbox 683 1458 827 1497; x_wconf 72' lang='lat' dir='ltr'>Castorum,</span> <span class='ocrx_word' id='word_1_549' title='bbox 845 1468 1039 1495; x_wconf 84' lang='lat' dir='ltr'>nonnunquam</span> <span class='ocrx_word' id='word_1_550' title='bbox 1054 1460 1171 1496; x_wconf 85' lang='lat' dir='ltr'>quinque</span> <span class='ocrx_word' id='word_1_551' title='bbox 1178 1462 1299 1488; x_wconf 87' lang='lat' dir='ltr'>virorum</span> <span class='ocrx_word' id='word_1_552' title='bbox 1315 1461 1410 1504; x_wconf 60' lang='lat' dir='ltr'>mima?</span> <span class='ocrx_word' id='word_1_553' title='bbox 1420 1470 1542 1499; x_wconf 85' lang='lat' dir='ltr'>gerentes</span> <span class='ocrx_word' id='word_1_554' title='bbox 1556 1464 1693 1500; x_wconf 87' lang='lat' dir='ltr'>quicquid·</span> 
     </span>
    </p>
   </div>
   <div class='ocr_carea' id='block_1_7' title="bbox 108 1496 1687 2264">
    <p class='ocr_par' dir='ltr' id='par_1_8' title="bbox 112 1496 1687 1569">
     <span class='ocr_line' id='line_1_39' title="bbox 112 1496 1687 1538; baseline -0.001 -8"><span class='ocrx_word' id='word_1_555' title='bbox 112 1502 249 1530; x_wconf 80' lang='lat' dir='ltr'>donorum</span> <span class='ocrx_word' id='word_1_556' title='bbox 264 1502 421 1529; x_wconf 88' lang='lat' dir='ltr'>militarium</span> <span class='ocrx_word' id='word_1_557' title='bbox 435 1505 593 1537; x_wconf 86' lang='lat' dir='ltr'>acceperunt</span> <span class='ocrx_word' id='word_1_558' title='bbox 607 1496 621 1525; x_wconf 68' lang='grc' dir='ltr'>ὲ</span> <span class='ocrx_word' id='word_1_559' title='bbox 635 1496 757 1526; x_wconf 87' lang='lat' dir='ltr'>ducibus:</span> <span class='ocrx_word' id='word_1_560' title='bbox 779 1499 917 1535; x_wconf 85' lang='lat' dir='ltr'>egregium</span> <span class='ocrx_word' id='word_1_561' title='bbox 930 1496 989 1524; x_wconf 81' lang='lat' dir='ltr'>sane</span> <span class='ocrx_word' id='word_1_562' title='bbox 1003 1496 1199 1533; x_wconf 67' lang='lat' dir='ltr'>spectaculum,</span> <span class='ocrx_word' id='word_1_563' title='bbox 1219 1500 1386 1537; x_wconf 86' lang='lat' dir='ltr'>dignumque</span> <span class='ocrx_word' id='word_1_564' title='bbox 1400 1501 1508 1536; x_wconf 87' lang='lat' dir='ltr'>imperii</span> <span class='ocrx_word' id='word_1_565' title='bbox 1522 1502 1687 1538; x_wconf 83' lang='lat' dir='ltr'>magnitudi-</span> 
     </span>
     <span class='ocr_line' id='line_1_40' title="bbox 113 1539 480 1569; baseline -0.008 -1"><span class='ocrx_word' id='word_1_566' title='bbox 113 1549 156 1569; x_wconf 87' lang='lat' dir='ltr'>ne.</span> <span class='ocrx_word' id='word_1_567' title='bbox 197 1540 331 1568; x_wconf 72' lang='lat' dir='ltr'>Hactenus</span> <span class='ocrx_word' id='word_1_568' title='bbox 344 1539 410 1567; x_wconf 82' lang='lat' dir='ltr'>Dion</span> <span class='ocrx_word' id='word_1_569' title='bbox 432 1549 480 1566; x_wconf 73' lang='lat' dir='ltr'>tus.</span> 
     </span>
    </p>

    <p class='ocr_par' dir='ltr' id='par_1_9' title="bbox 112 1537 1687 1798">
     <span class='ocr_line' id='line_1_41' title="bbox 154 1537 1687 1613; baseline 0.001 -7"><span class='ocrx_word' id='word_1_570' title='bbox 154 1579 248 1606; x_wconf 89' lang='lat' dir='ltr'>XVII.</span> <span class='ocrx_word' id='word_1_571' title='bbox 269 1537 546 1608; x_wconf 64' lang='lat' dir='ltr'>Kaiendasyssextileis,</span> <span class='ocrx_word' id='word_1_572' title='bbox 564 1576 616 1603; x_wconf 82' lang='lat' dir='ltr'>dies</span> <span class='ocrx_word' id='word_1_573' title='bbox 631 1581 690 1602; x_wconf 81' lang='lat' dir='ltr'>atra</span> <span class='ocrx_word' id='word_1_574' title='bbox 706 1572 824 1613; x_wconf 80' lang='lat' dir='ltr'>Allienfis</span> <span class='ocrx_word' id='word_1_575' title='bbox 837 1573 922 1601; x_wconf 66' lang='lat' dir='ltr'>dieis:</span> <span class='ocrx_word' id='word_1_576' title='bbox 942 1574 991 1610; x_wconf 76' lang='lat' dir='ltr'>qui.</span> <span class='ocrx_word' id='word_1_577' title='bbox 1001 1574 1057 1602; x_wconf 86' lang='lat' dir='ltr'>dies</span> <span class='ocrx_word' id='word_1_578' title='bbox 1069 1575 1119 1602; x_wconf 83' lang='lat' dir='ltr'>atri</span> <span class='ocrx_word' id='word_1_579' title='bbox 1132 1575 1195 1607; x_wconf 79' lang='lat' dir='ltr'>sint,</span> <span class='ocrx_word' id='word_1_580' title='bbox 1216 1578 1297 1605; x_wconf 86' lang='lat' dir='ltr'>&amp;cur</span> <span class='ocrx_word' id='word_1_581' title='bbox 1312 1576 1346 1604; x_wconf 84' lang='lat' dir='ltr'>fic</span> <span class='ocrx_word' id='word_1_582' title='bbox 1353 1576 1490 1613; x_wconf 86' lang='lat' dir='ltr'>appellati,</span> <span class='ocrx_word' id='word_1_583' title='bbox 1512 1575 1587 1612; x_wconf 83' lang='lat' dir='ltr'>supra</span> <span class='ocrx_word' id='word_1_584' title='bbox 1601 1578 1687 1607; x_wconf 84' lang='lat' dir='ltr'>osten-</span> 
     </span>
     <span class='ocr_line' id='line_1_42' title="bbox 112 1611 1686 1653; baseline -0.001 -9"><span class='ocrx_word' id='word_1_585' title='bbox 112 1617 216 1646; x_wconf 78' lang='lat' dir='ltr'>&#39;dimus-</span> <span class='ocrx_word' id='word_1_586' title='bbox 257 1617 311 1644; x_wconf 91' lang='lat' dir='ltr'>Hic</span> <span class='ocrx_word' id='word_1_587' title='bbox 324 1624 415 1644; x_wconf 87' lang='lat' dir='ltr'>autem</span> <span class='ocrx_word' id='word_1_588' title='bbox 428 1617 484 1643; x_wconf 88' lang='lat' dir='ltr'>dies</span> <span class='ocrx_word' id='word_1_589' title='bbox 497 1615 664 1651; x_wconf 82' lang='lat' dir='ltr'>peculiariter</span> <span class='ocrx_word' id='word_1_590' title='bbox 677 1611 790 1651; x_wconf 79' lang='lat' dir='ltr'>Alltenfis</span> <span class='ocrx_word' id='word_1_591' title='bbox 805 1620 913 1640; x_wconf 86' lang='lat' dir='ltr'>vocatus</span> <span class='ocrx_word' id='word_1_592' title='bbox 924 1632 933 1643; x_wconf 89' lang='lat'><em>,</em></span> <span class='ocrx_word' id='word_1_593' title='bbox 953 1612 1025 1649; x_wconf 90' lang='lat' dir='ltr'>quod</span> <span class='ocrx_word' id='word_1_594' title='bbox 1040 1623 1073 1640; x_wconf 88' lang='lat' dir='ltr'>eo</span> <span class='ocrx_word' id='word_1_595' title='bbox 1087 1613 1130 1640; x_wconf 89' lang='lat' dir='ltr'>die</span> <span class='ocrx_word' id='word_1_596' title='bbox 1144 1613 1258 1642; x_wconf 84' lang='lat' dir='ltr'>Tribuni</span> <span class='ocrx_word' id='word_1_597' title='bbox 1272 1614 1392 1642; x_wconf 87' lang='lat' dir='ltr'>militum</span> <span class='ocrx_word' id='word_1_598' title='bbox 1407 1615 1525 1653; x_wconf 88' lang='lat' dir='ltr'>legiones</span> <span class='ocrx_word' id='word_1_599' title='bbox 1539 1615 1571 1641; x_wconf 88' lang='lat' dir='ltr'>ad</span> <span class='ocrx_word' id='word_1_600' title='bbox 1584 1615 1686 1644; x_wconf 78' lang='lat' dir='ltr'>Allmm</span> 
     </span>
     <span class='ocr_line' id='line_1_43' title="bbox 116 1649 1685 1690; baseline -0.001 -8"><span class='ocrx_word' id='word_1_601' title='bbox 116 1655 233 1683; x_wconf 88' lang='lat' dir='ltr'>fluvium</span> <span class='ocrx_word' id='word_1_602' title='bbox 246 1654 388 1682; x_wconf 87' lang='lat' dir='ltr'>educentes</span> <span class='ocrx_word' id='word_1_603' title='bbox 400 1653 415 1681; x_wconf 71' lang='grc' dir='ltr'>ὲ</span> <span class='ocrx_word' id='word_1_604' title='bbox 427 1653 510 1681; x_wconf 85' lang='lat' dir='ltr'>Gallis</span> <span class='ocrx_word' id='word_1_605' title='bbox 522 1661 611 1690; x_wconf 84' lang='lat' dir='ltr'>pugna</span> <span class='ocrx_word' id='word_1_606' title='bbox 626 1651 691 1680; x_wconf 65' lang='lat' dir='ltr'>vieti</span> <span class='ocrx_word' id='word_1_607' title='bbox 701 1650 767 1682; x_wconf 68' lang='lat' dir='ltr'>sint,</span> <span class='ocrx_word' id='word_1_608' title='bbox 788 1653 815 1679; x_wconf 82' lang='lat'>&amp;</span> <span class='ocrx_word' id='word_1_609' title='bbox 827 1649 932 1678; x_wconf 83' lang='lat' dir='ltr'>Urbem</span> <span class='ocrx_word' id='word_1_610' title='bbox 947 1649 1093 1680; x_wconf 85' lang='lat' dir='ltr'>amiserint.</span> <span class='ocrx_word' id='word_1_611' title='bbox 1123 1651 1271 1680; x_wconf 73' lang='lat' dir='ltr'>Plutarchus</span> <span class='ocrx_word' id='word_1_612' title='bbox 1286 1654 1313 1680; x_wconf 89' lang='lat' dir='ltr'>in</span> <span class='ocrx_word' id='word_1_613' title='bbox 1329 1651 1523 1690; x_wconf 78' lang='lat' dir='ltr'>Qaestion&#39;ibus</span> <span class='ocrx_word' id='word_1_614' title='bbox 1538 1653 1685 1687; x_wconf 82' lang='lat' dir='ltr'>Romanis,</span> 
     </span>
     <span class='ocr_line' id='line_1_44' title="bbox 114 1687 1687 1731; baseline -0.002 -10"><span class='ocrx_word' id='word_1_615' title='bbox 114 1693 259 1731; x_wconf 85' lang='lat' dir='ltr'>quaestione</span> <span class='ocrx_word' id='word_1_616' title='bbox 275 1702 319 1729; x_wconf 85' lang='lat'>25.</span> <span class='ocrx_word' id='word_1_617' title='bbox 340 1694 368 1721; x_wconf 63' lang='grc' dir='ltr'>ὃς</span> <span class='ocrx_word' id='word_1_618' title='bbox 383 1693 411 1720; x_wconf 89' lang='lat' dir='ltr'>in</span> <span class='ocrx_word' id='word_1_619' title='bbox 424 1690 551 1719; x_wconf 82' lang='lat' dir='ltr'>Camillo.</span> <span class='ocrx_word' id='word_1_620' title='bbox 570 1688 659 1717; x_wconf 79' lang='lat' dir='ltr'>Livius</span> <span class='ocrx_word' id='word_1_621' title='bbox 673 1687 743 1716; x_wconf 90' lang='lat' dir='ltr'>libro</span> <span class='ocrx_word' id='word_1_622' title='bbox 755 1699 782 1725; x_wconf 87' lang='lat'>5.</span> <span class='ocrx_word' id='word_1_623' title='bbox 800 1687 940 1715; x_wconf 68' lang='lat' dir='ltr'>Macrolnus</span> <span class='ocrx_word' id='word_1_624' title='bbox 951 1687 1021 1715; x_wconf 86' lang='lat' dir='ltr'>libro</span> <span class='ocrx_word' id='word_1_625' title='bbox 1038 1700 1061 1717; x_wconf 88' lang='lat' dir='ltr'>i.</span> <span class='ocrx_word' id='word_1_626' title='bbox 1076 1691 1204 1718; x_wconf 81' lang='lat' dir='ltr'>saturnal.</span> <span class='ocrx_word' id='word_1_627' title='bbox 1227 1701 1283 1727; x_wconf 83' lang='lat' dir='ltr'>cap.</span> <span class='ocrx_word' id='word_1_628' title='bbox 1303 1694 1342 1718; x_wconf 87' lang='lat'>16.</span> <span class='ocrx_word' id='word_1_629' title='bbox 1367 1690 1449 1718; x_wconf 74' lang='lat' dir='ltr'>Citero</span> <span class='ocrx_word' id='word_1_630' title='bbox 1463 1689 1569 1727; x_wconf 81' lang='lat' dir='ltr'>epistola</span> <span class='ocrx_word' id='word_1_631' title='bbox 1584 1701 1611 1726; x_wconf 83' lang='lat'>5.</span> <span class='ocrx_word' id='word_1_632' title='bbox 1625 1691 1687 1721; x_wconf 83' lang='lat' dir='ltr'>libri</span> 
     </span>
     <span class='ocr_line' id='line_1_45' title="bbox 114 1726 1686 1768; baseline -0.003 -9"><span class='ocrx_word' id='word_1_633' title='bbox 114 1742 143 1768; x_wconf 90' lang='lat'>9.</span> <span class='ocrx_word' id='word_1_634' title='bbox 157 1731 189 1759; x_wconf 85' lang='lat' dir='ltr'>ad</span> <span class='ocrx_word' id='word_1_635' title='bbox 204 1732 340 1759; x_wconf 86' lang='lat' dir='ltr'>Atticum:</span> <span class='ocrx_word' id='word_1_636' title='bbox 362 1731 479 1767; x_wconf 86' lang='lat' dir='ltr'>Majores</span> <span class='ocrx_word' id='word_1_637' title='bbox 492 1728 574 1757; x_wconf 86' lang='lat' dir='ltr'>nostri</span> <span class='ocrx_word' id='word_1_638' title='bbox 586 1728 759 1766; x_wconf 81' lang='lat' dir='ltr'>funestiorem</span> <span class='ocrx_word' id='word_1_639' title='bbox 773 1727 847 1754; x_wconf 89' lang='lat' dir='ltr'>diem</span> <span class='ocrx_word' id='word_1_640' title='bbox 861 1727 912 1754; x_wconf 91' lang='lat' dir='ltr'>esse</span> <span class='ocrx_word' id='word_1_641' title='bbox 925 1726 1066 1755; x_wconf 90' lang='lat' dir='ltr'>voluerunt</span> <span class='ocrx_word' id='word_1_642' title='bbox 1079 1727 1198 1767; x_wconf 74' lang='lat' dir='ltr'>Allienfis</span> <span class='ocrx_word' id='word_1_643' title='bbox 1211 1738 1403 1767; x_wconf 82' lang='lat' dir='ltr'>pugnae‚quam</span> <span class='ocrx_word' id='word_1_644' title='bbox 1412 1727 1492 1757; x_wconf 81' lang='lat' dir='ltr'>Urbis</span> <span class='ocrx_word' id='word_1_645' title='bbox 1506 1736 1602 1764; x_wconf 68' lang='lat' dir='ltr'>captae,</span> <span class='ocrx_word' id='word_1_646' title='bbox 1612 1731 1686 1766; x_wconf 83' lang='lat' dir='ltr'>quod</span> 
     </span>
     <span class='ocr_line' id='line_1_46' title="bbox 112 1764 1626 1798; baseline -0.003 0"><span class='ocrx_word' id='word_1_647' title='bbox 112 1769 276 1798; x_wconf 82' lang='lat' dir='ltr'>hoemalum</span> <span class='ocrx_word' id='word_1_648' title='bbox 284 1778 316 1797; x_wconf 86' lang='lat' dir='ltr'>ex</span> <span class='ocrx_word' id='word_1_649' title='bbox 323 1768 378 1796; x_wconf 89' lang='lat' dir='ltr'>illo.</span> <span class='ocrx_word' id='word_1_650' title='bbox 399 1769 503 1796; x_wconf 88' lang='lat' dir='ltr'>Eodem</span> <span class='ocrx_word' id='word_1_651' title='bbox 511 1768 554 1796; x_wconf 90' lang='lat' dir='ltr'>die</span> <span class='ocrx_word' id='word_1_652' title='bbox 559 1766 672 1794; x_wconf 88' lang='lat' dir='ltr'>trecenti</span> <span class='ocrx_word' id='word_1_653' title='bbox 679 1764 750 1793; x_wconf 73' lang='lat' dir='ltr'>Fabir</span> <span class='ocrx_word' id='word_1_654' title='bbox 756 1764 789 1792; x_wconf 87' lang='lat' dir='ltr'>ad</span> <span class='ocrx_word' id='word_1_655' title='bbox 797 1766 957 1792; x_wconf 87' lang='lat' dir='ltr'>Cremeram</span> <span class='ocrx_word' id='word_1_656' title='bbox 971 1765 998 1792; x_wconf 87' lang='lat' dir='ltr'>in</span> <span class='ocrx_word' id='word_1_657' title='bbox 1007 1766 1132 1793; x_wconf 88' lang='lat' dir='ltr'>Hetruria</span> <span class='ocrx_word' id='word_1_658' title='bbox 1139 1767 1195 1794; x_wconf 83' lang='lat' dir='ltr'>caesi</span> <span class='ocrx_word' id='word_1_659' title='bbox 1203 1768 1334 1796; x_wconf 85' lang='lat' dir='ltr'>feruntur.</span> <span class='ocrx_word' id='word_1_660' title='bbox 1355 1766 1459 1795; x_wconf 89' lang='lat' dir='ltr'>Authoi·</span> <span class='ocrx_word' id='word_1_661' title='bbox 1469 1766 1626 1794; x_wconf 76' lang='lat' dir='ltr'>Plutarchus.</span> 
     </span>
    </p>

    <p class='ocr_par' dir='ltr' id='par_1_10' title="bbox 112 1801 1687 1880">
     <span class='ocr_line' id='line_1_47' title="bbox 154 1801 1687 1841; baseline -0.001 -7"><span class='ocrx_word' id='word_1_662' title='bbox 154 1808 232 1835; x_wconf 87' lang='lat' dir='ltr'>XIV.</span> <span class='ocrx_word' id='word_1_663' title='bbox 253 1807 314 1836; x_wconf 85' lang='lat' dir='ltr'>Kal.</span> <span class='ocrx_word' id='word_1_664' title='bbox 326 1806 446 1835; x_wconf 88' lang='lat' dir='ltr'>Sextileis</span> <span class='ocrx_word' id='word_1_665' title='bbox 460 1805 567 1833; x_wconf 79' lang='lat' dir='ltr'>Lucaria</span> <span class='ocrx_word' id='word_1_666' title='bbox 581 1811 656 1833; x_wconf 76' lang='lat' dir='ltr'>erant</span> <span class='ocrx_word' id='word_1_667' title='bbox 668 1825 676 1836; x_wconf 92' lang='lat'>,</span> <span class='ocrx_word' id='word_1_668' title='bbox 702 1804 736 1831; x_wconf 89' lang='lat' dir='ltr'>de</span> <span class='ocrx_word' id='word_1_669' title='bbox 751 1801 846 1841; x_wconf 88' lang='lat' dir='ltr'>quibus</span> <span class='ocrx_word' id='word_1_670' title='bbox 867 1804 903 1832; x_wconf 90' lang='lat' dir='ltr'>ita</span> <span class='ocrx_word' id='word_1_671' title='bbox 925 1803 1114 1832; x_wconf 85' lang='lat' dir='ltr'>Kalendarium</span> <span class='ocrx_word' id='word_1_672' title='bbox 1129 1815 1134 1831; x_wconf 88' lang='lat'><strong>:</strong></span> <span class='ocrx_word' id='word_1_673' title='bbox 1160 1807 1196 1833; x_wconf 88' lang='lat' dir='ltr'>H.</span> <span class='ocrx_word' id='word_1_674' title='bbox 1217 1808 1240 1834; x_wconf 90' lang='lat' dir='ltr'>L</span> <span class='ocrx_word' id='word_1_675' title='bbox 1250 1816 1266 1833; x_wconf 91' lang='grc' dir='ltr'>υ</span> <span class='ocrx_word' id='word_1_676' title='bbox 1275 1814 1313 1834; x_wconf 77' lang='lat' dir='ltr'>cA</span> <span class='ocrx_word' id='word_1_677' title='bbox 1322 1816 1348 1833; x_wconf 83' lang='lat' dir='ltr'>R.</span> <span class='ocrx_word' id='word_1_678' title='bbox 1374 1805 1434 1832; x_wconf 86' lang='lat' dir='ltr'>NP.</span> <span class='ocrx_word' id='word_1_679' title='bbox 1465 1806 1519 1832; x_wconf 82' lang='lat' dir='ltr'>ME</span> <span class='ocrx_word' id='word_1_680' title='bbox 1530 1814 1545 1831; x_wconf 80' lang='lat' dir='ltr'>R</span> <span class='ocrx_word' id='word_1_681' title='bbox 1554 1813 1593 1832; x_wconf 82' lang='lat' dir='ltr'>CA</span> <span class='ocrx_word' id='word_1_682' title='bbox 1602 1815 1619 1833; x_wconf 84' lang='grc' dir='ltr'><strong>τ</strong></span> <span class='ocrx_word' id='word_1_683' title='bbox 1628 1814 1666 1835; x_wconf 83' lang='lat' dir='ltr'>us</span> <span class='ocrx_word' id='word_1_684' title='bbox 1677 1804 1687 1833; x_wconf 65' lang='lat' dir='ltr'>j</span> 
     </span>
     <span class='ocr_line' id='line_1_48' title="bbox 112 1843 922 1880; baseline -0.006 -6"><span class='ocrx_word' id='word_1_685' title='bbox 112 1843 167 1874; x_wconf 81' lang='lat' dir='ltr'>hoc</span> <span class='ocrx_word' id='word_1_686' title='bbox 180 1846 229 1878; x_wconf 90' lang='lat' dir='ltr'>est,</span> <span class='ocrx_word' id='word_1_687' title='bbox 250 1847 430 1878; x_wconf 78' lang='lat' dir='ltr'>LUCARIA,</span> <span class='ocrx_word' id='word_1_688' title='bbox 452 1844 574 1873; x_wconf 85' lang='lat' dir='ltr'>Nefastus</span> <span class='ocrx_word' id='word_1_689' title='bbox 586 1844 690 1880; x_wconf 88' lang='lat' dir='ltr'>primo,</span> <span class='ocrx_word' id='word_1_690' title='bbox 711 1843 922 1870; x_wconf 65' lang='lat' dir='ltr'>Mencsrus.</span> 
     </span>
    </p>

    <p class='ocr_par' dir='ltr' id='par_1_11' title="bbox 111 1878 1686 2071">
     <span class='ocr_line' id='line_1_49' title="bbox 154 1878 1682 1921; baseline 0.001 -12"><span class='ocrx_word' id='word_1_691' title='bbox 154 1883 249 1911; x_wconf 69' lang='lat' dir='ltr'>Lucs</span> <span class='ocrx_word' id='word_1_692' title='bbox 258 1895 274 1912; x_wconf 83' lang='lat' dir='ltr'>R</span> <span class='ocrx_word' id='word_1_693' title='bbox 285 1894 295 1912; x_wconf 94' lang='lat'>1</span> <span class='ocrx_word' id='word_1_694' title='bbox 306 1894 321 1912; x_wconf 82' lang='lat' dir='ltr'>A</span> <span class='ocrx_word' id='word_1_695' title='bbox 343 1883 419 1916; x_wconf 86' lang='lat' dir='ltr'>festa,</span> <span class='ocrx_word' id='word_1_696' title='bbox 439 1884 527 1921; x_wconf 91' lang='lat' dir='ltr'>inquit</span> <span class='ocrx_word' id='word_1_697' title='bbox 539 1884 609 1910; x_wconf 76' lang='lat' dir='ltr'>Sext.</span> <span class='ocrx_word' id='word_1_698' title='bbox 623 1882 765 1915; x_wconf 59' lang='lat' dir='ltr'>pompejus,</span> <span class='ocrx_word' id='word_1_699' title='bbox 784 1880 812 1907; x_wconf 88' lang='lat' dir='ltr'>in</span> <span class='ocrx_word' id='word_1_700' title='bbox 824 1879 885 1908; x_wconf 88' lang='lat' dir='ltr'>luco</span> <span class='ocrx_word' id='word_1_701' title='bbox 899 1878 1023 1909; x_wconf 83' lang='lat' dir='ltr'>colebant</span> <span class='ocrx_word' id='word_1_702' title='bbox 1039 1882 1158 1910; x_wconf 85' lang='lat' dir='ltr'>Romani</span> <span class='ocrx_word' id='word_1_703' title='bbox 1172 1903 1179 1914; x_wconf 96' lang='lat'>,</span> <span class='ocrx_word' id='word_1_704' title='bbox 1198 1883 1246 1920; x_wconf 88' lang='lat' dir='ltr'>qui</span> <span class='ocrx_word' id='word_1_705' title='bbox 1262 1891 1423 1919; x_wconf 85' lang='lat' dir='ltr'>permagnus</span> <span class='ocrx_word' id='word_1_706' title='bbox 1437 1883 1507 1910; x_wconf 89' lang='lat' dir='ltr'>inter</span> <span class='ocrx_word' id='word_1_707' title='bbox 1520 1881 1593 1909; x_wconf 87' lang='lat' dir='ltr'>viam</span> <span class='ocrx_word' id='word_1_708' title='bbox 1609 1882 1682 1911; x_wconf 78' lang='lat' dir='ltr'>Sala-</span> 
     </span>
     <span class='ocr_line' id='line_1_50' title="bbox 113 1917 1686 1958; baseline 0.001 -9"><span class='ocrx_word' id='word_1_709' title='bbox 113 1918 196 1953; x_wconf 78' lang='lat' dir='ltr'>riam,</span> <span class='ocrx_word' id='word_1_710' title='bbox 216 1923 243 1950; x_wconf 88' lang='lat'>&amp;</span> <span class='ocrx_word' id='word_1_711' title='bbox 257 1920 368 1949; x_wconf 79' lang='lat' dir='ltr'>Tiberim</span> <span class='ocrx_word' id='word_1_712' title='bbox 380 1922 444 1950; x_wconf 89' lang='lat' dir='ltr'>fuit:</span> <span class='ocrx_word' id='word_1_713' title='bbox 465 1931 515 1958; x_wconf 92' lang='lat' dir='ltr'>pro</span> <span class='ocrx_word' id='word_1_714' title='bbox 527 1930 575 1951; x_wconf 90' lang='lat' dir='ltr'>eo,</span> <span class='ocrx_word' id='word_1_715' title='bbox 595 1920 669 1957; x_wconf 90' lang='lat' dir='ltr'>quod</span> <span class='ocrx_word' id='word_1_716' title='bbox 681 1919 744 1947; x_wconf 64' lang='lat' dir='ltr'>vieti</span> <span class='ocrx_word' id='word_1_717' title='bbox 758 1917 772 1946; x_wconf 66' lang='grc' dir='ltr'>ὲ</span> <span class='ocrx_word' id='word_1_718' title='bbox 791 1918 874 1946; x_wconf 84' lang='lat' dir='ltr'>Gallis</span> <span class='ocrx_word' id='word_1_719' title='bbox 887 1917 1020 1957; x_wconf 84' lang='lat' dir='ltr'>fugientes</span> <span class='ocrx_word' id='word_1_720' title='bbox 1032 1918 1046 1946; x_wconf 76' lang='grc' dir='ltr'>ἐ</span> <span class='ocrx_word' id='word_1_721' title='bbox 1054 1920 1158 1955; x_wconf 82' lang='lat' dir='ltr'>praelio,</span> <span class='ocrx_word' id='word_1_722' title='bbox 1178 1919 1215 1948; x_wconf 84' lang='lat' dir='ltr'>ibi</span> <span class='ocrx_word' id='word_1_723' title='bbox 1228 1921 1253 1949; x_wconf 93' lang='lat' dir='ltr'>se</span> <span class='ocrx_word' id='word_1_724' title='bbox 1260 1921 1470 1949; x_wconf 82' lang='lat' dir='ltr'>occultaverunt.</span> <span class='ocrx_word' id='word_1_725' title='bbox 1493 1923 1571 1947; x_wconf 84' lang='lat' dir='ltr'>Varro</span> <span class='ocrx_word' id='word_1_726' title='bbox 1585 1919 1645 1950; x_wconf 85' lang='lat' dir='ltr'>libr.</span> <span class='ocrx_word' id='word_1_727' title='bbox 1653 1932 1686 1958; x_wconf 84' lang='lat'>5.:</span> 
     </span>
     <span class='ocr_line' id='line_1_51' title="bbox 113 1956 1680 1996; baseline 0.001 -11"><span class='ocrx_word' id='word_1_728' title='bbox 113 1959 149 1986; x_wconf 89' lang='lat' dir='ltr'>de</span> <span class='ocrx_word' id='word_1_729' title='bbox 160 1959 251 1996; x_wconf 83' lang='lat' dir='ltr'>lingua</span> <span class='ocrx_word' id='word_1_730' title='bbox 260 1961 366 1988; x_wconf 82' lang='lat' dir='ltr'>Latina:</span> <span class='ocrx_word' id='word_1_731' title='bbox 386 1959 495 1988; x_wconf 71' lang='lat' dir='ltr'>Lucaria</span> <span class='ocrx_word' id='word_1_732' title='bbox 508 1960 576 1988; x_wconf 87' lang='lat' dir='ltr'>item</span> <span class='ocrx_word' id='word_1_733' title='bbox 590 1957 604 1985; x_wconf 72' lang='grc' dir='ltr'>ὲ</span> <span class='ocrx_word' id='word_1_734' title='bbox 617 1957 691 1988; x_wconf 87' lang='lat' dir='ltr'>luce,</span> <span class='ocrx_word' id='word_1_735' title='bbox 713 1956 787 1994; x_wconf 86' lang='lat' dir='ltr'>quod</span> <span class='ocrx_word' id='word_1_736' title='bbox 798 1965 908 1994; x_wconf 87' lang='lat' dir='ltr'>propter</span> <span class='ocrx_word' id='word_1_737' title='bbox 922 1959 1009 1985; x_wconf 88' lang='lat' dir='ltr'>lucem</span> <span class='ocrx_word' id='word_1_738' title='bbox 1025 1958 1146 1985; x_wconf 67' lang='lat' dir='ltr'>amissam</span> <span class='ocrx_word' id='word_1_739' title='bbox 1161 1960 1182 1986; x_wconf 91' lang='lat' dir='ltr'>is</span> <span class='ocrx_word' id='word_1_740' title='bbox 1197 1959 1282 1987; x_wconf 89' lang='lat' dir='ltr'>cultus</span> <span class='ocrx_word' id='word_1_741' title='bbox 1295 1959 1426 1987; x_wconf 87' lang='lat' dir='ltr'>institutus</span> <span class='ocrx_word' id='word_1_742' title='bbox 1455 1959 1497 1985; x_wconf 88' lang='lat' dir='ltr'>Sic</span> <span class='ocrx_word' id='word_1_743' title='bbox 1510 1957 1581 1985; x_wconf 89' lang='lat' dir='ltr'>hunc</span> <span class='ocrx_word' id='word_1_744' title='bbox 1589 1958 1680 1988; x_wconf 87' lang='lat' dir='ltr'>locum</span> 
     </span>
     <span class='ocr_line' id='line_1_52' title="bbox 113 1995 1685 2036; baseline -0.001 -11"><span class='ocrx_word' id='word_1_745' title='bbox 113 1997 228 2025; x_wconf 85' lang='lat' dir='ltr'>restituit</span> <span class='ocrx_word' id='word_1_746' title='bbox 241 1998 352 2032; x_wconf 72' lang='lat' dir='ltr'>Jofiphus</span> <span class='ocrx_word' id='word_1_747' title='bbox 365 1997 483 2036; x_wconf 82' lang='lat' dir='ltr'>Scaliger,</span> <span class='ocrx_word' id='word_1_748' title='bbox 505 2007 568 2026; x_wconf 88' lang='lat' dir='ltr'>cum</span> <span class='ocrx_word' id='word_1_749' title='bbox 583 2004 659 2025; x_wconf 85' lang='lat' dir='ltr'>antea</span> <span class='ocrx_word' id='word_1_750' title='bbox 672 1995 805 2032; x_wconf 82' lang='lat' dir='ltr'>legeretur</span> <span class='ocrx_word' id='word_1_751' title='bbox 810 2005 817 2035; x_wconf 66' lang='lat' dir='ltr'><em>J</em></span> <span class='ocrx_word' id='word_1_752' title='bbox 840 1997 934 2022; x_wconf 83' lang='lat' dir='ltr'>Lucere</span> <span class='ocrx_word' id='word_1_753' title='bbox 948 1997 1016 2024; x_wconf 88' lang='lat' dir='ltr'>item</span> <span class='ocrx_word' id='word_1_754' title='bbox 1026 1995 1040 2022; x_wconf 74' lang='grc' dir='ltr'>ὲ</span> <span class='ocrx_word' id='word_1_755' title='bbox 1053 1995 1127 2028; x_wconf 88' lang='lat' dir='ltr'>lucc,</span> <span class='ocrx_word' id='word_1_756' title='bbox 1148 1999 1199 2026; x_wconf 81' lang='lat' dir='ltr'>&amp;c-</span> <span class='ocrx_word' id='word_1_757' title='bbox 1222 1996 1307 2034; x_wconf 68' lang='lat' dir='ltr'>Festus</span> <span class='ocrx_word' id='word_1_758' title='bbox 1320 1996 1400 2034; x_wconf 85' lang='lat' dir='ltr'>igitur</span> <span class='ocrx_word' id='word_1_759' title='bbox 1415 1996 1430 2024; x_wconf 67' lang='lat' dir='ltr'>{i</span> <span class='ocrx_word' id='word_1_760' title='bbox 1443 1995 1513 2024; x_wconf 55' lang='lat' dir='ltr'>luco«⁵</span> <span class='ocrx_word' id='word_1_761' title='bbox 1550 1999 1626 2025; x_wconf 79' lang='lat' dir='ltr'>Varro</span> <span class='ocrx_word' id='word_1_762' title='bbox 1637 2007 1685 2027; x_wconf 57' lang='lat' dir='ltr'>au,</span> 
     </span>
     <span class='ocr_line' id='line_1_53' title="bbox 111 2033 962 2071; baseline -0.004 -8"><span class='ocrx_word' id='word_1_763' title='bbox 111 2043 172 2071; x_wconf 61' lang='lat' dir='ltr'>rem</span> <span class='ocrx_word' id='word_1_764' title='bbox 186 2033 218 2063; x_wconf 85' lang='lat' dir='ltr'>ab</span> <span class='ocrx_word' id='word_1_765' title='bbox 232 2034 304 2067; x_wconf 83' lang='lat' dir='ltr'>luce,</span> <span class='ocrx_word' id='word_1_766' title='bbox 323 2035 375 2064; x_wconf 88' lang='lat' dir='ltr'>hoc</span> <span class='ocrx_word' id='word_1_767' title='bbox 388 2037 439 2069; x_wconf 85' lang='lat' dir='ltr'>est,</span> <span class='ocrx_word' id='word_1_768' title='bbox 456 2035 580 2064; x_wconf 84' lang='lat' dir='ltr'>libertate</span> <span class='ocrx_word' id='word_1_769' title='bbox 593 2033 699 2065; x_wconf 80' lang='lat' dir='ltr'>amiffa,</span> <span class='ocrx_word' id='word_1_770' title='bbox 721 2036 831 2062; x_wconf 74' lang='lat' dir='ltr'>Luem-m</span> <span class='ocrx_word' id='word_1_771' title='bbox 844 2034 962 2062; x_wconf 87' lang='lat' dir='ltr'>deducit.</span> 
     </span>
    </p>

    <p class='ocr_par' dir='ltr' id='par_1_12' title="bbox 108 2072 1681 2141">
     <span class='ocr_line' id='line_1_54' title="bbox 152 2072 1681 2137; baseline 0.001 -36"><span class='ocrx_word' id='word_1_772' title='bbox 152 2074 230 2101; x_wconf 89' lang='lat' dir='ltr'>XIII.</span> <span class='ocrx_word' id='word_1_773' title='bbox 250 2072 380 2137; x_wconf 48' lang='lat' dir='ltr'>Kalengas</span> <span class='ocrx_word' id='word_1_774' title='bbox 393 2074 511 2103; x_wconf 79' lang='lat' dir='ltr'>Sextileis</span> <span class='ocrx_word' id='word_1_775' title='bbox 530 2076 554 2102; x_wconf 93' lang='lat' dir='ltr'>L</span> <span class='ocrx_word' id='word_1_776' title='bbox 565 2083 582 2102; x_wconf 94' lang='lat' dir='ltr'>u</span> <span class='ocrx_word' id='word_1_777' title='bbox 594 2084 629 2101; x_wconf 84' lang='lat' dir='ltr'>ni</span> <span class='ocrx_word' id='word_1_778' title='bbox 651 2075 676 2100; x_wconf 97' lang='lat' dir='ltr'>V</span> <span class='ocrx_word' id='word_1_779' title='bbox 686 2082 694 2099; x_wconf 94' lang='lat' dir='ltr'>i</span> <span class='ocrx_word' id='word_1_780' title='bbox 703 2081 719 2099; x_wconf 91' lang='lat' dir='ltr'>c</span> <span class='ocrx_word' id='word_1_781' title='bbox 728 2082 744 2099; x_wconf 89' lang='grc' dir='ltr'>τ</span> <span class='ocrx_word' id='word_1_782' title='bbox 753 2081 770 2098; x_wconf 89' lang='lat' dir='ltr'>o</span> <span class='ocrx_word' id='word_1_783' title='bbox 780 2081 848 2099; x_wconf 50' lang='grc' dir='ltr'>λιι</span> <span class='ocrx_word' id='word_1_784' title='bbox 868 2073 892 2099; x_wconf 93' lang='lat' dir='ltr'>C</span> <span class='ocrx_word' id='word_1_785' title='bbox 902 2082 946 2100; x_wconf 73' lang='lat' dir='ltr'>AEs</span> <span class='ocrx_word' id='word_1_786' title='bbox 958 2082 999 2099; x_wconf 81' lang='lat' dir='ltr'>AR</span> <span class='ocrx_word' id='word_1_787' title='bbox 1008 2082 1017 2099; x_wconf 91' lang='lat'>1</span> <span class='ocrx_word' id='word_1_788' title='bbox 1027 2082 1038 2100; x_wconf 92' lang='lat' dir='ltr'>s</span> <span class='ocrx_word' id='word_1_789' title='bbox 1054 2091 1063 2104; x_wconf 91' lang='lat'>‚</span> <span class='ocrx_word' id='word_1_790' title='bbox 1083 2080 1201 2109; x_wconf 84' lang='lat' dir='ltr'>quorum</span> <span class='ocrx_word' id='word_1_791' title='bbox 1216 2073 1343 2101; x_wconf 84' lang='lat' dir='ltr'>meminit</span> <span class='ocrx_word' id='word_1_792' title='bbox 1359 2072 1490 2101; x_wconf 81' lang='lat' dir='ltr'>Suetonius</span> <span class='ocrx_word' id='word_1_793' title='bbox 1502 2073 1531 2101; x_wconf 87' lang='lat' dir='ltr'>in</span> <span class='ocrx_word' id='word_1_794' title='bbox 1546 2074 1681 2111; x_wconf 85' lang='lat' dir='ltr'>Augusto,</span> 
     </span>
     <span class='ocr_line' id='line_1_55' title="bbox 108 2111 424 2141; baseline -0.009 0"><span class='ocrx_word' id='word_1_795' title='bbox 108 2111 141 2141; x_wconf 66' lang='lat' dir='ltr'>Ca</span> <span class='ocrx_word' id='word_1_796' title='bbox 162 2133 168 2139; x_wconf 91' lang='lat'><em>.</em></span> <span class='ocrx_word' id='word_1_797' title='bbox 189 2121 230 2139; x_wconf 84' lang='grc' dir='ltr'>ιο.</span> <span class='ocrx_word' id='word_1_798' title='bbox 245 2112 309 2140; x_wconf 82' lang='lat' dir='ltr'>Dio.</span> <span class='ocrx_word' id='word_1_799' title='bbox 320 2111 338 2139; x_wconf 95' lang='lat' dir='ltr'>li</span> <span class='ocrx_word' id='word_1_800' title='bbox 360 2133 366 2139; x_wconf 95' lang='lat'>.</span> <span class='ocrx_word' id='word_1_801' title='bbox 418 2130 424 2138; x_wconf 91' lang='lat'><em>.</em></span> 
     </span>
    </p>

    <p class='ocr_par' dir='ltr' id='par_1_13' title="bbox 110 2119 1683 2264">
     <span class='ocr_line' id='line_1_56' title="bbox 141 2119 1683 2186; baseline 0.003 -10"><span class='ocrx_word' id='word_1_802' title='bbox 141 2119 217 2177; x_wconf 55' lang='grc' dir='ltr'>ΙἒζΙΙ.</span> <span class='ocrx_word' id='word_1_803' title='bbox 243 2149 355 2177; x_wconf 83' lang='lat' dir='ltr'>Kalend.</span> <span class='ocrx_word' id='word_1_804' title='bbox 373 2121 490 2183; x_wconf 50' lang='lat' dir='ltr'>geg-iitileis</span> <span class='ocrx_word' id='word_1_805' title='bbox 505 2149 614 2179; x_wconf 83' lang='lat' dir='ltr'>Lucaria</span> <span class='ocrx_word' id='word_1_806' title='bbox 628 2147 830 2186; x_wconf 78' lang='lat' dir='ltr'>repeteBantur,</span> <span class='ocrx_word' id='word_1_807' title='bbox 850 2149 915 2177; x_wconf 88' lang='lat' dir='ltr'>teste</span> <span class='ocrx_word' id='word_1_808' title='bbox 930 2148 1092 2176; x_wconf 79' lang='lat' dir='ltr'>Kalendario</span> <span class='ocrx_word' id='word_1_809' title='bbox 1102 2168 1108 2177; x_wconf 74' lang='grc'>,</span> <span class='ocrx_word' id='word_1_810' title='bbox 1125 2149 1198 2185; x_wconf 87' lang='lat' dir='ltr'>quod</span> <span class='ocrx_word' id='word_1_811' title='bbox 1215 2149 1249 2178; x_wconf 88' lang='lat' dir='ltr'>fic</span> <span class='ocrx_word' id='word_1_812' title='bbox 1261 2147 1357 2177; x_wconf 83' lang='lat' dir='ltr'>habet:</span> <span class='ocrx_word' id='word_1_813' title='bbox 1375 2150 1404 2177; x_wconf 90' lang='lat' dir='ltr'>B.</span> <span class='ocrx_word' id='word_1_814' title='bbox 1424 2150 1473 2176; x_wconf 88' lang='lat' dir='ltr'>Lu</span> <span class='ocrx_word' id='word_1_815' title='bbox 1483 2158 1557 2177; x_wconf 65' lang='lat' dir='ltr'>crin.</span> <span class='ocrx_word' id='word_1_816' title='bbox 1579 2151 1626 2177; x_wconf 87' lang='lat' dir='ltr'>Lu</span> <span class='ocrx_word' id='word_1_817' title='bbox 1638 2160 1683 2180; x_wconf 78' lang='lat' dir='ltr'>m.</span> 
     </span>
     <span class='ocr_line' id='line_1_57' title="bbox 112 2186 1682 2226; baseline 0 -11"><span class='ocrx_word' id='word_1_818' title='bbox 112 2189 193 2216; x_wconf 86' lang='lat' dir='ltr'>Hunc</span> <span class='ocrx_word' id='word_1_819' title='bbox 205 2187 279 2215; x_wconf 88' lang='lat' dir='ltr'>diem</span> <span class='ocrx_word' id='word_1_820' title='bbox 301 2186 399 2214; x_wconf 86' lang='lat' dir='ltr'>Solinus</span> <span class='ocrx_word' id='word_1_821' title='bbox 418 2190 505 2224; x_wconf 83' lang='lat' dir='ltr'>capite</span> <span class='ocrx_word' id='word_1_822' title='bbox 527 2199 569 2226; x_wconf 88' lang='lat'>35.</span> <span class='ocrx_word' id='word_1_823' title='bbox 589 2198 621 2216; x_wconf 91' lang='lat' dir='ltr'>ex</span> <span class='ocrx_word' id='word_1_824' title='bbox 634 2188 764 2216; x_wconf 86' lang='lat' dir='ltr'>sententia</span> <span class='ocrx_word' id='word_1_825' title='bbox 783 2186 952 2215; x_wconf 86' lang='lat' dir='ltr'>sacerdotum</span> <span class='ocrx_word' id='word_1_826' title='bbox 974 2187 1163 2225; x_wconf 68' lang='lat' dir='ltr'>ffigyptiorum</span> <span class='ocrx_word' id='word_1_827' title='bbox 1185 2186 1246 2215; x_wconf 83' lang='lat' dir='ltr'>facit</span> <span class='ocrx_word' id='word_1_828' title='bbox 1264 2187 1359 2215; x_wconf 87' lang='lat' dir='ltr'>mundi</span> <span class='ocrx_word' id='word_1_829' title='bbox 1371 2187 1496 2215; x_wconf 85' lang='lat' dir='ltr'>natalem.</span> <span class='ocrx_word' id='word_1_830' title='bbox 1536 2188 1586 2215; x_wconf 84' lang='lat' dir='ltr'>Sed</span> <span class='ocrx_word' id='word_1_831' title='bbox 1606 2190 1682 2218; x_wconf 82' lang='lat' dir='ltr'>variae</span> 
     </span>
     <span class='ocr_line' id='line_1_58' title="bbox 110 2222 1682 2264; baseline 0 -10"><span class='ocrx_word' id='word_1_832' title='bbox 110 2224 171 2254; x_wconf 87' lang='lat' dir='ltr'>sunt</span> <span class='ocrx_word' id='word_1_833' title='bbox 182 2226 217 2253; x_wconf 90' lang='lat' dir='ltr'>de</span> <span class='ocrx_word' id='word_1_834' title='bbox 236 2235 270 2253; x_wconf 90' lang='lat' dir='ltr'>eo</span> <span class='ocrx_word' id='word_1_835' title='bbox 285 2233 409 2253; x_wconf 89' lang='lat' dir='ltr'>veterum</span> <span class='ocrx_word' id='word_1_836' title='bbox 423 2228 449 2254; x_wconf 73' lang='grc' dir='ltr'>δε</span> <span class='ocrx_word' id='word_1_837' title='bbox 464 2228 645 2255; x_wconf 84' lang='lat' dir='ltr'>recentiorum</span> <span class='ocrx_word' id='word_1_838' title='bbox 664 2225 800 2254; x_wconf 69' lang='lat' dir='ltr'>sententiae</span> <span class='ocrx_word' id='word_1_839' title='bbox 811 2246 819 2257; x_wconf 93' lang='lat'>‚</span> <span class='ocrx_word' id='word_1_840' title='bbox 840 2234 870 2253; x_wconf 90' lang='lat' dir='ltr'>ac</span> <span class='ocrx_word' id='word_1_841' title='bbox 882 2226 1071 2262; x_wconf 81' lang='lat' dir='ltr'>disputationes</span> <span class='ocrx_word' id='word_1_842' title='bbox 1085 2245 1093 2256; x_wconf 88' lang='lat'><strong>,</strong></span> <span class='ocrx_word' id='word_1_843' title='bbox 1122 2226 1156 2252; x_wconf 92' lang='lat' dir='ltr'>de</span> <span class='ocrx_word' id='word_1_844' title='bbox 1168 2224 1263 2262; x_wconf 85' lang='lat' dir='ltr'>quibus</span> <span class='ocrx_word' id='word_1_845' title='bbox 1277 2226 1368 2253; x_wconf 84' lang='lat' dir='ltr'>videre</span> <span class='ocrx_word' id='word_1_846' title='bbox 1381 2233 1457 2262; x_wconf 85' lang='lat' dir='ltr'>potes</span> <span class='ocrx_word' id='word_1_847' title='bbox 1478 2222 1575 2253; x_wconf 82' lang='lat' dir='ltr'>Lilium</span> <span class='ocrx_word' id='word_1_848' title='bbox 1594 2228 1682 2264; x_wconf 82' lang='lat' dir='ltr'>Gyral-</span> 
     </span>
    </p>
   </div>
   <div class='ocr_carea' id='block_1_8' title="bbox 87 2262 1687 2302">
    <p class='ocr_par' dir='ltr' id='par_1_14' title="bbox 87 2262 1687 2302">
     <span class='ocr_line' id='line_1_59' title="bbox 87 2262 1687 2302; baseline 0.002 -11"><span class='ocrx_word' id='word_1_849' title='bbox 87 2262 89 2264; x_wconf 71' lang='grc'>’</span> <span class='ocrx_word' id='word_1_850' title='bbox 111 2263 174 2291; x_wconf 85' lang='lat' dir='ltr'>dum</span> <span class='ocrx_word' id='word_1_851' title='bbox 193 2262 263 2292; x_wconf 86' lang='lat' dir='ltr'>libro</span> <span class='ocrx_word' id='word_1_852' title='bbox 276 2264 310 2293; x_wconf 91' lang='lat' dir='ltr'>de</span> <span class='ocrx_word' id='word_1_853' title='bbox 324 2273 410 2297; x_wconf 88' lang='lat' dir='ltr'>anno,</span> <span class='ocrx_word' id='word_1_854' title='bbox 431 2263 578 2297; x_wconf 85' lang='lat' dir='ltr'>mensibus,</span> <span class='ocrx_word' id='word_1_855' title='bbox 596 2274 627 2293; x_wconf 85' lang='lat' dir='ltr'>ac</span> <span class='ocrx_word' id='word_1_856' title='bbox 646 2262 747 2292; x_wconf 81' lang='lat' dir='ltr'>diebus.</span> <span class='ocrx_word' id='word_1_857' title='bbox 778 2262 944 2291; x_wconf 76' lang='lat' dir='ltr'>Hadrianum</span> <span class='ocrx_word' id='word_1_858' title='bbox 956 2262 1063 2296; x_wconf 74' lang='lat' dir='ltr'>sunium</span> <span class='ocrx_word' id='word_1_859' title='bbox 1082 2263 1339 2293; x_wconf 83' lang='lat' dir='ltr'>Animadversorum</span> <span class='ocrx_word' id='word_1_860' title='bbox 1353 2262 1400 2292; x_wconf 90' lang='lat' dir='ltr'>lib.</span> <span class='ocrx_word' id='word_1_861' title='bbox 1416 2275 1440 2302; x_wconf 82' lang='lat'>3.</span> <span class='ocrx_word' id='word_1_862' title='bbox 1455 2272 1512 2300; x_wconf 82' lang='lat' dir='ltr'>cap.</span> <span class='ocrx_word' id='word_1_863' title='bbox 1528 2265 1555 2293; x_wconf 88' lang='lat'>8.</span> <span class='ocrx_word' id='word_1_864' title='bbox 1577 2267 1603 2294; x_wconf 83' lang='lat'>&amp;</span> <span class='ocrx_word' id='word_1_865' title='bbox 1617 2264 1687 2294; x_wconf 81' lang='lat' dir='ltr'>alios·</span> 
     </span>
    </p>
   </div>
   <div class='ocr_carea' id='block_1_9' title="bbox 109 2302 1680 2377">
    <p class='ocr_par' dir='ltr' id='par_1_15' title="bbox 109 2302 1680 2377">
     <span class='ocr_line' id='line_1_60' title="bbox 109 2302 1680 2377; baseline -0.001 -8"><span class='ocrx_word' id='word_1_866' title='bbox 109 2302 337 2370; x_wconf 31' lang='lat' dir='ltr'>miggskalendas</span> <span class='ocrx_word' id='word_1_867' title='bbox 353 2340 472 2370; x_wconf 88' lang='lat' dir='ltr'>Sextileis</span> <span class='ocrx_word' id='word_1_868' title='bbox 492 2339 649 2375; x_wconf 74' lang='lat' dir='ltr'>Neptunalia</span> <span class='ocrx_word' id='word_1_869' title='bbox 670 2348 746 2369; x_wconf 83' lang='lat' dir='ltr'>erant</span> <span class='ocrx_word' id='word_1_870' title='bbox 759 2361 766 2373; x_wconf 93' lang='lat'><strong><em>,</em></strong></span> <span class='ocrx_word' id='word_1_871' title='bbox 794 2341 828 2368; x_wconf 90' lang='lat' dir='ltr'>de</span> <span class='ocrx_word' id='word_1_872' title='bbox 841 2338 936 2377; x_wconf 80' lang='lat' dir='ltr'>quibus</span> <span class='ocrx_word' id='word_1_873' title='bbox 956 2341 993 2369; x_wconf 79' lang='lat' dir='ltr'>ita</span> <span class='ocrx_word' id='word_1_874' title='bbox 1007 2339 1221 2369; x_wconf 78' lang='lat' dir='ltr'>Kalendarium:</span> <span class='ocrx_word' id='word_1_875' title='bbox 1247 2341 1292 2369; x_wconf 55' lang='lat' dir='ltr'>D:</span> <span class='ocrx_word' id='word_1_876' title='bbox 1304 2341 1412 2368; x_wconf 65' lang='lat' dir='ltr'>Nisi-r.</span> <span class='ocrx_word' id='word_1_877' title='bbox 1432 2341 1535 2370; x_wconf 75' lang='lat' dir='ltr'>Luni.</span> <span class='ocrx_word' id='word_1_878' title='bbox 1555 2340 1608 2369; x_wconf 86' lang='lat' dir='ltr'>hoc</span> <span class='ocrx_word' id='word_1_879' title='bbox 1629 2341 1680 2373; x_wconf 89' lang='lat' dir='ltr'>est,</span> 
     </span>
    </p>
   </div>
   <div class='ocr_carea' id='block_1_10' title="bbox 110 2377 1682 2455">
    <p class='ocr_par' dir='ltr' id='par_1_16' title="bbox 110 2377 1682 2455">
     <span class='ocr_line' id='line_1_61' title="bbox 110 2377 942 2418; baseline -0.001 -10"><span class='ocrx_word' id='word_1_880' title='bbox 110 2377 373 2418; x_wconf 55' lang='grc' dir='ltr'>ΕεΡζιυμΔωΑ,</span> <span class='ocrx_word' id='word_1_881' title='bbox 392 2381 504 2418; x_wconf 66' lang='lat' dir='ltr'>Lym.</span> <span class='ocrx_word' id='word_1_882' title='bbox 536 2380 578 2407; x_wconf 88' lang='lat' dir='ltr'>De</span> <span class='ocrx_word' id='word_1_883' title='bbox 592 2377 661 2409; x_wconf 82' lang='lat' dir='ltr'>ludis</span> <span class='ocrx_word' id='word_1_884' title='bbox 673 2379 795 2417; x_wconf 76' lang='lat' dir='ltr'>dicemus</span> <span class='ocrx_word' id='word_1_885' title='bbox 811 2378 856 2406; x_wconf 90' lang='lat' dir='ltr'>suo</span> <span class='ocrx_word' id='word_1_886' title='bbox 870 2377 942 2407; x_wconf 88' lang='lat' dir='ltr'>loco.·</span> 
     </span>
     <span class='ocr_line' id='line_1_62' title="bbox 170 2416 1682 2455; baseline -0.001 -9"><span class='ocrx_word' id='word_1_887' title='bbox 170 2417 185 2419; x_wconf 47' lang='lat'>‘⁷</span> <span class='ocrx_word' id='word_1_888' title='bbox 1026 2416 1117 2455; x_wconf 73' lang='lat' dir='ltr'>Nn3</span> <span class='ocrx_word' id='word_1_889' title='bbox 1541 2417 1682 2449; x_wconf 54' lang='lat' dir='ltr'>Nereu-</span> 
     </span>
    </p>
   </div>
  </div>
 </body>
</html>
