2075 2734
493 85 735 113 Lenze
795 91 871 110 nrt

98 131 194 165 vigebat
198 129 272 164 usque
277 129 335 156 dum
343 129 442 163 allalege
448 128 596 162 abrogaretur
604 129 720 161 :abrogari
728 136 784 153 vero
791 135 876 153 omnes

98 166 167 191 licuit
177 184 181 191 ‚
196 172 274 197 prater
282 167 389 189 Sacratas:
400 171 451 197 quat
458 164 548 187 violatae
555 162 612 194 szpe
619 179 625 190 ,
633 161 746 193 abrogatae
752 168 874 193 nunquam

99 196 163 222 sunt.
177 198 297 229 abrogarrti
311 204 367 220 vero
375 204 424 220 non
431 196 526 224 eadem,
539 203 589 227 qux
597 194 792 225 violantilegem,
809 201 878 224 poena

100 229 209 254 sancitur.
222 237 305 253 caeterae
318 231 380 261 leges
393 227 768 259 &abrogariomnespotuerunt,
781 226 877 250 &abro-

101 268 158 292 gatae
172 262 251 285 multae
264 261 324 285 sunt.
338 260 426 285 rametfi
437 260 591 284 nullalatalex
598 258 645 286 ess,
659 257 764 290 quaeipsa
771 258 879 281 {econtra

102 292 280 324 abrogationem
289 293 349 325 quafi
357 292 481 317 sanaionis
488 290 624 322 sapimento
632 297 681 314 non
689 290 877 321 munierit.gravi

103 332 174 357 poena
185 344 188 350 ,
200 326 316 348 ηῑιιὶὰιινε
328 326 365 352 ei,
378 325 420 355 qui
428 322 552 354 abrogasset
562 340 567 350 ,
576 324 682 354 irrogata.
690 329 711 345 at
718 323 879 346 multimultas

103 356 251 387 abrogarunt,
259 364 417 387 nequetamen
425 356 495 378 ullam
506 362 624 386 propterea
631 354 721 378 subiere
728 362 831 386 poenam.
844 355 877 377 di-

102 388 128 411 xi
142 389 186 417 jam
200 390 252 420 plus
263 387 330 412 fuiss'e
336 387 452 419 potestatis
461 394 521 410 tneo
531 405 536 414 ,
552 387 616 418 quod
625 386 768 418 postremum
779 387 879 418 populus

105 419 211 448 iuffiss'et,
225 427 295 451 quam
309 421 334 443 in
347 427 389 446 eo,
403 418 468 450 quod
476 418 648 448 anreajuss'erat:
662 417 878 449 idlegexll.tabul.

103 450 217 475 sancitum
231 450 282 476 effe.
293 450 376 479 juffum
389 457 464 474 autern
476 451 590 482 populi&
599 449 815 481 srrffragiatuerunt,
827 450 879 481 qui-

104 482 147 507 bus
154 483 319 514 abrogabantur
326 484 396 514 leges.
405 484 483 514 itaque
494 490 543 506 non
551 483 609 514 quid
617 490 679 506 antea
687 482 778 514 populo
786 481 878 512 placuis-

102 514 151 541 set,
165 515 203 538 sed
216 512 276 546 quid
286 514 308 537 ei
322 514 466 546 postremum
478 516 590 546 placeret,
605 513 800 545 speeiarisolebar.
813 512 881 536 sensit

106 553 183 570 autem
196 547 221 569 in
228 547 272 569 hoc
286 553 369 577 genere
382 548 482 578 populus
494 554 544 570 non
558 546 647 577 semper
659 544 672 570 ὲ
685 545 812 578 republica;
826 551 878 568 nam

104 578 310 609 quemadmodum
318 577 373 610 saepe
381 580 452 601 malas
458 579 520 610 leges
526 577 602 602 bonus
609 578 718 609 populus,
726 577 755 601 src
761 576 880 600 interdum

105 609 177 633 bonas
187 610 260 633 malus
274 609 400 640 abrogavit⁴
414 609 426 632 a
439 609 518 634 senatu
529 617 583 634 vero
591 617 712 642 nunquam
720 610 756 633 lex
765 608 810 632 ulla
819 625 824 634 ,
839 607 880 631 nifi

105 642 237 672 reipublrca:
249 641 312 665 causa
320 641 404 665 sublata
411 641 456 668 est,
470 649 507 669 ut,
522 650 576 666 cum
585 643 715 673 Appulejz.
730 641 876 665 MarioCon-

103 672 153 697 sule
160 673 272 697 referente
280 690 286 701 ‚
298 676 318 697 S.
326 675 355 697 C.
362 673 472 697 damnatae
480 676 533 697 lunt
540 691 546 701 ,
558 675 624 705 quod
638 673 664 697 ab
672 672 736 696 hoste
748 671 880 703 reipublicae

105 707 133 729 L.
147 706 264 736 Appuleio
277 706 400 729 Saturnino
414 713 496 737 rogarae
503 705 587 730 essent:
602 712 652 732 aut,
665 713 720 728 cum
729 705 800 728 Liviae
809 702 879 727 consr-

104 737 140 760 lio
148 738 250 769 Philippi
259 736 370 761 Consulis
384 737 488 765 sublatae,
503 738 557 769 quia
566 737 765 769 contraauspicia,
779 743 830 767 quae
837 734 881 758 ser-

105 769 154 792 vari
167 770 205 792 lex
218 769 274 792 AElia
286 768 392 797 jubebat,
408 768 421 792 a
435 772 471 794 M.
484 769 554 793 Livio
568 769 643 793 Druso
656 771 704 792 latae
720 767 881 795 iudicarentur.

105 807 170 824 erant
182 802 248 824 enim
262 807 361 832 quatuor
373 801 476 824 omnino
489 808 585 832 genera,
603 802 639 831 (ut
651 800 697 831 ipsa
705 799 882 823 fereCiceronis

105 832 173 856 verba
179 832 287 864 usurpem
296 849 302 859 ‚
314 840 364 864 quae
370 832 456 856 suntin
463 833 617 863 orationepro
625 833 655 855 C.
661 831 789 860 Cornelio)
796 831 882 862 quibus

103 871 146 895 per
158 863 261 888 senatum
276 871 344 887 more
356 864 472 892 majorum
485 863 618 887 statueretur
631 863 720 894 aliquid
734 862 763 886 de
775 862 880 894 legibus:

105 902 180 919 unum
187 894 311 923 ejusmodi,
319 895 409 926 placere
415 895 493 925 legem
501 894 615 926 abrogari,
623 902 647 918 ut
656 894 797 926 Qcaecuio,
805 894 881 925 M.Ju-

104 926 148 950 nio
156 925 220 950 Coss]
227 934 277 958 quac
283 927 347 958 leges
353 933 404 950 rem
411 927 539 951 militarem
547 926 691 958 impedirent
698 943 704 953 ‚
712 933 738 950 ut
745 925 881 957 abrogaren-

104 963 151 981 tur.
164 965 234 991 atque
245 958 289 981 hoc
302 965 387 990 genere
399 966 448 982 non
463 958 585 989 abrogabat
597 959 675 990 legem
689 957 779 982 senams
789 975 796 986 ‚
816 959 881 989 (nam

105 988 216 1021 abrogare
227 991 322 1023 proprie
332 991 432 1022 populus
438 990 568 1021 dicebatur)
576 989 613 1014 sed
621 1008 628 1018 ,
639 990 831 1022 utabrogaretur,
842 989 884 1013 sta-

104 1020 189 1045 tuebat.
219 1023 326 1046 Alterum
340 1030 414 1054 genus
425 1029 485 1046 erat:
500 1031 550 1054 qua·
563 1023 601 1046 lex
614 1023 656 1046 lata
663 1022 706 1047 effe
713 1023 841 1049 diceretur,
858 1029 884 1045 ea

105 1061 154 1078 non
162 1054 234 1078 videri
243 1055 358 1086 populum
366 1055 439 1077 teneri
447 1070 454 1080 ,
467 1061 492 1077 ut
500 1057 526 1078 L.
535 1055 626 1078 Marcio
633 1071 639 1081 ‚
653 1056 704 1079 Sex.
711 1055 775 1085 Julio
782 1053 846 1078 Coss'.
854 1054 883 1077 de

103 1085 195 1116 legibus
204 1087 277 1110 Liviis
285 1093 289 1106 τ
298 1094 347 1118 quae
355 1093 380 1109 ur
387 1093 436 1109 uno
443 1087 489 1108 S.C
504 1086 650 1113 tollerentur,
656 1087 778 1118 Philippus
785 1086 886 1113 Consul,

104 1118 288 1141 Liviiinimicns
296 1135 302 1144 ,
315 1116 531 1141 obtinuitasenatu.
540 1118 594 1141 ideo
603 1124 680 1141 autem
689 1135 694 1145 ‚
709 1117 884 1147 hujusmodile-

104 1148 173 1180 gibus
187 1157 236 1173 non
247 1149 320 1173 videri
328 1150 444 1180 populum
451 1150 525 1173 terreri
534 1166 540 1176 ‚
556 1149 789 1173 senatusdecetnebat
798 1167 804 1177 ‚
815 1151 870 1182 quia
878 1166 884 1176 ‚

104 1187 185 1204 contra
199 1180 296 1212 auspicia
308 1182 362 1204 latas
373 1180 432 1207 esse,
447 1188 542 1211 augures
549 1180 702 1205 monuissent.
720 1184 793 1205 Tanta
800 1183 883 1205 Rome

103 1211 150 1236 fuit
158 1213 181 1236 iu
189 1212 313 1244 auguribus
320 1212 488 1236 authoritas.de
495 1212 580 1244 quibus
586 1212 648 1237 libro
654 1216 735 1244 11.cap.
741 1221 750 1237 r
757 1213 809 1236 ade
816 1215 880 1245 Legi·

104 1243 148 1267 bus
155 1244 201 1268 haec
207 1243 221 1267 a
228 1246 344 1268 Cicerone
351 1243 431 1275 scripta
437 1245 549 1276 legimus.
561 1246 753 1275 Qsidrelrgiosrus‚
759 1253 828 1277 quam
834 1254 884 1268 cum

102 1277 181 1309 populo
189 1293 195 1302 ,
207 1284 256 1299 cum
266 1276 329 1308 plebe
341 1278 463 1306 agendtjus
470 1283 510 1298 aut
517 1277 567 1299 dare
575 1293 580 1302 ,
594 1283 634 1299 aut
641 1285 681 1298 non
687 1277 737 1299 dare
745 1280 756 1298 ?
767 1277 839 1307 quid?
852 1279 883 1300 Ie-

106 1315 156 1336 gem
165 1323 172 1333 ,
187 1308 312 1337 fimmjme
324 1314 397 1338 rogata
409 1309 435 1337 est
444 1324 451 1334 ‚
463 1309 548 1330 rauci-e?
562 1308 617 1331 nihil
629 1309 686 1331 demi
695 1324 702 1335 ,
716 1309 835 1338 nihilsoris
846 1315 884 1340 per

104 1338 240 1368 magtstratus
248 1340 343 1369 gessum.
351 1340 396 1367 fine
407 1346 517 1368 augurum
527 1340 661 1362 aufhorirate
668 1339 720 1368 poffi
727 1341 885 1372 cuiquampro-

104 1369 170 1392 bari?
187 1377 238 1401 quae
252 1370 310 1400 ipsa,
329 1370 353 1393 ὃ(
366 1370 422 1397 alia,
440 1371 464 1393 in
478 1369 541 1393 libro
555 1370 583 1393 de
592 1369 882 1401 Religionetraetabimus.

103 1401 228 1428 Tertium,
245 1402 274 1424 de
284 1403 365 1432 legum
377 1401 578 1433 derogationibus.
590 1409 640 1432 quo
653 1402 682 1425 de
691 1409 776 1433 genere
783 1401 882 1434 persazpe

103 1435 125 1456 S.
133 1435 162 1455 C.
171 1432 231 1456 fiunt
239 1449 245 1459 ‚
259 1440 283 1456 ut
291 1434 320 1457 de
327 1434 379 1464 lege
387 1434 510 1463 Calpurnia
517 1433 546 1456 de
553 1433 643 1457 ambitu
651 1451 657 1461 ‚
666 1442 716 1465 quae
723 1434 880 1465 derogaretur.

104 1466 219 1494 Qartum
232 1471 305 1495 genus
313 1481 319 1492 ‚
336 1464 402 1496 quod
415 1472 439 1487 ea
447 1465 571 1488 Ciceronis
578 1467 654 1488 oratio
661 1466 743 1489 mutiia
750 1465 881 1489 admodum

104 1496 151 1523 est,
163 1503 241 1528 neque
254 1497 278 1519 in
291 1496 337 1528 ipsa
346 1513 353 1524 ,
368 1503 445 1527 neque
458 1496 484 1519 in
498 1496 745 1527 Pedianfflnrerprere,
759 1504 782 1520 ac
789 1497 882 1522 nealibi

103 1528 279 1559 quidem,quod
287 1529 486 1554 iciam,invenrrur
494 1536 498 1549 :
507 1535 546 1551 me
553 1534 631 1551 tamen
639 1529 663 1551 in
671 1535 722 1551 eam
729 1535 816 1559 partem
823 1536 879 1552 con-

103 1559 189 1589 iectura
195 1559 260 1583 ducit
268 1576 274 1585 ‚
288 1560 454 1583 urexissimem
463 1577 468 1586 ,
479 1567 532 1583 cum
540 1560 643 1590 aliquem
652 1559 740 1583 senatus
748 1559 838 1583 hostem
846 1561 879 1588 ju-

104 1591 205 1617 dicaret,
219 1590 287 1614 limul
295 1608 301 1618 ‚
313 1599 339 1614 ur
351 1592 400 1618 eius
412 1598 509 1622 quoque
521 1592 583 1622 leges
591 1608 597 1618 ‚
611 1599 662 1623 quae
669 1592 766 1622 quidem
774 1591 880 1616 adversus

103 1629 155 1646 rem
174 1621 274 1645 ublicam
281 1622 366 1648 essent,
380 1623 532 1650 tollerentur,
545 1622 651 1646 eodems
667 1625 696 1645 C.
705 1623 794 1646 autalio
802 1625 880 1654 proxi-

104 1660 146 1677 me
167 1654 226 1680 aeto,
234 1653 349 1683 judicaffe3
356 1661 454 1684 quarum
461 1655 527 1677 enim
535 1655 638 1677 maxime
645 1654 724 1684 legum
732 1653 795 1677 causa
803 1657 876 1685 perni—

104 1684 182 1709 ciosus
191 1686 267 1716 patriae
274 1685 332 1708 civis
339 1685 460 1708 damnatus
466 1685 493 1708 fit
500 1702 506 1712 ‚
525 1686 549 1708 &
557 1684 569 1708 ὲ
578 1684 695 1716 republica
705 1692 823 1709 remotus:
843 1693 877 1710 eas

102 1716 162 1748 ipsas
175 1718 238 1748 leges
251 1718 275 1740 in
290 1717 406 1747 republica
420 1724 469 1740 non
483 1715 578 1744 haefiss‘e,
592 1717 631 1740 sed
639 1716 737 1742 abiectas
747 1717 813 1740 illico
820 1717 878 1745 effe,

101 1749 192 1772 etiamfi
203 1749 229 1773 ab
241 1749 336 1772 historia
343 1756 391 1772 norr
400 1749 508 1779 prodatur
516 1765 522 1775 ,
537 1748 584 1772 veri
592 1755 670 1772 tamen
678 1748 828 1772 simillimum
837 1750 877 1774 etl.

101 1782 171 1812 quale
183 1780 230 1804 fuit
237 1797 244 1808 ‚
255 1780 321 1811 quod
329 1781 357 1803 de
364 1780 454 1810 legibus
461 1781 575 1804 Saturnini
585 1781 693 1811 proxime
701 1797 708 1807 ,
720 1781 743 1804 ὃ(
751 1780 876 1811 delegibus

100 1815 137 1837 M.
149 1813 254 1836 Antonii
267 1813 292 1836 in
306 1812 380 1843 prima
388 1812 514 1841 hujuslibri
523 1819 586 1844 parte
593 1812 706 1836 diximus.
725 1812 877 1844 Recteigirur

99 1843 203 1875 semper,
218 1846 242 1869 &
251 1843 369 1873 jussiffime
377 1842 473 1867 senatus.
493 1844 610 1875 Apopulo
618 1851 689 1871 vero,
701 1850 738 1867 aut
745 1843 822 1871 abiis,
834 1846 875 1875 qui

98 1877 207 1900 mercede
219 1875 332 1899 conducti
343 1874 446 1907 speciem
460 1875 574 1906 quandam
587 1877 721 1907 populiprae
729 1875 750 1899 se
758 1875 871 1902 ferebam,

99 1908 230 1930 temeritate
237 1908 317 1939 potius
323 1914 361 1930 aut
366 1906 446 1930 fraude
453 1923 459 1933 ,
466 1914 538 1937 quarn
545 1906 645 1931 confilio
653 1925 659 1933 ‚
669 1914 708 1930 aut
714 1908 812 1934 ratione,
819 1907 874 1931 salu-

98 1945 158 1962 tares
169 1938 258 1962 civitati
272 1939 335 1969 leges
348 1945 520 1969 nonnunquam
530 1938 640 1968 abrogata:
648 1938 715 1965 sunt,
729 1945 767 1965 ut,
780 1946 876 1969 rogante

98 1973 124 1994 Ρ.
132 1970 223 1994 Clodio
230 1969 327 1993 tribuno
335 1968 410 2001 plebis
416 1970 473 1993 AElia
480 1968 509 1992 de
516 1968 621 2001 auspiciis
629 1987 635 1996 ‚
643 1970 704 1993 Fufia
711 1969 740 1993 de
747 1970 829 1994 diebus
836 1978 874 1993 co-

97 2001 238 2026 mitialibus.
255 2001 401 2025 Postremum
408 2000 467 2025 illud
475 2000 507 2024 est
514 2018 520 2028 ‚
528 2009 592 2029 cum,
602 2000 674 2025 verbo
681 2001 790 2032 quidem,
799 2009 874 2033 neque

97 2032 113 2057 *a
124 2034 203 2057 senatu
213 2031 308 2064 nequea
316 2034 405 2065 populo
413 2050 420 2060 ,
433 2033 503 2056 tacito
511 2041 587 2057 autern
595 2034 706 2057 omnium
713 2032 827 2057 consensu
836 2042 874 2064 per

97 2065 277 2089 desuetudinem
290 2065 353 2096 leges
365 2065 537 2096 abrogabantur.
552 2066 577 2089 id
590 2065 656 2097 quod
667 2065 691 2088 ὅ(
700 2065 873 2094 Julianusjuris-

98 2097 218 2122 consultus
231 2097 328 2120 notavit.
344 2100 396 2121 Erat
408 2098 479 2128 igitur
487 2097 569 2129 inlege
576 2098 610 2121 vis
618 2105 666 2121 non
674 2096 751 2121 solum
758 2098 859 2121 maxima
868 2116 873 2126 ,

98 2129 166 2162 quod
178 2130 264 2152 Cicero
277 2129 301 2152 in
312 2128 438 2160 Philippica
445 2131 527 2160 11.cap.
538 2138 576 2157 42.
586 2129 636 2153 satis
645 2130 710 2160 plane
719 2137 806 2157 narrat,
819 2137 873 2153 cum

98 2160 270 2191 ait21npublr'cis
276 2161 327 2183 assis
333 2162 388 2184 nihil
395 2162 421 2190 est
429 2162 576 2191 tegegravius:
582 2168 666 2185 verum
673 2161 744 2185 etiam
753 2168 872 2193 perpetua:

98 2192 217 2224 fiquidem
231 2192 339 2216 vetustate
350 2200 426 2223 neque
433 2193 555 2216 tollebatur
563 2193 615 2219 lex,
629 2193 780 2217 urediekum:
799 2201 874 2224 neque

98 2224 261 2250 debilitabatur
270 2240 276 2250 ‚
283 2230 309 2247 ut
316 2227 336 2248 S.
344 2226 372 2247 C.
381 2223 422 2247 nifi
430 2223 445 2247 sr
452 2225 510 2255 legis
516 2223 585 2248 essent
592 2224 709 2254 ejusmodi
719 2242 724 2252 ,
731 2232 755 2248 ut
764 2225 873 2257 reipubli-

96 2265 128 2283 επ
141 2257 273 2281 minimum
286 2254 406 2280 consulere
418 2256 560 2280 viderentur.
577 2264 632 2280 narn
648 2257 686 2280 has
698 2258 818 2280 contrario
833 2255 874 2281 usu
891 2281 892 2285 ,

96 2296 146 2314 non
155 2287 231 2311 solum
238 2286 375 2315 debilitans,
382 2295 463 2312 verum
469 2288 541 2312 etiam
549 2288 614 2318 plane
620 2287 829 2319 exstinetasmeque
836 2288 873 2312 da-

924 83 1295 115 Lauinum
1630 89 1687 129 867'

906 131 999 158 multae,
1031 128 1127 153 uamdiu
1133 128 1260 161 respublica
1268 127 1342 156 stetit,
1357 133 1470 161 perpetuo
1482 129 1533 161 fure
1545 132 1684 166 valuerunt,

907 172 915 185 t
922 170 962 186 um
971 179 976 189 ‚
984 163 1009 194 ip
1020 170 1036 185 o
1043 161 1157 186 libertatis
1164 161 1235 185 initio
1243 179 1250 189 ,
1258 161 1270 185 ὲ
1278 161 1362 193 primis
1369 163 1523 192 Conlulibus,
1531 172 1554 188 ac
1561 166 1608 195 jam
1615 167 1688 194 anteh

910 196 992 226 primis
1000 193 1090 226 legibus
1097 195 1148 218 latae
1155 193 1235 218 essent.
1242 193 1328 226 quibus
1334 200 1380 225 ego
1387 194 1417 218 de
1423 194 1514 227 legibus
1521 198 1610 229 loquor
1616 216 1622 226 ,
1630 207 1687 227 cum

909 234 1043 258 perpetuam
1051 227 1100 250 vim
1109 227 1154 258 legi
1163 225 1251 250 tribuo.
1259 234 1314 250 narn
1322 227 1539 260 perniciolasleges,
1547 237 1590 253 nec
1596 231 1644 258 iure
1650 240 1690 257 ro-

909 266 978 290 garas,
987 266 1035 282 non
1044 266 1156 290 perpetuo
1164 259 1213 288 jure
1219 258 1272 285 effe,
1279 258 1318 283 sed
1326 259 1378 282 tolli
1385 266 1456 291 quam
1464 268 1569 292 primum
1579 264 1636 286 utile
1642 264 1674 288 est
1681 273 1689 288 ς

909 291 1041 318 cuimmodi
1052 292 1123 314 multa
1132 295 1151 314 5.
1161 293 1190 314 C.
1197 289 1282 314 sublata
1290 291 1349 315 sunt.
1358 292 1458 323 populus
1465 300 1554 321 autem,
1571 302 1645 327 quem
1652 295 1691 320 sae-

911 330 939 353 pe
951 321 963 345 a
975 322 1107 353 reipublicae
1120 323 1253 346 commodo
1261 324 1325 347 malae
1333 324 1434 348 rationes
1441 332 1570 349 averterunt
1579 344 1585 354 ,
1599 328 1686 352 restam

910 355 1065 380 diiudicandis
1079 354 1169 384 legibus
1183 362 1291 378 normam
1306 363 1355 378 non
1370 357 1478 386 agnovit,
1499 357 1537 381 sed
1550 359 1619 382 utiles
1632 359 1689 391 saepe

911 386 1043 417 abrogauit,
1060 387 1117 417 sape
1135 385 1199 409 scivi:
1212 387 1316 410 inutiles.
1332 388 1392 410 lllud
1407 395 1499 414 tamen,
1517 391 1571 420 quia
1587 392 1689 421 pertinet

911 418 937 441 ad
951 418 1077 449 abrogandi
1090 419 1208 441 rationem
1217 435 1223 445 ‚
1237 419 1302 449 quod
1310 419 1334 442 in
1342 419 1406 442 Festo
1415 420 1527 452 Pompeio
1535 423 1629 450 notavi,
1636 431 1687 447 non

910 451 1035 473 omittam:
1053 452 1073 472 in
1084 450 1190 478 [misione
1203 451 1274 480 legum
1287 451 1489 480 adfirr'htfialrtum‚
1507 461 1532 475 ne
1542 456 1688 483 perlaturam

911 481 1011 513 abrogari
1022 483 1146 511 derogartve
1159 482 1229 504 lueret
1241 499 1247 508 ‚
1268 490 1313 504 erar
1326 491 1383 504 emm
1391 483 1483 511 siarum,
1501 485 1537 507 lex
1551 487 1626 508 multis
1638 487 1688 510 aliia

910 515 1001 542 canfen-a
1020 512 1100 543 legibus
1109 529 1114 537 ,
1131 520 1213 542 arrepto
1225 515 1309 535 nomine
1321 513 1422 543 dgenete
1433 514 1473 537 :rbi
1482 532 1487 542 ‚
1504 524 1532 538 ex
1544 519 1613 540 vatris
1626 517 1687 541 rebus

909 546 998 567 condito.
1016 544 1088 574 Qiod
1102 543 1161 573 apud
1176 544 1319 567 Diomedem
1333 547 1518 570 Grammaticum
1527 546 1637 579 scriptum
1645 549 1686 574 est.

912 576 934 599 id
948 582 1026 598 autem
1038 583 1068 599 eo
1078 575 1193 606 placuitin
1201 574 1318 599 sanctione
1326 576 1435 604 adscribi,
1453 579 1506 609 quia
1514 579 1610 611 inlege,
1625 581 1690 604 mul-

910 608 940 631 tis
951 607 1044 639 legibus
1057 607 1172 638 permixta
1185 608 1208 630 &
1221 606 1303 634 infusa,
1325 607 1410 632 subess'e
1423 608 1494 637 fraus,
1512 617 1561 641 qnae
1569 613 1686 643 populum

910 639 1012 666 falleret,
1029 638 1097 662 facile
1115 645 1215 668 poterat:
1234 646 1254 662 at
1268 640 1291 662 in
1305 639 1404 670 fimplici
1418 641 1483 672 lege,
1502 641 1516 664 fr
1531 642 1561 666 de
1572 643 1684 676 abrogan-

910 672 942 695 do
955 671 1120 702 derogandove
1134 671 1235 702 populus
1247 670 1381 702 rogabatur,
1401 680 1450 695 non
1464 673 1626 702 difficileerat‚
1644 676 1669 700 id
1678 692 1687 704 ,

913 704 978 734 quod
991 702 1232 734 derogabatur,quale
1245 703 1312 729 efler,
1322 704 1460 736 intelligere
1479 705 1571 730 Addam
1578 707 1684 736 &illud‚

911 735 1005 759 frastam
1016 734 1060 758 effe
1074 734 1133 765 legis
1145 735 1207 761 vim,
1227 742 1277 758 non
1290 735 1365 758 modo
1372 743 1426 759 cum
1434 737 1533 769 alialege
1540 740 1686 764 nominatim

912 767 1071 799 abrogaretur,
1088 765 1128 789 led
1140 765 1224 793 etiam,
1239 773 1308 793 cum,
1327 774 1377 791 non
1391 769 1494 792 omnino
1507 777 1568 798 tora,
1586 771 1625 794 sed
1637 772 1687 799 eius

912 807 961 830 pars
972 801 1025 831 lege
1036 797 1150 830 posterius
1162 797 1204 821 lata
1217 799 1350 822 tolleretur:
1369 799 1449 830 quod,
1465 802 1577 832 derogare,
1594 803 1688 826 diceba-

911 838 961 854 tur:
974 837 1102 858 aur‚cum,
1117 828 1376 861 nullasuperiorislegis
1383 833 1583 860 menstonefasta,
1597 834 1689 866 aliquid

911 863 934 886 ei
946 862 1089 886 contrarium
1096 860 1226 893 posteriore
1238 862 1428 893 legexogaretur:
1442 864 1508 894 quod
1522 872 1582 892 erat,
1601 865 1687 897 obroga-

913 903 943 917 re.
951 901 1032 926 atque,
1047 893 1092 917 hoc
1098 893 1198 925 quidem
1205 893 1326 925 degenere
1333 911 1339 920 ,
1351 894 1411 925 apud
1419 895 1584 920 Liviumlibro
1592 899 1630 921 lX.
1637 906 1687 930 cap.

914 934 954 954 34.
973 930 998 951 Ρ.
1012 926 1165 958 Sempronius
1177 925 1285 949 tribunus
1297 925 1373 957 plebis
1385 925 1490 950 adversus
1502 931 1547 958 Ap.
1561 928 1687 954 claudium

911 957 1034 982 censorem
1047 958 1072 982 in
1084 958 1201 981 concione
1214 958 1244 981 ita
1256 957 1368 989 disputat:
1383 960 1432 982 Ideo
1445 961 1632 990 ‘AEmrliapatius
1645 963 1689 993 legi

910 997 1030 1022 paruerunt
1037 1007 1043 1017 ,
1056 998 1124 1021 quam
1134 990 1166 1012 rui
1174 991 1266 1020 antiqua
1274 1006 1280 1017 ,
1287 991 1338 1020 quia
1347 991 1689 1025 hancpostremrtmpopulmjus-

908 1024 981 1052 serat,
1000 1022 1026 1046 ὺ-
1042 1025 1109 1053 quia,
1127 1020 1163 1044 ubr'
1175 1022 1223 1044 dua
1236 1023 1344 1044 contrari-t
1356 1023 1412 1051 leges
1420 1023 1486 1051 sont,
1500 1022 1583 1056 semper
1596 1028 1689 1055 antiqua

913 1053 1000 1084 abrogat
1008 1062 1072 1077 nova.
1089 1051 1125 1076 Est
1139 1053 1210 1076 etiam
1223 1053 1248 1076 in
1261 1056 1290 1077 11.
1303 1052 1332 1076 de
1345 1053 1485 1077 inventione
1492 1061 1540 1085 cap.
1549 1063 1589 1082 49.
1598 1056 1628 1079 ita
1636 1056 1691 1080 scri-

914 1092 993 1116 ptum:
1013 1089 1038 1108 In
1049 1084 1133 1108 duabus
1145 1086 1253 1107 contrariis
1265 1084 1347 1115 legibus
1357 1101 1363 1111 ,
1381 1086 1633 1115 utmfoji'ertu:iratast?¹
1643 1096 1691 1111 con-

907 1118 1001 1148 siderare
1013 1123 1098 1147 oportet.
1111 1125 1160 1138 nam
1171 1116 1274 1147 postrema
1286 1118 1506 1147 quaquegmviffima
1518 1117 1553 1146 est.
1576 1120 1687 1143 Omnino

913 1149 980 1181 quod
991 1149 1050 1180 Iegis
1061 1150 1110 1172 vim
1125 1148 1253 1171 maximam
1267 1146 1334 1171 fuiffe
1344 1147 1410 1174 dixi,
1428 1156 1458 1171 eo
1470 1148 1533 1176 dixi,
1552 1157 1601 1173 non
1610 1151 1689 1176 solum

913 1181 969 1212 quia
982 1181 1043 1204 nihil
1053 1179 1105 1203 esset
1117 1179 1170 1210 lege
1181 1180 1285 1210 gravius,
1304 1179 1327 1202 ἐκ·
1342 1179 1365 1202 in
1374 1178 1474 1210 publicis
1481 1181 1535 1204 aitis
1543 1182 1689 1207 nihilobser-

913 1220 1002 1236 varetur
1011 1213 1097 1243 magis,
1110 1218 1191 1234 verum
1202 1212 1288 1238 etiam,
1301 1212 1357 1242 quia
1366 1211 1426 1242 legis
1439 1211 1549 1235 sententia
1562 1215 1689 1244 pertineret

914 1245 941 1268 ad
948 1245 1106 1270 omnescivoe,
1116 1244 1140 1266 ὃ(
1147 1242 1259 1266 omnibus
1265 1250 1328 1274 :equa
1335 1243 1382 1271 jura
1388 1243 1534 1271 describeret,
1541 1244 1666 1276 praesertim
1673 1246 1686 1271 a

915 1285 964 1308 quo
971 1284 1078 1308 tempore
1085 1274 1256 1306 Qflortenlius
1263 1275 1522 1306 Distatorrogationem
1530 1277 1585 1300 tulit
1593 1294 1599 1304 ‚
1608 1278 1636 1301 de
1643 1286 1689 1309 qua

914 1309 958 1337 jam
967 1309 1115 1332 mentionem
1123 1306 1271 1332 fecimusnrt,
1279 1306 1345 1337 quod
1353 1306 1418 1337 plebs
1425 1305 1545 1334 sanxisset,
1553 1315 1581 1332 eo
1589 1311 1689 1340 quirites

913 1347 998 1364 omnes
1009 1345 1147 1363 tenerentur.
1161 1344 1323 1361 verumtamen
1336 1337 1384 1361 duo
1397 1346 1480 1370 genera
1492 1340 1629 1370 legumexci
1648 1342 1687 1366 io:

913 1373 992 1398 alterii,
1000 1371 1065 1404 quod
1073 1378 1122 1394 non
1130 1377 1214 1393 omnes
1220 1370 1283 1393 cives
1291 1377 1296 1391 τ
1305 1370 1478 1402 alterum,quod
1486 1378 1570 1395 omnes
1578 1374 1619 1404 qui
1638 1381 1686 1401 em,

913 1403 951 1428 {ed
959 1402 1041 1435 dispari
1049 1401 1321 1433 jure-comprehenderet.
1329 1403 1433 1431 primum
1440 1403 1506 1426 enim
1514 1403 1573 1426 illud
1581 1405 1641 1436 apud
1648 1406 1688 1430 ci-

912 1443 1021 1459 ceronem
1028 1435 1090 1459 lrbro
1097 1436 1136 1458 lu.
1144 1433 1171 1456 ad
1179 1434 1284 1457 Atticum
1292 1432 1425 1460 observavi,
1440 1441 1509 1465 quarn
1517 1435 1595 1467 legem
1603 1437 1689 1468 aliquis

911 1467 1018 1491 tribunus
1026 1466 1099 1497 plebis
1105 1465 1175 1488 ferret
1182 1481 1189 1491 ,
1202 1473 1226 1488 ea
1234 1465 1286 1494 lege
1293 1466 1393 1496 collegas
1399 1465 1446 1494 ejus
1453 1465 1577 1490 obstiteras
1584 1469 1688 1493 minime

910 1498 985 1522 fuiffe.
997 1498 1097 1523 deinde,
1111 1497 1253 1520 utomittam
1261 1497 1323 1527 leges
1330 1497 1382 1520 alias
1391 1513 1396 1523 ‚
1409 1497 1495 1528 quibus
1503 1499 1616 1523 senatores
1624 1507 1688 1524 tene—

909 1529 993 1554 bantur
1001 1547 1007 1555 ‚
1021 1529 1095 1552 caeteri
1103 1535 1180 1551 aurern
1189 1534 1254 1551 erant
1261 1528 1355 1551 ordines
1363 1527 1467 1551 liberati:
1478 1530 1634 1562 quamlegem
1642 1550 1649 1559 ‚
1657 1540 1692 1557 ne

909 1563 962 1592 quis
970 1561 1058 1590 judicio
1066 1561 1274 1583 circumveniretur
1281 1576 1288 1586 ‚
1299 1561 1328 1582 C.
1337 1559 1451 1583 Gracchus
1458 1561 1521 1588 tulit,
1529 1568 1580 1585 eam
1588 1571 1631 1593 pro
1639 1565 1688 1595 ple-

909 1593 998 1620 be‚non
1006 1593 1030 1616 in
1038 1592 1132 1624 plebem
1139 1591 1183 1614 ess'e
1190 1591 1427 1618 latam,declaraturin
1434 1593 1542 1616 oratione
1548 1601 1590 1625 pro
1598 1596 1688 1620 Cluen—

909 1626 952 1648 tio.
961 1624 1084 1655 posteaque
1092 1626 1118 1646 L.
1126 1623 1185 1654 Sylla
1192 1623 1263 1649 Felix,
1271 1630 1326 1646 cum
1333 1623 1380 1651 ejus
1388 1624 1421 1646 rei
1429 1624 1584 1654 quaestionem
1591 1625 1626 1649 sua
1633 1628 1687 1659 lege

909 1656 1060 1679 constitueret
1067 1672 1073 1681 ,
1081 1656 1196 1685 populum
1205 1657 1278 1677 Rom.
1287 1661 1360 1685 quem
1366 1654 1393 1678 ab
1400 1654 1445 1678 hoc
1452 1663 1536 1686 genere
1542 1656 1644 1683 liberum
1651 1667 1688 1683 ac-

909 1688 1044 1719 ceperat‚alli
1049 1694 1101 1718 gare
1108 1693 1173 1709 novo
1181 1685 1314 1717 questionis
1321 1693 1405 1716 genere
1411 1686 1474 1710 ausus
1481 1694 1530 1710 non
1538 1688 1638 1720 est.erg0
1646 1690 1687 1716 hac

909 1720 961 1750 lege
969 1735 974 1745 =
988 1726 1038 1750 qua:
1050 1719 1155 1749 primum
1163 1717 1299 1748 Sempronia
1306 1716 1351 1740 fuit
1360 1734 1366 1744 ‚
1379 1717 1409 1741 de
1416 1722 1444 1742 C.
1452 1719 1548 1743 Gracchi
1556 1721 1687 1747 latorisno-

911 1752 989 1774 mine:
1003 1749 1088 1773 deinde
1095 1750 1204 1773 Cornelia
1212 1766 1217 1775 ,
1227 1748 1302 1780 postea
1309 1756 1378 1780 quam
1387 1751 1414 1773 L.
1422 1750 1480 1780 Sylla
1487 1767 1493 1777 ,
1501 1751 1552 1781 lege
1559 1753 1614 1780 lata,
1624 1762 1686 1785 quae-

910 1782 1011 1805 stionem
1025 1783 1048 1805 &
1062 1780 1108 1813 ipse
1121 1780 1225 1808 eiusdem
1238 1781 1269 1804 rei
1282 1780 1415 1804 constituit:
1433 1789 1478 1813 qua
1491 1782 1576 1807 deinde
1590 1787 1683 1816 potius,

909 1822 979 1845 quam
988 1813 1125 1844 Sempronia
1134 1830 1140 1839 ,
1148 1813 1196 1839 eius
1202 1814 1294 1842 generis
1301 1812 1384 1841 judicia
1391 1812 1442 1836 suut
1448 1814 1616 1840 administrata:
1631 1818 1686 1846 hac,

911 1847 1006 1877 inquam
1016 1863 1021 1870 ‚
1030 1846 1088 1875 lege,
1098 1852 1122 1867 ur
1130 1844 1161 1868 cst
1169 1845 1192 1867 in
1201 1844 1307 1868 oratione
1313 1852 1356 1876 pro
1365 1845 1486 1872 Cluentio,
1493 1845 1616 1875 senatores,
1626 1851 1648 1874 ἃ
1656 1851 1685 1878 jj,

908 1879 949 1909 qui
958 1877 1115 1908 magistratum
1123 1875 1289 1907 gess'erant‚soli
1297 1876 1440 1900 tenebantur:
1448 1884 1473 1900 ut
1480 1880 1686 1908 quemadmodum

906 1910 968 1932 reste
974 1908 1095 1940 agentibus
1103 1909 1165 1939 plura
1173 1908 1274 1939 przmia,
1283 1907 1311 1932 fic
1320 1909 1381 1938 plura
1390 1910 1534 1939 peccantibus
1542 1912 1686 1939 judiciorum

907 1941 1007 1970 pericula
1014 1939 1128 1971 proposita
1135 1938 1212 1963 essent.
1218 1941 1280 1971 Lege
1287 1940 1421 1970 etiamJulia
1429 1940 1458 1964 de
1465 1944 1571 1972 pecuniis
1578 1951 1687 1976 repetun-

907 1972 943 1995 dis
956 1971 1087 2003 equestrem
1100 1971 1212 2000 ordinem
1227 1978 1277 1994 non
1286 1969 1351 1994 fuiffe
1365 1972 1626 2006 alligatumlegimusin
1634 1985 1686 2002 ora-

907 2004 972 2027 tione
986 2011 1028 2035 pro
1043 2002 1138 2027 Rabirio
1146 2003 1283 2027 posthumo.
1294 2003 1318 2026 in
1326 2004 1433 2027 oratione
1441 2012 1496 2028 vero
1503 2014 1546 2038 pro
1554 2008 1668 2033 Cluentio
1676 2026 1683 2038 ‚

907 2043 957 2067 quae
970 2036 1007 2059 lex
1022 2035 1079 2059 item
1093 2034 1121 2058 de
1134 2035 1239 2066 pecuniis
1247 2035 1380 2067 repetundis
1387 2037 1538 2066 nominatur,
1552 2041 1627 2071 qua&
1636 2041 1683 2073 ipsa

907 2075 984 2097 prater
991 2067 1101 2091 ordinem
1109 2066 1250 2090 senatorium
1259 2074 1331 2091 nemo
1339 2067 1465 2095 terrebatur,
1473 2070 1532 2100 Julia
1540 2078 1588 2095 non
1597 2072 1650 2100 suit,
1658 2079 1684 2097 ut

905 2107 933 2123 ex
948 2107 1083 2130 temporum
1097 2097 1286 2126 examinatione,
1299 2107 1348 2130 qus
1361 2099 1560 2133 mesoepemagnis
1567 2105 1685 2129 erroribus

903 2132 1030 2161 expedivit,
1037 2131 1103 2154 facile
1109 2131 1207 2159 conjeci.
1216 2138 1269 2155 nam
1275 2131 1427 2161 cum,}uliirn
1436 2132 1465 2156 de
1471 2135 1606 2164 repetundis
1613 2137 1683 2160 laram

905 2164 949 2187 esse
956 2163 968 2186 Ξι
976 2166 1003 2186 C.
1013 2163 1099 2186 Caesare
1107 2164 1130 2186 in
1140 2164 1217 2192 primo
1225 2163 1344 2186 consulatu
1351 2179 1357 2189 ,
1366 2170 1451 2188 notum
1459 2164 1485 2188 fit
1493 2167 1564 2189 velex
1572 2168 1667 2192 historia
1674 2186 1682 2196 ,

905 2196 940 2218 vel
949 2194 962 2219 ὲ
970 2195 1092 2218 Ciceronis
1098 2194 1252 2219 orationibus,
1261 2202 1329 2226 atque
1335 2195 1438 2226 epistolis
1448 2203 1453 2218 ι
1465 2199 1596 2222 orationem
1605 2207 1684 2224 autem

907 2234 948 2257 pro
961 2227 1075 2250 Cluentio
1089 2227 1154 2250 annis
1167 2227 1257 2258 aliquot
1270 2234 1322 2250 ante
1333 2225 1427 2250 Caesaris
1437 2229 1584 2253 confulatum
1598 2232 1682 2255 Cicero

905 2265 988 2289 prator
996 2258 1110 2282 habuerit:
1121 2257 1232 2289 sequitur,
1241 2259 1450 2290 utomnin0,quod
1458 2260 1484 2283 ad
1493 2268 1582 2284 nomen
1591 2263 1681 2292 attinet,

904 2289 995 2314 diversae
1003 2291 1066 2322 leges
1072 2291 1165 2314 fuerint*
1171 2293 1281 2321 Qutrnam
1289 2291 1360 2322 igitur
1367 2290 1483 2318 furr,dicer
1490 2293 1684 2324 aliquis?Corne-

98 2327 206 2345 mnarum
219 2318 262 2343 esse
274 2326 433 2351 quemquam,
468 2320 505 2344 uia
517 2318 603 2343 fecisset
609 2319 715 2344 adversus
721 2328 772 2344 eam
779 2321 856 2352 legem
865 2337 872 2347 ,
901 2322 940 2348 lia,
949 2325 975 2346 1..
983 2323 1047 2352 Syllae
1055 2329 1060 2344 :
1068 2329 1096 2345 ex
1104 2330 1147 2354 qua
1155 2324 1228 2346 multa
1236 2321 1328 2346 insuam
1335 2323 1413 2354 legem
1420 2323 1496 2354 postea
1503 2323 1576 2347 Casa:
1585 2326 1683 2351 transsu-

97 2359 149 2386 quae
158 2352 206 2383 jam
216 2352 319 2377 exerceri
329 2350 441 2381 defiiffet,
464 2352 506 2376 atis
516 2351 617 2378 constare
629 2352 707 2378 video.
720 2353 784 2385 leges
794 2359 873 2378 autem
887 2349 889 2367 ¹
899 2354 937 2379 lit.
949 2353 978 2379 de
985 2361 1031 2387 qua
1036 2354 1097 2379 ficin
1104 2361 1178 2387 capro
1184 2353 1312 2380 Posthumo
1318 2362 1392 2387 cap-3.
1409 2356 1596 2384 tsiestharnovum
1604 2360 1626 2380 in
1634 2359 1680 2389 lege

1593 2391 1660 2419 Julm
