2075 2734
8 0 18 20 l(
77 6 115 22 ,κν
138 16 141 18 ,

8 0 120 49 ᾶκ
158 17 162 26 -

23 940 30 944 1

464 86 518 115 Ds
536 94 577 115 nt
597 80 1083 117 NunMAiuAZr'rFosnone.
1121 82 1271 115 CAii120‘2
1606 89 1664 129 ⁶3&

95 150 171 189 parte
183 145 271 185 Janm
277 141 413 182 geminus,
434 139 467 170 ex
482 140 563 169 altera
574 139 687 180 rostrum
700 138 786 166 navis:
808 138 836 166 in
847 139 945 168 triente
957 150 1037 172 vero,
1053 143 1079 170 δε
1087 142 1245 181 quadrante,
1253 146 1328 170 rates.
1347 142 1487 180 Quadrati:
1497 140 1574 173 antea
1585 138 1679 173 niun*

95 188 130 216 cis
142 194 248 216 vocatus
261 182 276 211 a
287 182 369 211 tribus
382 182 473 209 unciis.
495 179 584 207 Postea
598 175 722 219 Anmbule
735 184 864 217 urgente,
883 181 917 215 Q
936 178 1011 206 Fabio
1025 184 1142 206 Maximo
1155 181 1299 214 mutuare,
1319 180 1380 218 affes
1395 180 1503 208 unciales
1519 182 1594 215 facti,
1616 183 1672 220 pla*

97 227 202 262 cuitque
216 221 354 250 denarium
369 230 433 248 xvr.
448 217 539 246 affibus
551 221 698 257 permutari
711 235 717 244 ,
737 224 885 253 qumanum
902 216 1023 248 odionis,
1036 216 1180 253 sestertium
1195 220 1336 255 quaternis.
1377 219 1418 246 Ita
1433 220 1579 256 respublica
1591 222 1672 250 dimi·

97 265 172 292 dium
187 262 285 289 lucrata
297 259 341 286 est.
362 259 392 285 In
407 255 514 284 militari
526 262 616 281 tamen
629 253 760 288 stipendio
774 252 878 288 semper
893 254 1011 282 denarius
1025 264 1075 292 pro
1087 256 1180 283 decem
1196 256 1290 284 affibus
1303 257 1386 285 datus.
1415 259 1488 285 Nota
1500 261 1603 295 argenti
1615 259 1670 287 fue-

95 311 139 333 re,
158 300 231 337 btgae,
251 306 330 335 atque
343 296 479 336 quadrtgae,
499 295 525 320 ὅ(
539 291 635 322 deinde
649 290 726 328 bigati
739 311 748 324 ‚
765 291 963 331 quadrigatique
977 293 1050 320 dieti.
1091 295 1157 321 Mox
1170 294 1221 331 lege
1236 293 1330 328 Papirit
1346 296 1514 324 lemunciales
1527 297 1588 324 ass'es
1599 297 1671 326 faeti.

96 338 188 367 Limus
202 338 298 369 Drusus
312 336 338 362 in
353 334 483 361 tribunatu
496 329 579 366 plebis
594 329 718 356 octavam
734 337 837 365 partem
851 330 907 357 aeris
922 339 1038 368 argento
1052 330 1167 358 miscuit.
1206 332 1261 369 Qi
1278 342 1348 360 nunc
1366 332 1512 360 waimarus
1525 335 1670 371 appellaba-

97 384 154 406 tur.
176 376 228 412 lege
243 372 332 401 Clodia
344 370 474 408 percussus
489 368 532 395 est.
554 369 639 395 Antea
654 367 726 394 enim
740 367 783 395 hic
796 377 926 396 nummus
942 379 972 396 ex
986 368 1092 404 Illyrico
1105 369 1243 400 advectus,
1265 372 1362 398 mercis
1375 371 1435 398 loco
1446 371 1598 400 habebatur.
1626 374 1670 401 Est

96 423 187 443 autem
203 414 313 450 lignatus
328 406 452 441 th‘roria,
473 406 569 435 &inde
580 415 690 433 nornen.
711 409 815 433 Aureus
824 415 942 433 nummus
957 407 1014 443 post
1028 415 1129 434 annum
1146 416 1195 434 Lxr
1206 418 1227 434 1.
1236 409 1367 443 percussus
1378 410 1414 436 est
1423 430 1429 440 ,
1439 418 1518 445 quarn
1528 420 1671 448 mgentem,

97 453 134 480 ita
147 459 176 479 ut
186 449 335 486 scrupulum
352 446 448 473 valeret
461 444 581 472 sestertiis
596 444 707 475 vicenis,
727 444 799 480 quod
815 443 912 477 efficit,
932 445 959 471 in
972 444 1049 471 libras
1064 445 1167 471 ratione
1181 443 1358 474 sestertiorum
1372 467 1379 480 ‚
1407 449 1451 483 qui
1467 456 1529 475 tunc
1544 457 1618 477 erant
1632 450 1669 477 se-

97 490 201 517 stertios
218 495 319 515 mcccc.
345 484 403 511 I’ost
416 483 471 510 haec
483 482 582 519 placuit
594 492 640 510 xc.
656 492 686 509 M.
706 481 852 518 {ignariex
872 483 928 509 auri
946 482 1017 510 libris
1032 502 1040 513 ‚
1068 482 1249 519 paulatimque
1267 485 1398 521 principes
1419 487 1580 514 imminuere
1601 496 1669 524 pon-

98 529 161 557 dus.
183 524 370 553 minutissimus
383 531 447 549 vero
460 522 490 548 ad
503 530 563 548 va.
580 530 609 548 M.
635 520 768 548 Hastenus
783 518 893 547 Plinius.

138 567 160 593 A
175 563 272 600 legibus
285 560 443 588 nummariis
455 559 485 585 ad
492 557 613 594 faenebres
626 559 783 586 accedemus
794 579 800 586 .
824 567 935 594 quarum
951 557 990 586 hae
1002 565 1092 586 extant
1105 579 1112 590 ‚
1134 556 1231 585 Licinia
1245 578 1252 590 ‚
1280 558 1381 587 Duidia
1400 563 1496 589 Moenia
1508 583 1515 595 ,
1541 562 1665 595 Uenutia.

97 599 249 637 sempronia,
273 598 370 626 Valeria
383 617 391 628 ,
412 595 509 624 Cacilm
529 595 649 628 Gabinia,
669 594 765 632 Julia,
785 595 826 629 ἐς
839 595 958 623 Claudia.

784 650 911 682 Licinia
935 649 996 682 lex.

133 712 230 740 Licinia
244 713 298 741 haze
313 713 375 741 fuit:
396 714 435 740 Ut
448 711 564 740 dedud‘to
579 720 612 738 eo
626 710 659 738 de
671 710 770 745 capite,
790 709 862 745 quod
874 708 955 736 usuris
968 715 1189 746 pernumeratum
1202 709 1278 740 effet,
1299 710 1325 738 id
1334 711 1405 747 quod
1419 711 1573 748 superesset,
1586 715 1668 743 trienss

94 752 141 779 nio
151 753 231 789 aequis
243 751 410 788 portionibus
422 749 622 788 persolveretur.
649 748 724 776 Tulit
739 756 796 774 eam
811 750 840 774 C.
853 745 964 775 Licmius
974 747 1041 787 Stolo
1055 746 1171 774 tribunus
1184 747 1266 785 plebis
1278 768 1285 779 ,
1307 752 1348 782 Sp.
1363 749 1437 776 Furio
1450 752 1590 779 Medullum
1603 773 1611 787 ‚
1632 757 1665 780 Ρ.

94 789 175 816 Claelm
187 788 282 822 Siculo,
296 792 346 819 &c.
367 789 477 816 tribunis
490 787 606 827 militum
622 786 692 814 Coff.
708 794 778 813 anno
792 794 938 812 ccccxxvr.
959 788 1049 811 Llwus
1061 785 1138 813 lib.6.

718 838 802 871 Alia
829 839 954 871 Licinia
979 837 1039 871 lex.

137 906 180 933 Est
194 907 219 934 ὃ(
234 905 282 933 alia
294 903 392 931 Licinia
405 904 438 931 dc
452 899 571 934 foenore,
592 901 605 930 ὲ
618 907 648 930 L.
657 900 751 929 Licinio
769 901 869 929 Lucullo
883 901 947 929 Afiae
961 901 1130 937 proconsule,
1151 910 1211 931 ante
1224 905 1361 932 Ciceronis
1375 905 1536 941 Confiaelatum
1550 904 1614 935 lata,
1634 903 1667 931 ad

94 941 232 970 levandam
251 952 300 970 aere
311 942 396 969 alieno
411 943 592 978 provinciam:
614 942 659 968 Ne
672 940 770 968 scilicet
786 939 862 976 supra
875 940 1046 967 centelimam
1061 941 1120 976 jure
1133 940 1243 969 foenoris
1255 942 1400 971 solveretur
1415 954 1420 970 :
1443 944 1486 970 Ne
1503 943 1617 979 majores
1631 941 1669 969 es-

93 980 151 1008 sent
164 979 257 1012 usurae,
278 989 358 1017 quam
372 980 466 1016 quibus
479 979 562 1007 veteri
574 979 633 1015 jure
646 979 765 1015 pecuniae
780 986 857 1006 antea
871 977 1060 1006 credebantur:
1082 979 1126 1005 Ne
1140 980 1315 1008 creditoribus
1332 981 1345 1009 ὲ
1358 981 1480 1010 debitore
1493 980 1604 1009 foenoris
1617 988 1668 1008 no-

93 1018 169 1047 mine
181 1017 239 1055 plus
252 1019 366 1046 omnino
378 1019 470 1046 liceret
482 1019 614 1055 accipere,
635 1026 715 1054 quam
730 1024 827 1055 quanta
837 1016 973 1044 fruetuum
986 1016 1125 1044 creditoris
1138 1026 1229 1054 quarta
1243 1028 1302 1056 pars
1319 1019 1391 1048 efl'et.

701 1070 826 1104 Duillia
849 1070 975 1102 Moenia
1000 1069 1061 1102 lex.

132 1126 233 1156 Duillia
246 1126 342 1154 Moenin
355 1127 369 1154 a
386 1131 425 1156 Μ.
439 1126 546 1160 Duillio,
568 1131 600 1154 L.
614 1126 706 1154 Momio
718 1126 823 1154 triba-nu
836 1126 919 1163 plebis
933 1137 939 1154 ι
962 1129 993 1153 C.
1008 1126 1104 1154 Marcio
1119 1127 1215 1155 Rutilio
1230 1149 1236 1160 ‚
1258 1131 1311 1156 Cn.
1327 1127 1425 1156 Manlio
1439 1126 1578 1163 Capitolino
1592 1128 1668 1161 Imped

95 1165 155 1201 rioso
171 1167 206 1193 lI.
222 1165 391 1195 Consulibus,
411 1175 482 1193 anno
495 1174 593 1193 cccxcv
601 1176 622 1192 ι.
636 1165 686 1194 lata
698 1166 743 1193 est.
784 1167 821 1192 Ut
837 1165 923 1192 foenus
936 1174 969 1192 ne
983 1165 1068 1201 majus
1081 1167 1202 1194 unciario
1216 1175 1390 1195 exerceretur.
1429 1171 1490 1196 Lm,
1504 1166 1549 1193 lib.
1563 1176 1588 1201 7.
1608 1169 1667 1192 Tac.

93 1211 186 1232 tamen
199 1203 243 1231 lib.
260 1207 285 1231 6.
305 1203 446 1231 Annalium
466 1203 552 1230 foenus
572 1204 721 1231 unciarium
737 1210 799 1230 x11.
814 1202 962 1230 tabularum
984 1203 1084 1240 legibus
1104 1205 1279 1232 constitutum
1299 1205 1374 1233 fuisse
1389 1206 1475 1232 tradit.
1515 1204 1573 1231 Fuit
1584 1203 1666 1240 igitur

94 1241 149 1269 haec
161 1242 285 1277 repetitio
298 1242 363 1278 legis
376 1251 407 1268 x1
418 1251 439 1268 1.
452 1240 601 1269 tabularum
614 1250 684 1268 anno
696 1240 776 1267 Urbis
790 1250 870 1268 cnvr.
889 1245 920 1266 C.
930 1239 1031 1267 maana
1045 1242 1129 1276 Ipsae,
1150 1246 1180 1268 T.
1189 1243 1287 1269 M.ml1'o
1299 1241 1422 1276 Imperioso
1435 1247 1576 1279 Torqumm
1596 1239 1669 1268 Coffi

95 1278 138 1307 lex
153 1279 319 1307 semunciarii
332 1279 443 1306 foenoris
457 1279 470 1306 a
482 1278 595 1306 tribunis
608 1278 692 1314 plebis
705 1278 755 1306 lata
767 1278 813 1308 est,
832 1276 923 1304 Livius
934 1277 979 1305 lib.
989 1289 1013 1314 7.
1032 1278 1134 1306 Tacitus
1145 1279 1190 1307 lib.
1198 1283 1224 1308 6.
1238 1279 1390 1308 Annalium.

773 1331 906 1363 Genusia
932 1329 991 1362 lex.

133 1389 214 1418 Paulo
224 1388 297 1425 post,
317 1396 387 1415 anno
401 1396 481 1415 cnxr.
503 1390 533 1414 C.
549 1385 646 1414 Martio
660 1385 748 1414 Rutilo
764 1386 812 1413 IV.
835 1384 984 1423 QSeririlio
997 1386 1069 1414 Coss.
1088 1390 1121 1413 L.
1130 1386 1255 1415 Uenutius
1269 1386 1387 1415 tribunus
1400 1385 1483 1423 plebis
1497 1385 1584 1424 legem
1595 1384 1668 1420 tulit,

95 1437 129 1455 ne
143 1427 274 1456 foenerare
287 1426 391 1457 liceret,
412 1423 502 1452 Livius
517 1424 560 1452 lib.
570 1435 594 1460 7.

752 1464 929 1509 Sempronia
954 1463 1014 1495 lex.

137 1525 224 1561 Atque
237 1524 292 1552 haec
305 1523 413 1560 quidem
425 1523 452 1549 in
467 1522 541 1549 Urbe
554 1521 765 1549 observabantur.
806 1522 939 1548 Caeterum
954 1530 1015 1548 cum
1031 1521 1113 1549 essent
1128 1521 1193 1550 lucri
1211 1523 1299 1559 cupidi
1324 1523 1369 1559 qui
1388 1522 1499 1549 nomina
1520 1522 1547 1548 in
1565 1521 1665 1554 socios,

94 1562 167 1598 quod
182 1563 200 1588 ii
212 1572 266 1589 non
279 1568 433 1590 tenerentur
447 1560 478 1587 iis
492 1560 606 1597 legibus,
630 1558 846 1588 transcriberent,
866 1557 954 1595 legem
969 1559 1029 1586 tulit
1040 1563 1079 1585 M.
1090 1560 1248 1594 Semproniur
1258 1559 1373 1587 tribunus
1388 1559 1484 1596 plebis,
1503 1568 1575 1587 anno
1594 1566 1666 1586 1³Lx.

94 1603 127 1626 L.
140 1599 252 1625 Cornelm
270 1599 382 1629 Merula,
402 1597 562 1635 QMinuno
577 1598 683 1624 Thermo
698 1596 769 1623 Cois.
791 1598 829 1624 Ut
843 1605 904 1623 cum
921 1595 994 1623 iociis
1008 1605 1038 1623 ac
1050 1598 1161 1625 nomine
1175 1600 1270 1626 Latino
1279 1598 1396 1635 pecuniae
1409 1598 1514 1625 creditae
1527 1599 1568 1633 jus
1579 1596 1666 1627 idem,

94 1637 168 1674 quod
183 1646 245 1664 cum
262 1636 362 1664 civibus
376 1636 508 1662 Romanis
521 1635 598 1666 effer,
617 1634 707 1661 Livius
721 1633 766 1661 lib.
777 1644 818 1671 35.
839 1638 923 1660 thero
936 1634 980 1661 lib.
992 1644 1016 1662 2.
1030 1634 1063 1662 de
1077 1636 1192 1664 Officiis.

776 1688 811 1719 V
805 1687 904 1719 aleria
929 1688 991 1720 lex.

134 1749 213 1775 Anno
229 1754 343 1775 roctxvx
354 1757 375 1773 1.
394 1744 507 1773 Valerius
521 1744 620 1772 Flaccus
635 1746 670 1772 ΙΙ.
685 1743 784 1772 Consul
798 1767 803 1775 ‚
825 1755 886 1774 cum
901 1750 934 1772 L.
947 1745 1059 1773 Cornelio
1074 1746 1160 1775 Cinna
1174 1747 1209 1775 11.
1227 1747 1254 1773 in
1268 1746 1345 1773 Marii
1359 1744 1494 1771 demortui
1509 1742 1599 1771 locum
1615 1744 1667 1772 suf-

96 1785 192 1816 ῐιῑξὶυε,
206 1786 293 1822 legem
307 1784 379 1811 tulit:
403 1786 439 1810 Ut
453 1784 628 1810 creditoribus
643 1784 772 1820 quadrans
785 1783 945 1811 solveretur:
965 1783 1017 1811 hoc
1032 1785 1084 1811 est:
1106 1787 1142 1813 Ut
1157 1785 1225 1813 terni
1239 1783 1345 1811 nummi
1359 1791 1408 1820 pro
1423 1782 1539 1809 centenis
1553 1783 1581 1810 in
1598 1791 1668 1810 anno

94 1824 282 1860 penderentur.
304 1821 364 1849 Vell.
378 1820 524 1848 Paterculus
536 1821 582 1852 lib.
592 1831 616 1849 2.
628 1822 672 1859 qui
685 1828 776 1849 tamen
788 1821 840 1849 hoc
854 1822 955 1849 factum
969 1830 998 1849 ut
1009 1823 1136 1859 injustum
1151 1822 1328 1860 reprehendit.

700 1877 822 1910 Caecilia
847 1875 984 1910 Gabinia
1007 1878 1070 1910 lex.

135 1930 229 1959 caecilia
242 1930 348 1959 Gabinia
358 1931 399 1960 lex
413 1931 444 1960 ab
459 1931 523 1958 Aul.
536 1929 641 1958 Gabinio
657 1930 756 1958 tribuno
769 1930 866 1967 plebis,
889 1936 921 1957 L.
933 1932 1048 1965 Metello,
1068 1935 1105 1969 Q.
1121 1930 1215 1958 Marcio
1228 1933 1292 1966 Rege
1307 1930 1378 1957 Coss.
1397 1930 1477 1957 Anno
1494 1937 1617 1959 rocxxcv.
1631 1929 1666 1959 la-

96 1978 123 2000 ta
132 1971 180 1998 est:
200 1979 234 1996 ne
245 1970 286 2005 jus
300 1971 438 1998 duceretur
452 1971 484 1997 de
499 1970 528 1996 iis
537 1969 668 2005 pecuniis,
690 1978 746 2005 quae
760 1969 865 1997 versura
879 1969 945 1996 faeta
960 1970 1041 1996 essent
1056 1969 1181 2004 l'umPtae:
1203 1971 1246 1995 Ne
1261 1967 1358 1995 scilicet
1366 1967 1530 2001 provmciales
1542 1968 1666 1996 homines

96 2009 110 2037 ὲ
126 2008 256 2035 Romanis
269 2007 480 2036 exhaurirentur:
506 2010 548 2034 he
563 2007 669 2044 gravior
683 2006 759 2034 uiui-a
775 2016 855 2043 quam
871 2006 1013 2035 centesima
1027 2007 1187 2043 exigeretur.
1218 2007 1269 2033 Sed
1282 2007 1309 2034 &
1323 2013 1416 2042 praeter
1430 2006 1552 2033 amissam
1565 2006 1666 2036 ibrtem

95 2055 197 2075 certam
212 2054 320 2080 poenam
332 2044 474 2077 sanciebat,
495 2049 546 2074 σιξ.
558 2045 600 2072 lib.
611 2055 634 2079 5.
650 2044 731 2080 Epist.
750 2045 782 2071 ad
798 2046 930 2072 Atticum.

137 2084 219 2119 Qud
231 2083 265 2109 de
279 2084 311 2112 C.
327 2081 400 2120 Julio
410 2083 509 2110 Caesare
522 2081 669 2113 Suetonius,
690 2084 716 2111 ὃς
728 2081 780 2118 ipse
792 2082 870 2116 Caefizr
882 2081 928 2108 lib.
941 2092 967 2119 3.
978 2083 1137 2110 Comment.
1150 2082 1184 2109 de
1193 2080 1265 2109 Bello
1278 2080 1362 2113 civili,
1382 2082 1523 2109 memoriae
1536 2082 1667 2118 produnt,

59 2150 64 2151 t
98 2121 227 2150 Caesarem
237 2141 245 2152 ‚
266 2129 328 2148 cum
342 2120 405 2148 fides
416 2128 472 2148 tota
484 2121 558 2149 ltalia
572 2120 634 2148 ess'et
650 2121 799 2157 angustior,
819 2129 906 2157 neque
920 2120 1025 2148 creditae
1037 2121 1155 2156 pecuniae
1170 2119 1349 2152 solverentur,
1369 2120 1541 2150 constituisse,
1561 2120 1669 2148 utdebi-

97 2167 169 2188 tores
184 2158 357 2186 creditoribus
370 2158 545 2189 satisfacerent
551 2168 598 2195 per
605 2159 807 2186 aestimationem
816 2158 1003 2194 pollessionum
1012 2157 1044 2185 ab
1055 2159 1158 2186 arbitris
1173 2158 1205 2185 ad
1220 2157 1271 2185 hoc
1283 2157 1349 2185 datis
1361 2156 1457 2184 factam
1466 2177 1473 2188 ,
1494 2158 1585 2194 quanti
1595 2157 1668 2194 quas-

97 2207 150 2235 que
162 2204 223 2224 ante
239 2196 315 2224 civile
329 2195 426 2223 bellum
443 2197 649 2233 comparass'ent‚
670 2197 782 2224 deduelm
791 2195 895 2223 summa
904 2195 1057 2228 aerisalieni,
1078 2196 1165 2233 fiquid
1173 2195 1252 2223 usurae
1260 2195 1371 2223 nomine
1379 2203 1550 2223 numeratum
1559 2202 1602 2223 aut
1610 2206 1669 2232 per-

94 2237 223 2272 scriptum
239 2233 323 2262 fuisset
337 2246 341 2260 :
361 2243 411 2270 qua
424 2235 578 2261 conditione
592 2242 713 2272 quartum
732 2235 788 2261 fere
805 2235 897 2262 crediti
910 2234 1046 2270 deperiiffe
1058 2234 1144 2270 ajunt,
1164 2233 1252 2261 nescio
1263 2243 1295 2260 an
1311 2234 1343 2260 ad
1356 2233 1443 2270 legem
1457 2233 1571 2269 aliquam
1590 2233 1619 2260 sit
1627 2243 1667 2261 re-

97 2274 254 2302 ferendum,
275 2272 347 2308 quod
358 2271 486 2308 aliquibus
499 2272 600 2307 placere
612 2272 703 2305 video,
726 2274 771 2310 qui
792 2274 874 2299 etiam
889 2282 920 2299 ex
935 2271 1156 2303 Tacitoafferunt,
1177 2272 1271 2299 eadem
1279 2271 1337 2308 lege
1344 2279 1451 2299 cautum
1461 2270 1546 2301 fuiss‘e,
1568 2271 1600 2297 de
1609 2281 1668 2299 mo-

96 2312 133 2340 do
148 2310 284 2341 credendi,
305 2310 505 2346 possidendique
518 2311 586 2337 intra
599 2309 714 2339 Italiam.
753 2312 857 2337 Locum
872 2309 958 2337 Taciti
969 2319 1031 2338 cum
1046 2311 1072 2337 δε
1090 2310 1256 2346 superiorum
1271 2308 1362 2346 legum
1376 2309 1546 2337 mentionem
1559 2308 1668 2341 habeat,

94 2351 232 2387 integrum
250 2347 407 2377 adscribam.
446 2349 487 2376 Sic
508 2347 588 2385 igitur
609 2347 630 2375 is
643 2347 689 2376 lib.
705 2350 731 2378 6.
759 2346 898 2377 Annalium
919 2347 1167 2416 (quemlaqiqodum
1188 2345 1284 2386 Justus
1301 2346 1396 2386 Lipsius
1409 2345 1669 2412 recensuit)scrib1it:

1642 2395 1671 2413 nn
