2075 2734
405 116 461 153 5843
682 110 1715 147 AuxiqumarumRomaniuuiztimvm.

410 166 493 194 totius
505 164 612 203 collegii,
634 165 686 194 five
698 166 798 194 ordinis
810 165 899 203 legem
911 164 1022 194 violent.
1062 166 1101 193 Ut
1113 164 1187 192 enim
1204 165 1230 193 in
1243 164 1314 199 148.
1329 165 1356 193 ff.
1372 166 1406 193 de
1420 165 1488 202 raet.
1503 165 1614 196 dicitur,
1633 165 1676 201 jus
1687 164 1855 202 publicorum
1867 168 1984 203 privatoss

411 214 472 232 rum
487 204 569 239 paens
582 204 679 231 mutari
694 214 748 231 non
762 204 857 239 potest.
897 204 1011 232 Videtur
1025 210 1115 231 autem
1139 203 1261 232 transsata
1281 203 1331 231 esse
1353 213 1384 233 ex
1398 204 1490 242 legsbm
1501 202 1595 231 Solonis
1606 224 1614 236 ‚
1634 204 1661 231 in
1673 203 1766 241 quibus
1779 205 1814 233 ita
1825 205 1862 232 est
1876 215 1882 232 :
1899 202 1928 240 fi
1938 203 1983 243 qui

412 241 520 276 ejusdem
533 241 634 276 corporis
648 262 655 271 ,
676 240 758 279 autst'
766 240 813 279 qui
825 240 928 269 tribules
940 261 947 270 ‚
963 250 1012 269 aut
1016 242 1157 275 sacerdotes
1169 240 1292 278 orgiorum
1306 261 1313 272 ‚
1333 250 1380 268 aut
1392 241 1542 269 navicularii
1554 263 1560 273 ‚
1581 248 1628 268 aut
1636 241 1735 277 sodales
1748 260 1756 271 ,
1774 250 1821 269 aut
1831 242 1939 276 q‘usdem
1947 243 1985 276 [ὲ-

408 279 521 314 pulchri,
541 278 694 315 religionifire
711 282 842 314 consortes,
862 287 907 308 aut
921 280 953 307 ad
965 289 1094 316 pecorum
1109 279 1315 315 coemptionem
1329 299 1337 310 ‚
1363 280 1467 308 aliudve
1482 281 1671 317 negotiationis
1687 288 1770 316 genus
1791 279 1867 307 fimul
1882 281 1988 315 profici-

414 316 530 348 scenteS,
551 317 704 353 pastionem
719 318 790 345 inter
803 317 829 346 se
842 318 957 355 aliquam
967 319 1088 349 inierint,
1108 323 1197 345 ratum
1208 317 1233 344 id
1243 317 1306 346 effe,
1327 317 1392 344 dum
1407 328 1440 346 ne
1452 319 1514 356 quid
1529 317 1622 346 tabulis
1632 318 1741 354 publicis
1747 317 1924 354 prohibeatur.
1942 320 1987 346 De

415 354 544 391 collegiis,
565 362 594 383 ut
608 355 729 390 quaedam
744 355 848 387 dicam,
867 355 940 386 locus
953 356 1074 392 postulat.

457 394 571 420 Fuerunt
582 391 681 429 collegia
697 395 795 421 Romae
808 394 927 430 primum
941 394 1057 422 instituta
1069 392 1083 421 ἐι
1098 394 1174 430 Rege
1185 396 1289 426 Numa,
1310 393 1329 420 si
1344 393 1476 421 Plutarcho
1488 394 1632 422 credimus.
1652 394 1677 421 Is
1690 395 1764 422 onim
1778 394 1806 421 in
1821 394 1878 429 ejus
1892 394 1946 421 vita
1953 393 1987 422 fic

415 429 518 458 scribit:
540 431 612 458 Inter
627 430 726 468 reliqua
744 432 800 468 ejus
814 432 906 460 statuta
920 453 928 464 ,
949 431 1098 460 distributio
1112 431 1288 459 multitudinis
1302 431 1568 460 secundum-artificia
1583 454 1591 464 ‚
1611 433 1710 460 meruit
1724 431 1858 459 summam
1873 432 1988 459 admira-

415 469 530 495 tionem.
568 469 640 495 Cum
654 470 728 496 enim
743 470 813 497 Urbs
828 480 859 499 ex
874 470 972 498 duabus
988 470 1108 506 gentibus
1128 470 1139 503 (
1148 468 1230 497 veluti
1249 469 1382 497 ostensum
1403 470 1458 504 est')
1479 470 1742 498 constare—videretur
1756 491 1763 501 ‚
1790 479 1818 497 re
1830 477 1921 498 autem
1933 468 1987 506 ipa

415 505 562 538 diffideoet,
582 516 612 534 ac
625 508 651 534 in
664 517 750 535 unum
764 507 908 536 coalescere
921 508 995 537 nullo
1011 509 1095 535 modo
1111 506 1203 538 vellet,
1224 517 1257 535 ne
1268 507 1446 536 diverfitatem
1462 510 1488 535 &
1500 507 1677 536 differentiam
1691 508 1782 541 liceret
1798 507 1902 535 abolere
1916 528 1923 539 ‚
1943 506 1987 534 sed

419 543 501 570 effent
514 552 650 581 perpetuae
663 545 733 573 inter
746 554 832 582 partes
845 544 936 585 offense
950 554 1029 583 atque
1042 546 1220 572 contentiones.-
1241 555 1302 573 curn
1319 548 1411 573 animo
1426 545 1472 572 fiio
1486 553 1621 581 reputans,
1641 555 1671 573 ea
1685 555 1809 582 corpora,
1829 555 1886 583 quae
1900 545 1988 581 suapte

416 588 509 609 natura
522 581 664 610 difficulter
678 583 735 612 aliis
749 584 785 611 ob
805 585 931 612 duritiem
946 584 1052 612 misceri
1066 584 1169 619 pollent
1184 604 1190 614 ‚
1217 584 1353 611 confracta
1372 585 1399 611 in
1413 583 1565 620 particulas,
1583 592 1694 620 propter
1706 583 1799 611 harum
1814 585 1987 621 exiguitatem

415 620 488 646 inter
502 618 528 647 se
539 620 651 648 demum
667 622 738 649 coire
751 640 758 651 .
779 629 857 660 atque
870 621 1038 650 commisceri
1051 622 1124 658 posse
1137 631 1142 647 :
1165 621 1251 649 statuit
1269 621 1418 649 universam
1441 620 1639 649 multitudinem
1656 623 1683 649 in
1697 624 1782 655 plures
1793 621 1914 655 portiones
1929 631 1990 658 par·

417 657 478 689 tiri,
498 665 577 694 atque
591 660 627 687 ita
641 661 761 696 primum
776 659 839 689 illud
852 662 879 689 &
895 670 1023 698 magnum
1039 659 1182 687 discrimen
1201 660 1227 686 in
1242 660 1346 687 ninom
1360 660 1491 687 tributum
1507 657 1522 686 ὲ
1542 660 1634 686 medio
1650 659 1750 687 tollere.
1789 658 1884 697 Divisit
1897 667 1990 687 autem

408 695 551 728 fi’cundum
564 695 687 736 artificia,
709 706 738 726 ut
753 696 829 725 suum
844 698 975 735 peculiare
988 707 1082 735 corpus
1093 696 1218 725 haberent
1232 696 1342 724 tibicines
1354 719 1361 729 ,
1383 698 1456 725 iiii-1122
1472 696 1598 734 aurifices,
1617 696 1758 726 architeffi.
1777 695 1908 729 tinc‘lores,
1919 698 1991 731 ficto-

418 742 472 761 res,
492 732 591 762 coriarii
603 754 610 764 ,
625 735 696 770 fabri
711 734 792 764 ‘rarii
806 757 816 768 ,
834 735 909 775 figuli
924 748 933 763 :
952 736 1064 773 reliquas
1077 744 1146 764 artes
1159 736 1241 763 etiam
1262 736 1372 773 iing'ulas
1392 745 1487 764 omnes
1509 735 1536 762 in
1549 745 1632 763 unum
1649 734 1726 763 suum
1746 743 1881 771 quamque
1895 744 1990 772 corpus

417 771 533 808 redegit.
560 773 644 801 Porro
657 775 799 810 unicuique
811 775 903 812 generi
917 774 974 803 suos
987 773 1129 812 peculiares
1142 780 1290 801 conventus
1305 795 1311 805 ,
1332 776 1357 802 8<
1372 774 1453 810 religi
1467 785 1512 802 nes
1524 772 1706 809 praescribens,
1726 779 1786 800 tum
1800 773 1934 808 primum,
1954 774 1992 800 ita

419 817 454 837 ex
468 809 540 837 Urbe
553 809 651 839 sustulit
666 822 725 839 eam
740 812 919 841 diversitatem
934 834 940 845 ‚
962 822 1011 850 qua
1026 812 1069 839 alii
1084 811 1195 838 Romani
1208 833 1216 844 ‚
1236 811 1276 838 alii
1289 812 1376 838 Sabini
1388 833 1394 839 .
1416 812 1442 839 hi
1454 811 1568 842 Romuli,
1589 812 1625 839 illi
1636 810 1708 838 Tatii
1721 812 1792 839 cives
1806 810 1990 838 censebantur:

418 845 515 882 suaque
528 848 656 876 divifione
671 851 696 877 id
712 850 867 879 consecutus
879 852 917 879 est
930 871 937 882 ‚
965 858 993 878 ut
1006 850 1131 878 omnibus
1152 860 1213 877 cuni
1228 846 1354 878 ofnnibus
1367 851 1525 878 conveniret
1536 869 1544 880 ,
1570 858 1600 877 ac
1612 850 1777 877 commercia
1790 849 1995 876 intercederent.

418 884 557 922 Hactenus
565 887 726 914 vlutarchus.
750 889 788 916 Ex
803 889 897 925 quibus
911 889 997 916 verbis
1011 891 1036 916 ὅ(
1053 887 1126 915 causa
1137 888 1312 915 constituendi
1327 907 1330 914 i
1353 891 1376 916 ἃ
1396 889 1507 914 nomina
1518 886 1672 924 collegiorum
1686 887 1885 924 intelliguntur,
1904 886 1995 923 collegii

419 920 551 950 tibicinum
565 926 692 954 meminit
708 925 819 952 Valerius
831 926 966 953 Maximus
980 927 1064 960 capite
1077 926 1110 951 de
1126 926 1262 953 Institutis.
1286 924 1499 963 Collegiijabrum
1513 928 1632 952 octarium
1649 925 1750 952 Plinius
1763 925 1831 952 libro
1844 924 1994 960 trigesimo-

419 966 531 994 quarto‚
551 963 637 998 capite
648 965 753 1000 primo,
774 965 800 992 &
815 963 885 990 libro
899 962 1134 1000 trigelimoquinto
1146 962 1238 998 collegii
1244 961 1394 999 figulorum.
1414 964 1530 990 Fuerunt
1544 964 1633 998 postea
1646 965 1673 991 δε
1685 962 1734 990 alia
1747 962 1846 999 collegia
1862 963 1992 994 instituta,

419 1003 449 1023 ut
465 997 678 1034 Capitoli-norum,
700 1004 725 1029 ἃ
742 1000 948 1032 Mercurialium,
969 1009 1083 1037 quorum
1098 998 1181 1026 Cicero
1195 1000 1263 1026 libro
1279 998 1395 1027 secundo
1408 1001 1576 1036 epistolarum
1592 1001 1623 1028 ad
1633 1001 1766 1036 Quintum
1782 1002 1918 1032 Fratrem,
1936 1001 1995 1036 epi-

421 1033 486 1061 stola
499 1037 591 1071 quinta
605 1041 740 1067 meminit.
780 1040 839 1066 Fuit
851 1046 940 1065 autem
944 1043 973 1083 d)
982 1036 1145 1083 fgccgrialrum
1156 1037 1283 1074 tollegium
1296 1038 1435 1074 proprium
1455 1046 1652 1070 mercatorum,
1671 1039 1819 1067 institutum
1835 1037 1910 1072 Appio
1918 1038 1996 1065 Clau-

422 1071 479 1111 (ζό,
502 1077 532 1101 F.
545 1076 649 1102 Servilio
665 1077 734 1104 Coss]
748 1075 821 1103 Livio
833 1075 903 1103 libro
917 1073 1032 1104 secund'o
1046 1075 1110 1103 'teste
1122 1095 1129 1106 ‚
1148 1076 1183 1103 fic
1195 1076 1299 1102 dietum
1313 1076 1327 1102 a
1346 1075 1470 1102 Mercurio
1483 1097 1491 1108 ‚
1517 1076 1562 1113 qui
1578 1080 1648 1103 Deus
1660 1077 1797 1112 peculiaris
1815 1076 1882 1103 illius
1900 1075 1993 1113 collegii

422 1110 490 1139 fuis
510 1121 572 1139 euni
587 1115 660 1141 enini
674 1116 819 1151 antiquitus
832 1122 861 1142 ut
876 1122 1020 1150 patronum
1035 1121 1196 1141 mercatores
1216 1113 1344 1141 colebant.
1384 1113 1488 1150 Colle-gii
1498 1113 1625 1141 viatorum
1638 1114 1761 1151 Agellius-
1771 1115 1940 1141 mentionem
1956 1114 1995 1142 fa-

422 1147 460 1174 ci't
472 1147 541 1177 libro
555 1152 717 1180 duodecimo
731 1173 738 1183 ‚
759 1153 845 1188 capite
855 1154 936 1181 tertio
952 1173 958 1184 ‚
977 1151 1096 1190 pistorum
1105 1171 1112 1181 ,
1132 1151 1344 1179 naviculariorum
1360 1150 1400 1184 ξς·
1406 1151 1586 1186 fhbrtcentium
1597 1151 1688 1189 collegii
1702 1154 1728 1179 in
1748 1153 1884 1180 Pandeeiis
1897 1154 1923 1179 &
1938 1153 1995 1179 Co-

421 1185 482 1212 dice
504 1187 534 1216 fit
553 1191 665 1217 mentio.
707 1191 778 1227 Qid
794 1200 859 1218 vero
877 1192 942 1227 juris
957 1190 1096 1218 habuerint
1114 1189 1247 1225 ejusmodi
1266 1189 1365 1226 collegia
1379 1208 1386 1217 ‚
1411 1190 1526 1218 ostendit
1548 1192 1626 1224 Cujus
1635 1190 1822 1224 jurisconfhltm
1841 1191 1869 1217 in
1887 1189 1904 1216 l.
1928 1200 1950 1218 i.
1966 1190 1994 1218 ff.

400 1242 414 1255 rs
455 1226 506 1252 uod
522 1227 648 1263 cujusque
660 1228 835 1256 universitatis
851 1230 962 1256 nomine
976 1249 984 1260 ,
1005 1227 1047 1255 vel
1062 1234 1156 1255 contra
1169 1237 1228 1255 eam
1244 1235 1348 1264 agatur:
1369 1226 1492 1263 collegia,
1513 1227 1600 1263 inquit
1613 1247 1619 1258 ‚
1641 1229 1738 1254 Romae
1753 1236 1825 1256 cei-ta
1834 1227 1907 1256 sunt.
1927 1236 1995 1264 quo-

421 1268 483 1288 rum
496 1271 590 1300 corpus
603 1265 826 1294 ienatusconiiiiio
839 1269 866 1295 &
880 1265 1111 1295 constitutionibus
1122 1265 1309 1301 principalibus
1321 1266 1513 1295 confirmatum
1527 1265 1578 1296 est,
1601 1264 1682 1293 veluti
1688 1264 1820 1300 pistorum,
1844 1267 1994 1302 &quorun-

423 1298 485 1326 dam
501 1301 614 1329 aliorum
624 1323 630 1334 ‚
642 1306 679 1332 «δε
692 1303 916 1337 naviculariorum,
935 1305 981 1342 qui
996 1306 1021 1332 &
1037 1305 1063 1331 in
1078 1304 1222 1340 provinciis
1235 1303 1303 1331 sunt.
1343 1302 1446 1340 Qbus
1459 1312 1548 1331 autem
1564 1303 1720 1339 permissum
1741 1304 1776 1330 est
1790 1313 1884 1341 corpus
1897 1303 1993 1331 habere

420 1336 512 1375 collegii
526 1340 568 1368 vel
582 1339 714 1369 societatis
728 1362 735 1372 ‚
756 1341 796 1369 vei
810 1342 988 1380 cujuscunque
1006 1347 1114 1377 ἑταιρείας
1129 1343 1242 1369 nomine
1253 1362 1260 1373 ‚
1283 1350 1378 1369 eorum
1398 1342 1537 1377 proprium
1553 1342 1588 1369 est
1601 1362 1609 1373 ,
1630 1342 1661 1369 ad
1676 1341 1811 1377 exemplar
1829 1341 1994 1377 reipublicae,

422 1375 518 1404 habere
532 1388 569 1405 res
586 1388 725 1406 communes
738 1399 744 1409 ,
765 1389 854 1408 arcam
869 1390 1046 1408 communem
1062 1400 1068 1411 ‚
1090 1382 1116 1408 &
1127 1379 1248 1407 :retorem
1263 1400 1270 1411 ‚
1291 1379 1343 1407 five
1350 1377 1482 1416 syndicum
1497 1400 1504 1411 ,
1524 1388 1571 1416 per
1585 1389 1666 1416 quem
1679 1388 1804 1416 tanquam
1823 1381 1850 1407 in
1862 1379 1995 1415 republica

424 1415 496 1451 quod
509 1417 692 1445 communiter
706 1418 762 1454 agi,
785 1418 840 1445 fieri
855 1426 979 1455 oporteat
991 1439 1000 1450 ‚
1019 1424 1112 1456 agatur
1126 1437 1133 1448 ‚
1154 1409 1279 1448 fiat‚⁸'&c.
1302 1419 1447 1445 Potuerunt
1465 1419 1547 1445 etiam
1564 1418 1608 1444 ista
1621 1417 1720 1454 collegia
1735 1415 1939 1448 manumittere,
1959 1416 1996 1444 le-

424 1460 517 1489 gatum
532 1463 646 1490 capere„
668 1457 694 1483 &
709 1456 778 1492 leges
790 1456 836 1484 sibi
852 1456 921 1484 ferre
932 1477 939 1489 ,
960 1456 1113 1484 dummodo
1128 1464 1162 1483 ne
1175 1455 1239 1492 quid
1253 1464 1284 1482 ex
1298 1454 1409 1491 publicis
1429 1453 1530 1491 legibus
1545 1462 1762 1491 corrumperetur
1775 1476 1781 1486 ,
1802 1463 1831 1483 ut
1844 1456 1923 1483 docet
1936 1459 1995 1481 Sca-

425 1490 481 1516 vola
497 1489 511 1517 1.
526 1499 601 1526 pater
615 1492 711 1519 filium.
734 1493 760 1519 ff.
775 1494 808 1520 de
822 1494 914 1531 legatis
933 1496 1013 1522 tertio
1028 1505 1032 1520 :
1054 1495 1080 1521 ἃ
1094 1492 1186 1520 Paulus
1204 1494 1231 1519 in
1246 1492 1262 1518 1.
1283 1502 1346 1519 cum
1367 1491 1469 1519 senatus
1487 1491 1513 1519 ff.
1536 1493 1569 1523 de
1590 1492 1666 1519 rebus
1687 1492 1779 1519 dubiis.
1821 1493 1993 1520 Conveniunt

424 1528 507 1562 igitur
519 1528 618 1564 collegia
637 1530 679 1556 illa
691 1539 754 1558 curn
769 1532 861 1558 nostris
872 1530 1000 1565 fidolitiic
1015 1550 1024 1561 ‚
1050 1539 1107 1567 quae
1124 1531 1249 1558 dicuntur
1268 1527 1388 1568 aunfften
1406 1528 1449 1557 vel
1466 1529 1623 1566 huodiiech
1664 1530 1718 1569 Q
1738 1530 1812 1558 unius
1830 1532 1857 1560 ὃς.
1873 1529 1993 1565 ejusdem

420 1564 531 1600 collegii
544 1573 632 1598 erant,
644 1567 743 1601 sodales
754 1567 918 1596 dicebantur.

715 1644 772 1672 DE
793 1644 1152 1677 SERVITUTIBUS‚
1173 1646 1228 1674 ET
1248 1646 1430 1674 FINIBUS
1450 1644 1701 1673 REGUNDIS.

560 1713 688 1746 XLII.
713 1714 748 1747 V
745 1713 776 1745 iae
790 1711 921 1747 latitudo
938 1715 971 1746 in
980 1712 1149 1762 porrec‘lum
1163 1713 1222 1747 0530
1235 1713 1346 1761 pedum
1361 1712 1435 1759 esto:
1463 1715 1496 1746 in
1512 1712 1704 1758 anfraflum‚
1721 1711 1861 1757 sedecim.

448 1826 454 1830 .
466 1787 637 1826 Descriptum
651 1792 688 1819 est
701 1801 733 1819 ex
745 1793 806 1826 Caja
819 1791 888 1819 libro
907 1803 930 1829 7.
945 1793 977 1821 ad
991 1794 1109 1822 edietum
1116 1793 1283 1828 provinciale,
1305 1793 1320 1821 l.
1330 1796 1355 1822 8.
1368 1795 1416 1822 viae
1430 1792 1556 1823 latitudo,
1578 1791 1605 1818 ff.
1620 1792 1652 1819 de
1664 1790 1752 1820 servit.
1763 1792 1822 1818 rust.
1837 1793 1863 1820 &
1877 1791 1996 1820 testimo-

427 1835 503 1854 uium
517 1828 597 1855 etiam
610 1828 689 1857 habet
700 1831 768 1866 apud
786 1834 921 1857 Varronem
932 1831 975 1858 lib.
988 1835 1012 1859 6.
1028 1833 1061 1858 de
1074 1831 1164 1868 lingua
1178 1833 1280 1859 Latina.

468 1865 601 1902 Loquitur
614 1867 665 1895 hoc
678 1875 756 1904 caput
770 1868 970 1901 deservnusibus
984 1868 1078 1901 rusticis
1088 1890 1094 1901 ,
1115 1876 1144 1897 ut
1158 1868 1175 1895 si
1187 1870 1244 1906 quis
1257 1870 1298 1904 jus
1311 1868 1404 1897 habeat
1418 1868 1532 1897 ducendi
1545 1865 1658 1895 vehiculi
1673 1875 1721 1902 pei·
1733 1868 1861 1903 praedium
1869 1868 1993 1900 alienum,
2016 1901 2023 1905 A

427 1902 453 1929 id
468 1903 540 1938 quod
555 1914 597 1930 wa
610 1905 662 1932 hoc
674 1905 735 1933 loco
749 1905 858 1933 dicitur:
880 1915 909 1933 ea
923 1908 965 1933 via
980 1907 1006 1934 in
1020 1907 1175 1942 porrestum
1187 1907 1252 1935 06ὶο
1266 1908 1365 1943 pedum
1380 1908 1457 1937 ell'et,
1479 1908 1505 1933 in
1518 1904 1665 1933 anfractum
1681 1904 1806 1933 sedecim.

466 1939 631 1977 Justinianus
643 1943 711 1971 libro
722 1942 837 1971 secundo
852 1953 859 1970 τ
879 1943 958 1971 titulo
971 1945 1064 1976 tertio,
1085 1946 1121 1973 ita
1135 1945 1237 1982 inquit:
1258 1943 1414 1982 Rusticorum
1421 1943 1567 1979 prediorum
1576 1944 1641 1976 jura
1655 1942 1712 1971 sunt
1727 1942 1781 1970 haec
1795 1954 1801 1970 :
1823 1943 1886 1973 lter.
1906 1942 1994 1977 ailus.

426 1976 484 2009 via,
503 1989 573 2018 aqua
583 1981 684 2009 ducsius.
704 1984 753 2008 Iter
765 1982 801 2009 cst
812 1982 854 2017 jus
867 1983 945 2009 eundi
960 2003 967 2014 ‚
992 1982 1144 2010 ambulandi
1156 1982 1288 2013 hominis,
1309 1992 1363 2011 non
1377 1984 1458 2011 etiam
1473 1985 1626 2018 jumentum
1640 1981 1735 2017 agendi
1749 2001 1756 2012 ‚
1778 1981 1820 2008 vel
1834 1981 1994 2010 vehiculum·

428 2015 508 2055 <mus
524 2018 560 2044 est
572 2017 614 2053 jus
629 2020 725 2057 agendi
737 2019 893 2054 jumentum
907 2020 949 2047 vel
964 2020 1124 2050 vehiculum.
1164 2020 1211 2048 Via
1223 2022 1259 2048 est
1270 2022 1312 2057 jus
1326 2021 1417 2052 eundi,
1438 2021 1546 2057 agendi,
1567 2021 1591 2047 ἃ
1604 2019 1754 2046 ambulandi
1766 2018 1891 2047 hominis.
1918 2021 1993 2047 Nam

428 2061 477 2078 mr
491 2056 516 2082 δε
532 2057 635 2088 aslum,
656 2059 697 2085 via
711 2058 737 2084 in
751 2057 776 2084 se
789 2058 919 2085 continet.
939 2057 1121 2096 Aquadudilus.
1142 2059 1178 2086 est
1191 2059 1232 2094 jus
1244 2068 1316 2096 aquae
1329 2059 1454 2087 ducendae
1469 2067 1515 2095 per
1527 2057 1639 2085 fundum
1654 2056 1781 2085 alienum.
1800 2056 1946 2084 Alexander
1961 2056 1992 2085 ab

430 2090 579 2119 Alexandro
594 2095 685 2123 definit
700 2094 750 2122 iter
764 2095 879 2123 duorum
894 2097 994 2130 pedum
1008 2096 1161 2127 latitudine,
1180 2098 1266 2124 naum
1283 2105 1395 2133 quatuor
1405 2097 1516 2132 pedum.

468 2131 498 2152 In
506 2131 679 2167 pori-edium]
703 2133 732 2160 Id
746 2134 796 2163 est,
816 2135 842 2160 in
853 2133 969 2165 dimeto,
989 2142 1018 2162 ut
1028 2137 1110 2160 'Varro
1124 2135 1250 2171 loquitur.

467 2167 497 2190 In
509 2168 657 2207 aufradi‘um.
670 2171 683 2205 ]
711 2171 740 2198 Id
755 2171 790 2198 est
806 2191 812 2202 ,
833 2169 965 2208 inflexum
978 2191 986 2201 ‚
1006 2172 1037 2199 ad
1054 2171 1180 2200 flectendi
1193 2172 1296 2208 plaustri
1308 2172 1545 2199 commoditatem.
1566 2171 1694 2200 Meminit
1705 2171 1782 2208 hujus
1794 2170 1858 2209 legis
1869 2174 1949 2202 etiam
1963 2174 1991 2202 in

427 2203 573 2245 appendice
586 2207 617 2232 ad
626 2208 804 2242 Conjectanea
818 2209 845 2235 in
855 2211 1004 2237 Varronem
1013 2230 1020 2241 ‚
1033 2210 1147 2244 Joftphus
1153 2210 1273 2246 Scaliger,
1288 2209 1454 2241 ubidubitat‚
1470 2210 1729 2247 quomodointelligi
1742 2210 1848 2242 debeat,
1862 2221 1922 2238 cum
1930 2220 1991 2247 pro-

428 2247 520 2276 portio
528 2241 572 2281 illa
584 2243 713 2271 anfradtus
722 2247 753 2274 ad
768 2247 900 2274 dire6tum
910 2247 974 2281 (five
981 2256 1010 2276 ut
1018 2247 1071 2284 ipie
1079 2247 1330 2285 loquitur)auibitus
1336 2247 1366 2274 ad
1380 2247 1570 2276 dimetientem
1578 2268 1585 2279 ‚
1597 2246 1704 2276 defendi
1712 2248 1784 2276 nullo
1793 2248 1876 2276 modo
1885 2249 1971 2283 possit.

468 2280 606 2321 Francistus
620 2283 803 2310 Hottomiwnus
815 2285 898 2312 etiam
917 2284 984 2313 hanc
1000 2295 1031 2314 ex
1046 2285 1168 2312 Ciceronis
1179 2286 1299 2313 oratione
1312 2295 1362 2322 pro
1376 2287 1501 2314 Caecinna
1519 2286 1607 2323 legem
1623 2287 1715 2314 recitat
1730 2297 1735 2313 2
1758 2288 1794 2313 Ut
1807 2286 1825 2313 fi
1841 2287 1898 2322 quis
1917 2287 1989 2313 viam

425 2315 501 2343 alteri
514 2314 635 2358 deberet,
656 2326 714 2345 eam
729 2323 859 2349 munitam
873 2323 1016 2357 prestaret:
1037 2324 1054 2351 fi
1067 2333 1096 2351 ea
1108 2324 1253 2351 immunita
1261 2324 1338 2356 esset,
1357 2332 1408 2361 qua
1422 2324 1501 2353 vellet
1513 2326 1550 2357 is,
1570 2325 1612 2353 cui
1626 2324 1815 2356 eadeberetur‚
1827 2323 1989 2359 jumentum

427 2361 526 2392 ageret.
553 2355 634 2391 Cujus
647 2354 774 2387 sententia
787 2359 869 2387 incius
883 2360 934 2394 est,
956 2371 1006 2390 nec
1020 2369 1080 2400 eget
1095 2361 1278 2400 explicatione.

1262 2401 1266 2402 ⁷
1880 2404 1931 2427 XL
1939 2402 1995 2428 HI.

2062 1887 2067 1898 i

2061 1962 2067 1986 i

2060 1992 2071 2011 ,Ι

2063 2096 2066 2102 .
2060 2027 2071 2085 o:
