2075 2734
266 91 452 129 Qiomono
472 98 695 120 seua-eurus
717 99 753 118 ru
774 91 922 118 Suum-u
943 98 983 118 ετ
1004 98 1176 121 noca-rsa,
1200 89 1252 118 &c-
1292 89 1374 116 Cir.
1395 98 1420 124 7.
1583 101 1653 130 495>

57 139 104 175 lib.
121 152 162 181 14.
179 152 203 172 c.
219 151 246 180 7.
265 142 374 170 dicens:
401 145 524 168 Senatum
543 140 632 169 haberi
656 139 763 167 solitum
784 138 860 166 fuisse
879 138 893 166 a
912 138 1044 166 Diffitore
1058 160 1066 171 ‚
1087 137 1248 173 Conficlibus.
1268 137 1429 171 Praetoribus,
1449 138 1566 167 Tribunis
1579 141 1645 176 pleb.

58 187 198 220 Interrege‚
219 180 260 213 ζῇ·
280 178 396 216 Profec'lo
415 178 505 211 Urbis,
524 188 609 215 neque
628 178 669 206 alii
689 185 784 213 praeter
802 176 865 208 hos,
880 177 927 212 jus
948 176 1023 204 fuisse
1038 177 1380 212 faceresenanfionficlmm.
1424 178 1539 216 Qoties
1553 189 1646 208 autem

60 221 106 249 usu
126 219 248 249 venisset,
268 226 297 247 ut
317 227 413 246 omnes
432 217 472 244 isti
485 216 647 253 magistratus
661 215 758 243 eodem
775 224 900 251 tempore
915 215 1012 242 Roma:
1027 216 1124 247 essent,
1144 223 1203 243 tum
1218 225 1273 253 quo
1286 215 1364 251 supra,
1377 215 1472 244 ordine
1485 215 1575 253 scripti
1590 218 1645 246 sue.

57 265 122 287 runt
135 278 142 290 ,
163 258 208 295 qui
228 266 322 285 eorum
343 257 417 293 prior
435 255 490 282 aliis
509 254 587 285 effet,
607 254 630 281 ei
650 254 819 290 potissimum
833 254 937 288 finimas
958 253 1110 281 consulendi
1128 253 1171 289 jus
1190 253 1273 282 fuiffe.
1313 255 1531 282 Extraordinario
1551 265 1643 285 autem

57 297 117 333 jure
142 295 253 323 tribunos
279 304 387 332 quoque
412 293 540 320 militares
561 291 689 320 constilari
709 292 838 328 potestate
851 311 858 322 ,
885 292 951 319 item
971 291 1120 318 decemviros
1138 292 1228 329 legum
1250 291 1446 320 scribendarum
1462 312 1470 323 ‚
1497 292 1646 321 triumviro,-

58 335 141 362 etiam
163 335 229 370 reip.
249 331 437 361 constituendae
450 351 458 363 ‚
484 330 526 366 jus
543 329 696 358 consulendi
709 330 829 364 senarum
842 328 966 358 habuille.
1006 330 1082 357 Idem
1098 330 1178 357 tradit
1192 350 1199 361 ,
1226 330 1260 357 de
1274 329 1388 366 ProsecJo
1403 330 1474 358 Urbis
1488 330 1644 359 Latinarum

59 371 135 401 causa
156 372 309 400 dubitatum
330 370 406 397 fuisse
416 386 424 399 ‚
453 376 543 396 utrum
565 369 607 404 jus
626 369 652 396 id
667 368 789 396 habuerit
803 389 810 400 ‚
837 367 936 394 senfiss'e
951 376 1041 395 tamen
1064 370 1089 395 ὃς
1103 366 1250 401 Capitonem
1265 371 1292 396 ἃ
1308 367 1461 396 Tubero›.em
1475 377 1570 398 contra
1584 372 1646 398 Mu-

57 411 144 442 tium,
166 409 325 437 Praefeitum
339 407 419 434 Urbis
433 407 590 434 Latinarum
604 406 678 435 causa
690 427 696 438 ‚
720 408 746 435 &
760 405 820 434 trib.
836 405 905 441 pleb.
920 414 1072 442 quanquam
1088 404 1115 431 hi
1130 413 1191 433 ante
1206 406 1328 432 Atinium
1342 406 1510 443 plebiscitum
1516 408 1645 442 finatores

59 458 118 476 non
138 449 220 476 essent
234 468 240 479 ‚
258 446 378 481 finarum
399 451 492 472 tamen
512 444 610 473 habere
628 444 748 481 potuisse.
788 445 877 471 Docet
896 444 976 471 etiam
989 444 1111 478 finarum
1123 442 1171 469 nisi
1184 443 1211 470 in
1225 443 1286 470 loco
1299 453 1346 479 per
1359 454 1470 482 augures
1483 446 1643 479 constituto,

60 485 105 515 vel
125 485 278 514 consecrato
290 503 297 515 ‚
325 483 398 520 quod
417 483 538 517 templum
557 483 732 521 appellaretur
745 503 754 514 ‚
778 481 870 510 haberi
890 491 945 509 non
966 480 1084 512 licuisse,
1111 481 1238 517 quodque
1248 481 1485 516 finatufionrislrum
1505 484 1561 511 aliis
1578 484 1646 514 locis

60 523 164 552 factum
178 523 256 553 estet,
274 521 374 557 justum
389 530 445 549 non
460 521 545 552 fuiffe,
569 524 595 550 &
607 529 751 558 propterea
764 521 791 548 in
805 530 872 547 curia
888 517 995 557 Hostilia
1011 522 1036 548 ὃς
1052 519 1183 553 Pompeja,
1204 520 1230 546 &
1245 519 1333 553 postea
1347 521 1374 547 in
1386 520 1482 557 Jahn,
1503 531 1566 549 cum
1580 531 1644 559 pro-

58 562 120 591 fana
140 571 170 589 ea
186 561 245 588 loca
263 560 346 588 effent
359 580 372 591 ,.
395 559 497 596 templa
517 559 592 587 fuiffe
609 570 657 598 per
676 568 787 596 augures
806 558 966 589 constituta,
991 565 1021 585 ut
1040 557 1067 585 in
1088 557 1119 584 iis
1130 556 1342 591 Jeniztiffisconstclm
1356 578 1363 588 ‚
1391 568 1469 587 more
1489 560 1642 596 majorum,

59 600 126 636 justa
141 600 197 627 fieri
211 597 323 634 possent.
353 599 426 626 Loca
439 605 530 626 autem
544 607 575 626 ea
583 597 702 632 ]ενιασιι1ιι
716 597 787 625 dieta
801 597 874 624 fuiffe
884 617 891 628 ,
912 596 989 624 habet
1003 594 1088 632 Festus
1103 594 1225 631 inquiens
1238 604 1246 620 ι
1267 594 1389 621 Senacula
1404 597 1501 624 Romae
1515 599 1564 625 tria
1581 598 1644 626 fuis-

57 638 100 669 se,
118 638 146 665 in
158 636 252 674 quibus
263 636 369 670 ‚sinatus
381 636 473 664 haberi
485 635 574 664 solitus
588 637 634 668 sit,
655 636 796 664 memoriae
809 635 927 673 prodidit
947 632 1103 670 Nicostratus
1117 634 1144 660 in
1158 632 1203 660 lib.
1219 632 1264 673 qui
1279 631 1428 661 inscribitur
1442 635 1475 662 de
1486 635 1580 670 senata
1598 637 1653 664 ha-

23 673 26 676 ’
56 675 141 703 bondo.
173 678 258 702 Unum
274 674 319 701 ubi
332 684 404 702 nunc
418 675 454 702 est
468 675 527 702 ades
541 674 676 702 Concordia
690 675 759 702 inter
773 673 937 710 Capitolium
954 675 981 701 ὃς
995 672 1085 699 forum
1095 691 1103 703 ,
1123 672 1150 698 in
1165 679 1219 707 quo
1227 669 1354 710 ⁴solebant
1367 671 1541 709 magistratus,
1560 681 1590 702 ut
1604 675 1645 703 di.

57 714 95 742 cit
108 711 238 744 Titinius,
260 721 323 740 cum
340 711 485 741 senioribus
498 713 649 740 deliberare.
675 712 799 739 Alteram
813 712 844 738 ad
859 719 966 748 portam
983 711 1130 746 Capenam.
1157 713 1276 736 Tertium
1287 710 1357 737 intra
1369 711 1456 737 aedem
1471 711 1595 744 Bellonae,
1615 714 1657 741 in,

59 760 115 789 quo
127 757 280 778 exterarum
294 752 435 779 nationum
450 751 543 788 legatis
554 771 561 782 ‚
580 760 646 788 quos
660 751 688 778 in
703 749 806 778 Urbem
819 749 964 777 admitt‹re
977 748 1117 779 nolebant,
1130 747 1236 781 senatus
1249 746 1367 776 dabatur.
1394 749 1459 775 Haec
1472 747 1564 784 festus.
1591 752 1644 779 Sed

58 798 151 818 tamen
172 790 255 816 etiarn
269 787 456 826 magistratibus
469 791 501 816 iis
516 789 560 826 qui
573 789 605 816 ad
621 789 725 816 Urbem
740 787 790 815 esse
804 787 960 815 dicebantur
974 808 981 819 ‚
1006 787 1100 814 datum
1115 787 1142 813 in
1159 794 1192 825 eo
1205 784 1320 813 Bellonae
1335 784 1439 821 templo
1450 786 1570 820 senatum
1584 788 1646 816 fuis-

58 827 100 861 se,
120 837 153 855 ex
167 825 240 854 Livio
256 827 312 862 [lib.
321 826 362 864 38.
374 826 414 859 ἐς
424 827 486 863 49.]
501 826 679 864 cognoscitur.
713 826 891 853 Memorabile
905 826 941 853 est
953 825 1026 863 quod
1042 823 1139 851 Plinius
1155 822 1212 859 [lib.
1224 825 1249 852 8.
1263 832 1283 851 c.
1294 823 1357 859 45.]
1375 823 1465 852 scribit
1475 845 1482 855 ‚
1504 834 1566 852 cum
1581 827 1645 854 efl‘et

58 868 213 894 nuntiatum
228 886 236 897 ,
262 866 360 893 bovem
379 865 522 902 loquutum
541 866 634 902 (quod
649 864 773 902 frequens
787 865 815 891 in
828 863 978 900 priscorum
993 863 1124 900 prodigiis
1138 861 1212 890 fuiss'e
1227 863 1281 897 ait)
1295 863 1417 897 senatum
1433 861 1480 890 fizb
1495 863 1542 890 dio
1555 862 1646 892 haberi

56 904 134 933 fuisse
147 903 263 931 solitum.

95 944 230 970 Caeterum
242 961 250 973 ,
275 949 306 970 ut
321 942 355 970 de
369 949 494 978 tempore
506 941 588 969 etiam
602 941 716 969 habendi
722 941 828 976 ftnatus
842 940 940 978 aliquid
954 941 1057 968 dicatur
1070 959 1078 971 ‚
1105 938 1242 968 sciendum
1259 938 1295 967 est
1309 960 1316 971 ,
1334 939 1456 973 striatam
1469 939 1551 967 alium
1567 939 1644 968 fuisse

56 979 215 1019 legitimum,
234 978 317 1007 alium
336 979 473 1009 indiffum.
513 980 663 1017 Legitimus
683 980 833 1011 dicebatur,
853 982 898 1016 qui
920 979 961 1006 vel
974 979 1046 1015 lege,
1066 979 1109 1006 vel
1123 987 1201 1005 more
1215 977 1294 1006 certis
1306 976 1414 1013 semper
1428 978 1519 1006 dicbus
1532 978 1646 1007 habeba-

57 1026 119 1050 tur,
141 1017 255 1045 Kalend.
270 1019 345 1046 Non.
360 1018 431 1046 Idib.
444 1021 547 1045 Suemz.
563 1019 611 1047 ait:
632 1018 672 1054 [in
686 1017 794 1055 Augusto
807 1026 858 1051 cap.
871 1017 926 1055 35.]
951 1016 1065 1044 Sanxiffe
1079 1017 1225 1053 Augustum
1235 1037 1241 1047 ,
1264 1025 1298 1043 ne
1314 1015 1371 1052 plus
1385 1025 1464 1053 quam
1481 1016 1556 1044 bisin
1567 1026 1644 1044 men-

56 1056 84 1084 se
103 1054 231 1093 legitimus
236 1056 344 1090 senatus
355 1056 515 1087 haberetur,
543 1056 641 1084 scilicet
655 1056 716 1084 Kal.
730 1060 756 1084 ὃ(
771 1055 860 1083 Idibus
875 1066 880 1081 z
911 1065 977 1083 nere
992 1055 1144 1090 Septembri
1157 1075 1164 1085 ‚
1194 1053 1344 1081 Oetobrive
1358 1054 1449 1082 menie
1469 1054 1535 1082 ullos
1555 1055 1642 1083 adeste

56 1094 120 1122 alios
134 1094 236 1121 necess‘e
249 1095 326 1126 effet,
345 1104 427 1131 quam
439 1094 510 1122 sorte
524 1095 627 1122 ductos.
665 1095 780 1121 Indic‘ins
793 1102 884 1122 autem
899 1094 1036 1121 dicebatur
1049 1113 1056 1124 ,
1077 1094 1123 1130 qui
1137 1092 1242 1128 reliquis
1256 1092 1347 1120 diebus
1361 1093 1472 1124 mentis,
1495 1094 1540 1130 qui
1557 1093 1644 1121 modo

57 1131 194 1160 comitiales
218 1141 273 1159 non
299 1140 375 1160 erant
388 1154 397 1164 ,
425 1133 630 1169 magistratuum
656 1141 752 1160 vocatu
772 1132 926 1169 cogebatur.
964 1130 1027 1167 Jul.
1047 1129 1203 1165 Capitolinus
1223 1129 1271 1165 [in
1289 1130 1442 1167 Gordiano]
1465 1131 1647 1159 comitialibus

57 1178 149 1199 autem
170 1170 262 1198 diebus
280 1171 379 1198 iccirco
390 1172 499 1205 senatus
518 1180 573 1198 non
593 1170 748 1201 dicebatur,
775 1180 809 1198 ne
828 1170 959 1198 senatores
980 1170 993 1196 a
1013 1168 1138 1206 suffragio
1160 1167 1272 1196 ferendo
1292 1177 1476 1197 avocarentur.
1515 1170 1646 1198 Praeterea

57 1209 177 1246 Age-llius
192 1207 254 1242 [lib.
272 1218 311 1243 ¹4·
327 1215 380 1244 cap.
398 1208 440 1243 1.]
465 1209 545 1236 docet
559 1229 566 1239 ,
585 1208 828 1243 senatufionsieltum
842 1218 892 1235 nec
905 1216 967 1236 ante
979 1215 1104 1234 exortum
1119 1228 1128 1239 ‚
1155 1216 1205 1234 nec
1218 1207 1276 1242 post
1291 1206 1415 1235 occasum
1429 1207 1511 1234 solem
1526 1207 1646 1240 saelum,

58 1254 148 1274 ratum
171 1246 255 1273 fuiss'e.
295 1248 370 1283 Opus
389 1248 470 1273 etiam
486 1245 619 1280 censorium
635 1245 724 1274 feciss‘e
737 1246 900 1273 existimatos
915 1264 922 1276 ‚
949 1255 996 1282 per
1010 1253 1076 1282 quos
1091 1254 1124 1272 eo
1137 1252 1262 1280 tempore
1275 1243 1527 1273 senatusconsultum
1543 1245 1647 1273 tactum

59 1284 123 1312 esset
137 1304 144 1313 ,
170 1284 241 1320 quod
257 1284 399 1311 confirmat
412 1283 451 1311 his
465 1284 551 1311 verbis
563 1287 654 1311 Seneca
669 1283 724 1319 [lib.
740 1292 761 1310 1.
773 1284 804 1311 de
817 1283 951 1322 tranquill.
966 1281 1037 1318 rita]
1067 1283 1185 1318 Majores
1204 1283 1287 1309 nostri
1300 1303 1308 1313 ,
1334 1283 1419 1319 inquit
1429 1303 1435 1314 ,
1464 1292 1564 1310 novam
1580 1283 1648 1310 rela-

60 1322 164 1349 tionem
180 1321 238 1357 post
250 1320 346 1349 horam
360 1322 495 1349 decimam
513 1322 540 1349 in
554 1321 645 1350 senatu
658 1323 715 1350 fieri
729 1322 863 1349 vetabant.
896 1322 970 1357 Qin
983 1323 1009 1349 &z
1022 1329 1111 1349 totum
1128 1320 1249 1348 mensem
1262 1320 1338 1348 Febr.
1354 1321 1531 1357 legationibus
1544 1329 1648 1349 extera-

58 1369 120 1386 rum
134 1359 256 1397 gentium
273 1360 408 1388 audiendis
421 1360 580 1389 attributum
594 1360 684 1393 fuisse,
705 1369 736 1388 ex
752 1359 876 1388 Ciceronis
890 1358 999 1397 epistola
1012 1359 1045 1387 ad
1059 1359 1205 1387 Lentulum
1215 1378 1223 1390 ,
1244 1359 1277 1387 ad
1292 1360 1480 1396 QFratrem,
1501 1362 1528 1389 ὃς
1539 1359 1596 1388 aliis
1606 1359 1647 1395 log

58 1398 96 1426 cis
109 1398 202 1426 multis
215 1398 326 1428 constat.

736 1457 760 1483 C
782 1466 797 1483 Α
821 1467 844 1484 r.
886 1456 962 1484 VII.

130 1513 288 1562 Qomodo
298 1515 451 1561 sententia
464 1518 497 1550 in
504 1515 611 1562 senatu
628 1521 675 1550 (9⁴
687 1523 795 1562 rogatae
805 1539 817 1559 ‚
845 1521 891 1550 (7
906 1513 990 1549 diffie
1001 1515 1132 1561 fuerint.
1159 1517 1239 1549 Item
1252 1513 1289 1549 de
1301 1515 1567 1562 senatuftonfixltis.

8 1628 11 1631 Ι
58 1592 294 1655 Senatuftonstdta
315 1594 417 1622 duobus
438 1595 527 1623 modis
540 1595 597 1623 fien'
610 1593 686 1622 solita
698 1614 706 1626 ‚
732 1592 850 1630 Agellius
862 1593 921 1622 libr.
935 1604 975 1629 ¹4.
990 1603 1047 1631 cap.
1061 1605 1085 1631 7.
1099 1604 1131 1623 ex
1147 1598 1269 1623 Varrone
1285 1595 1366 1624 docet
1377 1616 1385 1627 ‚
1413 1601 1456 1622 aut
1465 1603 1511 1629 per
1524 1592 1643 1629 disceffi'o-

119 1640 190 1660 nem,
211 1632 228 1657 ii
251 1631 457 1663 consentiretur,
478 1641 535 1664 aut,
557 1633 575 1659 fi
588 1642 629 1660 res
642 1632 721 1660 dubia
734 1632 815 1664 esset,
835 1642 883 1669 per
897 1633 1060 1669 singulorum
1074 1633 1216 1661 sententias
1231 1634 1379 1671 exquilitas.
1413 1632 1536 1670 Singulos
1550 1640 1643 1660 autem

58 1668 156 1696 debere
177 1667 276 1696 consuli
295 1670 428 1707 gradatim
440 1691 446 1702 ‚
475 1671 608 1707 incipique
628 1670 641 1698 a
660 1670 779 1704 constalari
797 1671 906 1707 gradu:
933 1680 965 1698 ex
985 1679 1040 1708 quo
1057 1672 1141 1708 gradu
1162 1671 1267 1709 semper
1288 1672 1398 1709 quidem
1418 1671 1575 1708 regulariter
1588 1671 1646 1706 pri-

58 1716 138 1735 mum
153 1707 242 1744 rogari
255 1706 363 1736 iblitum
378 1728 386 1739 ‚
412 1708 457 1745 qui
470 1708 580 1743 princeps
590 1709 618 1736 in
631 1707 720 1735 senatu
734 1707 817 1735 lectus
830 1709 901 1736 effet-
940 1709 972 1736 In
983 1710 1192 1744 finatuftonficlto
1206 1720 1272 1738 vero
1285 1719 1333 1746 per
1347 1708 1530 1737 discessionem
1545 1707 1646 1736 facien-

59 1746 112 1777 do,
132 1748 217 1772 moris
233 1743 300 1777 fuit,
319 1753 350 1773 ut
362 1747 383 1772 is
397 1746 465 1784 magi
486 1755 572 1778 ratus,
593 1747 639 1784 qui
652 1747 686 1774 de
698 1745 784 1783 aliqua
797 1755 825 1774 re
838 1747 870 1774 ad
884 1745 1004 1774 senatum
1019 1747 1159 1780 retulerat,
1179 1749 1296 1777 diceret:
1315 1747 1369 1785 Qci
1388 1747 1430 1774 boc
1443 1745 1543 1781 conj-{tis
1553 1766 1562 1778 >
1582 1746 1644 1773 illuc

57 1782 178 1822 transm.-
198 1783 243 1819 qui
257 1782 305 1810 alia
319 1785 427 1817 omnia,
449 1786 477 1812 in
489 1784 558 1812 hanc
567 1793 687 1822 partem:
709 1784 803 1821 quibus
820 1785 906 1812 verbis
919 1785 1027 1821 praeibat
1039 1787 1137 1814 ominis
1151 1786 1239 1819 causa,
1260 1795 1294 1813 ne
1306 1786 1422 1813 diceret:
1443 1786 1498 1822 Qi
1512 1794 1646 1812 non-cen-

58 1822 128 1850 setis.
158 1820 260 1858 Festus,
286 1820 391 1848 Hirtius
404 1842 411 1851 ,
429 1822 575 1851 Suetonius,
596 1822 698 1849 Plinius
703 1824 794 1857 junior
805 1843 813 1855 ,
841 1823 968 1860 Agellius,
987 1823 1074 1851 Cicero
1086 1844 1093 1854 .
1123 1827 1149 1853 St
1169 1825 1221 1852 aiii.
1260 1825 1341 1862 Qod
1363 1823 1380 1850 fi
1401 1823 1564 1860 singulorum
1585 1822 1657 1850 seu-⁷

59 1860 150 1888 tentiae
161 1860 329 1896 exquirendae
342 1860 439 1892 essem,
460 1868 519 1888 tum
535 1860 587 1888 hoc
600 1861 695 1889 ordine
707 1860 909 1898 procedebatur.
938 1863 971 1889 In
985 1872 1062 1890 more
1075 1870 1146 1894 erat,
1169 1871 1197 1890 ut
1212 1863 1270 1899 post
1283 1861 1383 1888 comitia
1397 1860 1556 1892 consularia,
1576 1864 1644 1888 Con-

52 1898 123 1934 sules
136 1897 262 1934 defignati
275 1899 357 1933 primi
370 1898 512 1927 sententias
524 1907 682 1936 rogarentur
696 1902 722 1928 ὃς
737 1908 831 1926 eorum
848 1900 868 1928 is
881 1901 955 1936 prior
968 1901 1013 1936 qui
1026 1901 1116 1936 priore
1129 1901 1191 1928 loco
1205 1900 1351 1928 declaratus
1365 1899 1427 1927 effer
1439 1909 1444 1925 ε
1463 1906 1525 1926 ante
1536 1898 1642 1927 comitia
1653 1919 1657 1921 <

61 1945 127 1965 vero
142 1935 164 1961 is
179 1935 225 1970 qui
238 1934 252 1973 a
265 1935 414 1964 censoribus
427 1937 537 1971 princeps
550 1939 655 1970 senatus
670 1937 752 1964 leftus
766 1945 821 1965 erat
835 1948 842 1964 ι
870 1939 888 1965 ii
900 1939 997 1965 deinde
1008 1958 1016 1969 ,
1044 1947 1110 1974 quos
1129 1937 1276 1973 Consulibus
1295 1937 1434 1964 videbatur
1447 1947 1452 1963 z
1480 1938 1516 1965 ita
1532 1944 1642 1970 tamen,
1655 1957 1658 1963 .

57 1983 90 2003 ut
107 1983 140 2001 ne
155 1980 297 2006 pretorium
316 1974 457 2007 consulari,
477 1975 610 2002 aedilitium
629 1976 768 2011 praemrio,
788 1974 950 2002 tribunitium
969 1975 1076 2002 aedilitio
1095 1976 1270 2007 anteferrent,
1291 1975 1523 2011 quemadmodum
1537 1984 1569 2003 ex
1584 1975 1642 2003 Sal-

59 2011 145 2050 lustio,
166 2009 276 2046 Agellio‚
298 2010 339 2043 Θ·
357 2011 471 2040 Cicerone
490 2015 580 2050 quinta
602 2012 746 2049 Philippica
765 2014 943 2050 cognoscitur.
983 2013 1160 2040 Memorabile
1181 2021 1271 2041 autem
1290 2013 1327 2040 est
1347 2013 1419 2050 quod
1432 2012 1566 2040 Suetonius
1577 2014 1642 2042 scri-

60 2052 100 2079 bit
119 2051 146 2077 in
164 2048 238 2085 julio
257 2049 357 2077 Caesare
371 2070 378 2081 ‚
405 2051 622 2079 consuetudinem
643 2051 803 2082 obtinuisse,
833 2059 862 2079 ut
881 2060 961 2087 quem
982 2051 1107 2078 ordinem
1128 2052 1307 2088 rogandarum
1328 2051 1518 2079 sententiarum
1539 2052 1645 2082 Consul

58 2088 173 2118 Kalend.
187 2087 316 2124 januariis
327 2089 463 2122 tenuiffet‚
483 2091 598 2118 eundem
613 2097 674 2117 toto
688 2098 758 2116 anno
771 2087 919 2127 usurparet,
940 2098 1021 2126 quem
1035 2095 1127 2116 tamen
1141 2099 1250 2117 morem
1264 2089 1277 2118 a
1292 2091 1386 2125 Caffire
1399 2099 1455 2118 non
1462 2088 1634 2119 observatum

59 2127 134 2156 fuisse
147 2125 248 2153 ibidem
261 2133 380 2154 annotat.

100 2167 173 2193 Cum
187 2170 294 2200 rogatus
302 2164 406 2198 finator
419 2165 506 2194 dicere
519 2165 677 2195 sententiam
693 2165 773 2194 vellet
788 2187 793 2197 ‚
820 2165 960 2204 assurgebat
974 2186 981 2197 ,
1008 2165 1126 2203 stansque
1139 2166 1243 2195 dicebat
1257 2187 1265 2199 ‚
1290 2168 1317 2195 ὃς
1330 2176 1387 2194 non
1401 2167 1487 2195 modo
1500 2167 1534 2195 de
1548 2175 1577 2195 ea
1592 2176 1638 2200 re,

60 2204 95 2232 de
114 2212 166 2241 qua
183 2201 298 2241 relatum
318 2201 403 2230 fuiffet
413 2224 422 2235 ,
447 2213 541 2232 verum
556 2206 636 2233 etiam
653 2213 810 2242 quacunque
825 2208 858 2232 de
873 2214 901 2232 re
915 2203 1021 2231 volebat
1033 2225 1041 2235 ,
1069 2207 1095 2232 δε
1112 2206 1228 2243 quandiu
1243 2203 1348 2233 volebat
1362 2205 1465 2234 dicendi
1477 2206 1637 2242 potestatem

59 2242 180 2270 habebat.
208 2240 318 2277 Agellius
336 2240 381 2267 lib.
390 2250 417 2275 4.
431 2250 489 2277 cap.
507 2253 548 2270 10.
567 2243 651 2270 Tacit.
665 2245 709 2271 lib.
726 2253 749 2280 3.
766 2246 793 2271 ὃς
808 2253 848 2280 ¹3·
869 2243 1012 2270 Annalium
1028 2263 1036 2274 ‚
1065 2244 1091 2270 &
1107 2243 1234 2271 Plutarch.
1249 2244 1278 2271 in
1293 2244 1407 2273 Catone.
1432 2245 1532 2271 Forma
1544 2250 1636 2272 autern

59 2280 195 2309 sententiae
212 2279 332 2306 dicendae
344 2299 353 2310 ,
379 2279 610 2315 quemadmodum
629 2291 662 2308 ex
678 2282 769 2318 Philip.
790 2281 904 2308 oration.
924 2289 1032 2316 apparet
1048 2301 1054 2311 ‚
1081 2280 1137 2309 fere
1151 2281 1207 2310 haec
1219 2289 1275 2309 erat
1288 2293 1293 2309 z
1319 2282 1394 2319 Qod
1406 2281 1563 2317 verba-fad&
1571 2282 1635 2316 stem

61 2319 92 2345 de
104 2316 201 2346 literis.-
221 2318 273 2344 ἃς.
285 2317 316 2343 de
328 2327 357 2343 ea
371 2326 398 2342 re
410 2316 449 2343 ita
463 2318 549 2351 censeo.
570 2319 666 2355 Neque
680 2329 744 2347 vero
758 2320 970 2355 praetereundum
985 2318 1048 2347 illud
1063 2320 1113 2352 est,
1135 2320 1208 2356 quod
1222 2318 1352 2347 Pedianus
1364 2321 1392 2348 in
1401 2321 1577 2348 Milonianam
1586 2320 1635 2347 do-

60 2364 118 2390 cet,
138 2364 202 2386 cum
216 2354 306 2392 aliquis
319 2355 348 2383 in
360 2355 472 2384 dicenda
484 2355 613 2384 sententia
624 2357 687 2386 duas
700 2379 707 2391 ‚
728 2355 849 2394 pluresve
862 2366 904 2385 res
917 2357 1074 2393 complexus
1087 2358 1150 2387 effet
1159 2379 1167 2391 ,
1187 2368 1223 2386 εκ
1237 2357 1256 2386 fi
1268 2368 1323 2387 non
1337 2367 1433 2386 omnes
1446 2359 1636 2396 probarentur,
1653 2381 1655 2385 .

1547 2396 1643 2432 postu*
