2075 2734
411 111 464 142 210
715 106 1156 142 ANT1Q111TATUM
1195 104 1541 134 ROMANARUM
1580 106 1722 137 L1n.111.

410 158 520 198 plebejis
529 179 535 190 ,
557 160 583 187 Sc
595 156 700 185 minores
711 155 917 192 appellabantur.
935 155 1024 182 Docet
1037 153 1065 181 id
1078 157 1150 181 Sext.
1165 157 1249 188 Pomp.
1263 151 1347 189 festus
1361 162 1425 181 cum
1439 152 1541 182 scribit:
1562 156 1672 190 Majores
1681 155 1808 185 Flamineae
1819 158 1987 197 appellabanl

410 207 454 227 tur
469 197 574 224 Patricii
587 195 705 233 generis,
725 193 831 221 minores
845 191 955 227 Plebeji.
986 193 1059 220 Inter
1073 201 1167 219 omnes
1182 199 1272 219 autem
1287 193 1412 220 maxima:
1425 192 1586 229 dignationis
1599 199 1655 221 erat
1672 193 1777 222 Flamen
1789 195 1877 225 Dialis
1892 219 1900 231 ,
1919 201 1983 228 teste

411 236 508 263 eodem
525 235 635 268 Pompey'o
649 233 687 260 his
701 231 788 260 verbis
802 242 807 258 z
831 231 958 258 Maximae
970 231 1130 267 dignationis
1143 230 1248 257 Flamen
1262 228 1345 258 Dialis
1364 230 1400 257 cst
1416 250 1424 261 ‚
1451 230 1521 258 inter
1535 231 1690 268 quindecim
1703 231 1834 261 Flamines
1847 256 1854 266 ,
1879 238 1905 265 &
1919 247 1984 266 cum

411 273 497 301 caeteri
512 272 665 299 discrimina
682 270 823 306 majestatis
840 268 888 296 suae
901 267 1014 296 habeant
1029 289 1036 300 ‚
1065 269 1174 296 minimi
1194 268 1306 295 habetur
1329 266 1470 295 Pomonalis
1481 289 1490 300 ‚
1518 270 1591 306 quod
1607 270 1730 298 Pomona
1742 269 1872 299 levissimo
1887 273 1985 304 fruikui

411 320 537 348 agrorum
552 309 683 347 praefidet,
705 308 801 344 pomis.
828 307 931 334 Priores
945 307 1012 335 item
1026 314 1080 334 tres
1094 306 1220 334 flamines
1235 316 1266 335 ex
1280 308 1395 344 patriciis
1411 314 1512 334 creatos
1528 307 1578 336 effe
1594 308 1675 336 docet
1688 307 1741 336 Cic.
1758 309 1785 336 in
1801 309 1921 339 oratione
1933 322 1985 349 pro

411 350 497 377 domo
511 347 561 376 sua.
601 348 762 384 Qanquam
776 353 867 374 autem
881 355 926 373 xv.
939 343 1067 373 flamines
1079 345 1175 377 essent,
1196 345 1242 382 qui
1254 346 1368 373 nomine
1382 345 1572 374 convenirentr
1598 344 1706 383 collegae
1718 353 1810 374 tamen
1824 356 1879 375 non
1893 357 1984 383 erant,

412 396 499 424 neque
514 394 607 412 eorum
624 384 760 422 quoddam
775 383 920 420 collegium
934 382 1087 412 vocabatur.
1113 384 1250 420 Siquidem
1265 383 1371 411 Flamen
1384 383 1460 411 unius
1475 384 1527 411 Dei
1538 383 1658 412 sacerdos
1674 392 1730 412 erat
1743 405 1750 416 ‚
1770 384 1934 424 habebatque
1943 387 1986 418 sua

411 424 519 462 quisque
529 422 612 454 sacra,
634 432 691 459 quae
705 431 753 458 per
766 422 790 450 se
805 420 913 459 quisque
925 430 1093 457 procuraret,
1115 430 1224 458 quaeque
1239 421 1271 449 ad
1285 422 1348 449 alios
1362 421 1429 448 nihil
1438 422 1555 450 omnino
1566 424 1725 451 attinerent:
1746 423 1819 460 quod
1831 423 1951 454 Cic.libr.
1961 437 1986 456 2.

411 464 444 490 de
462 461 576 499 Legibus
591 460 649 488 satis
664 461 763 489 indicat
776 480 784 490 ,
804 459 955 496 hujusmodi
968 460 1056 497 legem
1070 460 1198 488 recitans:
1220 459 1348 496 Divisque
1369 460 1425 487 aliis
1436 461 1579 488 Sacerdotes
1590 482 1598 493 ,
1625 460 1751 489 omnibus
1765 460 1896 500 Pontfices
1907 485 1915 495 ‚
1937 464 1987 493 fin-

409 500 477 538 gulis
496 498 622 526 flamines
635 498 721 527 sunto.
761 498 891 526 Flamines
906 504 994 525 autem
1016 498 1068 532 (de
1080 496 1215 532 majoribus
1227 498 1396 533 potissimum
1410 497 1525 534 loquor)
1543 499 1648 527 tametsi
1668 508 1723 526 non
1738 498 1819 527 effent
1842 501 1917 528 Ponti
1936 512 1988 532 ces:

409 540 446 566 ita
462 545 553 566 tamen
568 546 642 566 erant
658 536 783 573 adscripti
803 537 830 564 in
845 535 999 574 Collegium
1015 534 1164 572 Pontificum
1182 556 1191 567 ‚
1211 544 1240 563 ut
1256 535 1274 562 fi
1288 535 1395 572 quando
1416 535 1450 562 de
1471 545 1498 563 re
1513 536 1600 574 aliqua
1621 538 1690 573 apud
1705 536 1836 574 Pontifices
1850 547 1986 576 ageretur,

409 576 457 612 ipsi
471 586 523 604 una
539 574 649 613 Judices
663 575 782 604 sederent
796 574 852 611 ejus
866 575 918 603 rei,
938 574 972 601 de
986 582 1036 610 qua
1048 574 1080 601 ad
1094 573 1231 611 Collegium
1246 572 1395 611 Pontificum
1415 573 1527 602 relatum
1544 575 1606 602 esset
1620 586 1626 601 z
1646 575 1720 612 quod
1732 576 1818 611 potest
1831 586 1864 604 ex
1880 579 1988 606 Oratio-

411 624 445 642 ne
459 614 511 642 Cic.
523 623 573 650 pro
587 614 673 642 domo
688 613 731 640 fixa
743 612 869 650 intelligi,
889 621 946 649 quae
961 621 1024 639 cum
1038 611 1068 639 sit
1082 611 1171 639 habita
1184 611 1254 648 apud
1268 609 1399 649 Pontifices
1411 631 1418 641 ,
1439 612 1470 639 ad
1486 621 1602 649 quorum
1617 613 1761 650 collegium
1782 613 1914 650 rejectum
1931 624 1986 646 erat

411 653 444 679 de
459 653 545 680 domo
559 652 573 680 a
586 652 684 680 Clodio
699 650 849 680 consecrata
862 650 1008 687 judicium:
1028 650 1055 678 in
1070 659 1101 678 ea
1112 658 1205 679 tamen
1220 650 1351 678 Oratione
1363 650 1464 686 judices
1481 650 1572 678 sedisse
1586 655 1679 688 Regem
1686 652 1831 687 surorum,
1852 655 1879 682 ἃ
1893 653 1990 682 flami.

408 700 451 717 ne!
464 690 588 718 ostendit.

450 728 615 757 Creabantur
636 725 763 754 flamines
780 725 794 754 ὲ
813 726 914 764 populo
934 727 1051 756 comitiis
1072 727 1178 755 curiatis
1190 747 1197 759 ,
1224 727 1262 755 uti
1277 735 1309 754 ex
1324 725 1406 754 Laelio
1424 724 1511 754 Felice
1532 726 1612 755 docet
1627 727 1714 764 Agell.
1734 727 1793 755 libr.
1810 738 1851 763 15.
1872 738 1928 766 cap.
1944 739 1986 767 27.

414 768 505 795 Creati
518 765 739 803 inaugurabantur
752 764 766 792 a
781 763 900 803 Fontifice
912 770 989 792 Max.
1006 765 1080 803 quod
1096 774 1160 794 cum
1175 765 1264 797 fieret,
1285 764 1354 801 capti
1367 763 1554 793 ducebantur-21
1572 765 1703 801 fatribus,
1724 765 1797 793 velut
1811 766 1842 793 ab
1857 766 1988 802 hostibus,

409 805 523 842 ideoque
538 803 665 831 flamines
677 801 744 837 capti
757 803 927 836 dicebantur,
948 804 1048 839 eodem
1061 803 1172 840 Agellio,
1193 802 1236 831 lib.
1255 813 1277 831 1.
1290 811 1347 842 cap.
1364 812 1404 830 12.
1418 802 1491 830 teste.
1531 803 1595 839 Ejus
1608 803 1681 830 dieto
1694 813 1790 831 omncs
1805 803 1941 837 suberant,
1961 807 1988 836 id

411 844 485 879 quod
500 852 532 870 ex
546 841 668 878 plurimis
682 849 804 869 veterum
818 840 977 879 scriptorum
992 841 1057 869 locis
1070 848 1144 877 patet
1157 853 1162 869 :
1184 841 1263 868 unico
1278 839 1346 868 Livn'
1360 839 1405 868 lib.
1422 851 1463 878 37.
1479 848 1619 869 contentus
1634 851 1682 868 ero
1698 862 1705 873 ‚
1725 851 1788 869 cum
1802 843 1835 870 de
1848 846 1900 881 Q.
1914 842 1988 872 Fabio

409 880 506 907 maore
519 880 553 908 fic
567 879 658 907 scribit
672 891 676 906 :
698 878 851 916 priusquam
865 881 892 907 in
907 880 1057 917 provincias
1073 880 1199 907 Praetores
1211 880 1281 907 irent
1295 899 1302 910 ,
1323 887 1461 907 certamen
1474 879 1544 906 inter
1563 883 1594 906 P.
1607 878 1733 906 Licinium
1749 884 1823 907 Pom.
1836 885 1911 909 Max.
1926 881 1990 916 fuit,
2030 902 2043 906 t,

410 920 436 947 81
452 917 608 957 QFabium
623 916 746 944 Pistorem
761 916 904 944 Flaminem
916 917 1078 956 Qifinalem
1092 938 1099 949 ‚
1118 917 1195 954 quale
1207 918 1316 944 Patrum
1332 918 1464 944 memoria
1480 918 1549 944 inter
1569 917 1754 955 QMetellccm
1767 917 1808 951 ζῇ·
1821 918 1900 954 Posth.
1916 918 1992 948 Albi.

410 956 574 992 numsuemt.
592 955 737 983 Consulem
751 954 828 982 illum
844 965 907 983 cum
922 959 956 983 C.
968 954 1072 982 Lutatio
1085 957 1195 993 Collega
1208 956 1235 983 in
1249 954 1365 982 Siciliam
1384 955 1416 982 ad
1430 954 1535 982 cinisem
1551 954 1780 992 proficiscentem,
1800 957 1833 984 ad
1846 957 1990 988 lacrareti-

409 1002 503 1022 nuerat
517 993 638 1021 Metellus
651 994 723 1021 Pont.
739 998 815 1020 Max.
833 995 978 1022 Praetorem
991 993 1061 1020 hunc
1075 1003 1109 1021 ne
1123 995 1151 1022 in
1165 993 1312 1021 Sardiniam
1326 992 1539 1029 proficisceretur
1556 992 1702 1020 l’.L1‘cmius
1716 995 1811 1023 tenuit.
1851 996 1885 1023 Et
1899 995 1926 1023 in
1947 997 1992 1024 Se-

409 1040 488 1065 natu,
511 1034 537 1060 ἃς
552 1032 584 1059 ad
599 1032 728 1069 populum
746 1033 850 1069 magnis
865 1030 1084 1060 contentionibus
1097 1039 1230 1060 certatum
1246 1032 1298 1063 est,
1319 1033 1346 1059 δε
1361 1031 1475 1067 imperia
1488 1031 1599 1059 inhibita
1612 1031 1684 1059 ultro
1699 1032 1835 1069 citroque,
1856 1036 1882 1061 &
1894 1035 1990 1071 pigno.
2042 1047 2043 1054 κ

409 1078 438 1097 ra
452 1078 541 1106 capta,
565 1072 591 1098 ἃ
608 1069 715 1097 mulctae
727 1070 819 1100 didiae,
840 1071 866 1098 ὃῑ
880 1068 987 1096 Trrbum'
1000 1069 1136 1105 appellati,
1156 1071 1184 1098 ὃς
1197 1076 1375 1106 provocatum
1391 1070 1424 1097 ad
1441 1069 1571 1107 populum
1589 1070 1632 1097 est.
1666 1070 1773 1107 Religio
1788 1071 1820 1098 ad
1834 1078 1991 1102 extremum
2026 1080 2029 1083 ·
2042 1070 2043 1074 ’

412 1109 491 1140 vicit,
514 1110 539 1136 ἃ
553 1108 626 1135 dieto
641 1108 748 1135 audiens
763 1107 814 1134 esse
834 1107 938 1135 Flamen
950 1105 1066 1142 Pontifici
1085 1108 1177 1144 juffuS.
1208 1107 1343 1135 Ha6tenus
1362 1106 1459 1135 Limus.
1492 1109 1553 1144 Qa
1567 1108 1600 1135 de
1620 1106 1693 1135 causa
1709 1107 1821 1136 Flamini
1837 1108 1911 1136 Diali
1925 1112 1991 1139 anti-

411 1147 498 1183 quitus
512 1155 562 1172 nec
575 1146 760 1182 magistratum
773 1152 880 1181 petere,
900 1155 950 1174 nee
965 1154 1058 1181 capere
1071 1145 1229 1182 permissum
1243 1152 1307 1173 erat.
1334 1146 1366 1173 In
1380 1145 1454 1182 cujus
1475 1146 1513 1174 rei
1527 1146 1643 1183 gratiam
1665 1146 1690 1173 ei
1708 1145 1795 1173 lic7ore
1810 1149 1837 1175 ὅ(
1852 1147 1920 1185 regia
1927 1149 1993 1183 ftlla

409 1183 491 1210 rurali
512 1184 550 1210 uti
571 1183 729 1219 permissum
743 1184 787 1210 est.
828 1184 895 1211 Inde
910 1182 1069 1211 Cornelium
1085 1182 1218 1211 Merulam
1232 1183 1374 1210 Flammem
1389 1183 1492 1210 Dmlem
1505 1183 1577 1210 Coff.
1593 1185 1621 1211 in
1632 1185 1723 1212 locum
1741 1184 1832 1212 Cinnae
1846 1186 1992 1222 Urbepulfi

410 1221 552 1249 fufl'eetum
562 1241 569 1252 ‚
589 1229 682 1257 poenas
695 1221 794 1248 dediffe
810 1220 902 1248 violati
918 1221 1020 1256 antiqui
1032 1220 1099 1255 juris
1113 1221 1222 1257 quidam
1237 1220 1417 1247 crediderunt.
1457 1221 1488 1247 In
1504 1220 1658 1256 magistratu
1671 1223 1746 1248 enim
1758 1223 1836 1257 paulo
1848 1224 1906 1258 post
1919 1225 1991 1252 occi-

410 1260 450 1286 sus
467 1259 512 1286 est.
553 1257 709 1285 Fla-‘mnium
722 1265 811 1286 autern
819 1257 986 1293 sacerdotium
1002 1259 1038 1286 ita
1052 1264 1214 1295 perpetuum
1231 1264 1286 1285 erat
1301 1278 1307 1289 ‚
1328 1265 1358 1286 ut
1372 1265 1464 1285 tamen
1477 1257 1513 1285 ob
1528 1264 1612 1285 certas
1626 1257 1753 1294 quasdam
1766 1259 1852 1285 causas
1865 1260 1993 1289 Flamines
2043 1283 2045 1285 >

410 1297 491 1325 etiam
507 1296 655 1324 sacerdotio
668 1297 766 1333 privari
780 1296 886 1332 poffent
899 1318 907 1329 ‚
928 1296 1138 1333 dicebanturque
1151 1294 1277 1323 Flaminio
1291 1294 1358 1323 abire
1372 1317 1380 1328 ‚
1407 1296 1503 1333 aliique
1523 1294 1742 1332 subrogabantur.
1783 1296 1866 1333 Qod
1882 1297 1900 1324 fi
1914 1299 2000 1328 nullis.
2042 1295 2043 1298 ’

409 1334 608 1366 illarunlcaufis
623 1335 707 1362 coasti
722 1334 829 1362 fuissent
841 1333 1021 1362 sacerdotium
1036 1335 1171 1370 deponere
1185 1354 1192 1365 ,
1214 1333 1241 1360 id
1255 1334 1322 1361 dum
1336 1333 1478 1366 vivebant,
1499 1334 1614 1361 retinere
1628 1333 1754 1362 solebant.
1794 1335 1837 1362 Sic
1847 1335 1922 1364 enim
1936 1337 1990 1366 Val.

410 1378 486 1400 Μιτκ.
501 1372 544 1400 lib.
564 1383 585 1400 1.
600 1381 656 1409 cap.
674 1382 696 1399 1.
718 1372 861 1400 Consimili
874 1372 978 1400 ratione
992 1373 1050 1409 post
1066 1377 1099 1398 Ρ.
1116 1370 1217 1398 Claeldus
1229 1371 1327 1398 Siculm
1340 1390 1347 1400 ,
1367 1376 1406 1399 M.
1422 1374 1498 1398 Corn.
1512 1371 1650 1409 Cethegus,
1671 1376 1702 1400 C.
1715 1370 1818 1399 Clodius
1829 1381 1940 1411 propter
1947 1384 1992 1404 ex-

408 1420 434 1439 ta
450 1420 545 1447 parum
567 1410 668 1438 curiose
683 1410 794 1437 admota
813 1411 864 1438 aris
884 1411 1009 1437 Deorum
1031 1407 1231 1437 immortalium
1246 1429 1253 1440 ‚
1282 1409 1360 1436 variis
1380 1409 1548 1445 temporibus
1562 1431 1570 1442 ‚
1590 1409 1716 1447 bellisque
1738 1411 1846 1439 diversis
1869 1412 1998 1441 Flaminio.
2043 1418 2045 1421 ·

408 1448 476 1475 abire
490 1449 549 1483 Jussi
564 1448 637 1479 sunt,
659 1448 798 1485 coafitique
812 1449 904 1476 etiam.
944 1449 981 1475 At
995 1446 1101 1482 sulpitio
1117 1449 1187 1475 inter
1200 1445 1401 1475 sacrificandum
1415 1456 1482 1484 apex
1497 1446 1511 1475 ἐ
1525 1449 1612 1484 capite
1626 1448 1761 1486 prolapsus
1774 1470 1782 1481 ‚
1803 1449 1892 1478 eidem
1908 1450 1990 1479 sacer-

409 1488 515 1514 dotium
532 1485 647 1513 abstulit.
687 1485 738 1513 Sed
753 1488 779 1514 &
794 1486 849 1514 aliae
863 1493 937 1513 erant
952 1485 1032 1513 causae
1047 1485 1102 1521 ejus
1116 1485 1270 1522 deponendi
1282 1484 1421 1514 sacerdotii
1435 1506 1442 1518 ,
1463 1486 1496 1513 de
1510 1486 1603 1522 quibus
1619 1486 1679 1513 alibi
1693 1488 1804 1515 dicetur.
1844 1488 1992 1517 Flaminum

410 1533 505 1552 uxores
521 1522 659 1550 Flami-nice
675 1524 838 1552 vocabantur
853 1544 860 1555 ,
885 1532 914 1552 ut
930 1524 1010 1551 tradit
1024 1522 1108 1560 Festus
1121 1544 1128 1554 ‚
1157 1523 1252 1560 quibus
1271 1523 1420 1552 divortium
1442 1523 1528 1551 facere
1549 1534 1605 1552 non
1619 1524 1722 1552 licebat.
1763 1526 1877 1554 Ministri
1892 1536 1989 1554 eorum

411 1560 531 1588 Flaminii
546 1560 716 1591 dicebantur,
738 1563 764 1589 &
781 1562 903 1588 ministrae
918 1559 1048 1588 Flaminia
1057 1581 1063 1590 .
1085 1560 1212 1588 Flaminia
1226 1561 1300 1594 ades,
1320 1561 1406 1588 domus
1420 1561 1543 1589 Flaminis
1557 1562 1655 1594 Diale,
1665 1561 1727 1594 &a
1748 1564 1797 1591 His
1812 1565 1848 1592 ita
1857 1565 1885 1592 in
1891 1573 1996 1602 genera

412 1600 444 1628 dr
461 1597 614 1626 Flamtmbus
628 1599 781 1635 praemissis,
802 1598 909 1627 seorfim
925 1608 996 1626 nunc
1010 1599 1043 1626 de
1056 1599 1162 1636 lingulis
1177 1600 1312 1632 dicemus,
1333 1600 1490 1637 incrpientes
1502 1599 1516 1628 a
1530 1600 1645 1628 Flamine
1657 1598 1742 1637 Diali3
1987 1609 1990 1611 ’

1106 1670 1129 1696 C
1138 1679 1154 1696 A
1163 1678 1187 1696 Ρ.
1213 1669 1293 1696 XVI.

1037 1725 1089 1758 De
1104 1723 1247 1757 Flamim’
1265 1725 1373 1758 Diali.

411 1793 554 1855 Flamen
566 1793 663 1826 Dialis,
684 1794 770 1832 inquit
784 1792 883 1833 Festus,
904 1794 1005 1827 dietus,
1025 1794 1097 1831 quod
1112 1794 1157 1822 fiio
1172 1795 1269 1823 assidue
1284 1795 1402 1828 veletur,
1423 1796 1537 1833 indeque
1555 1796 1697 1834 appellatur
1711 1797 1829 1827 Flamen:
1844 1799 1931 1828 Dialis
1946 1805 1998 1830 aii-‘-

487 1840 544 1860 tem
558 1832 717 1869 appellatur,
736 1832 750 1860 a
764 1831 829 1865 Dio,
850 1831 864 1860 a
879 1843 933 1870 quo
947 1834 1002 1860 vita
1017 1833 1073 1861 dari
1087 1832 1241 1861 hominibus
1256 1834 1405 1869 putabatur.
1445 1838 1470 1860 T
1468 1835 1577 1862 eremius
1600 1839 1676 1862 Varro
1690 1835 1704 1862 a
1717 1838 1787 1873 Jove
1808 1847 1868 1864 eum
1885 1839 1990 1868 dictum

412 1871 462 1901 ait,
483 1871 528 1906 qui
543 1870 574 1899 sit
588 1870 694 1905 Dijms.
714 1871 881 1900 Constitutus
894 1872 974 1909 igitur
989 1869 1003 1897 ἐι
1018 1874 1105 1897 Numa
1121 1880 1190 1903 erat,
1211 1878 1240 1899 ut
1253 1872 1350 1900 affidue
1363 1872 1426 1910 Jovi
1442 1872 1533 1908 praesto
1551 1871 1628 1903 essct,
1638 1873 1715 1910 eique
1722 1873 1792 1902 sacra
1801 1874 1908 1905 faceret.
1930 1877 1997 1906 Plu--

416 1909 489 1934 rimae
503 1908 580 1945 hujus
593 1917 668 1937 erant
681 1910 856 1941 ceremoniae,
877 1919 940 1946 quas
955 1908 1095 1937 observare
1110 1909 1264 1947 cogebatur.
1302 1908 1414 1947 Agellius
1428 1910 1472 1937 lib.
1492 1920 1531 1937 10.
1547 1919 1603 1946 cap.
1616 1911 1838 1948 decimoquinto,
1859 1914 1987 1948 exulans,

413 1946 458 1982 qui
466 1946 498 1972 de
503 1946 673 1981 Jiuerdotibur
681 1945 784 1981 publicis
799 1947 941 1984 compofiti
951 1947 1069 1978 fuerant,
1091 1949 1115 1975 Ex·
1126 1948 1255 1984 exprimo
1267 1947 1339 1975 Faba·
1348 1946 1450 1975 Pieriam
1466 1947 1534 1975 libro
1541 1947 1585 1976 has
1594 1948 1723 1977 recenset:
1748 1961 1770 1979 1.
1794 1952 1871 1988 Equo
1885 1952 1988 1982 Dialem

416 1983 556 2012 Flammem
567 1985 640 2017 vehi,
660 1984 755 2023 religio
769 1984 815 2012 est.
849 1995 889 2013 11.
910 1986 980 2012 Item
993 1984 1090 2023 claffi’m
1098 1987 1251 2020 procmeiam
1263 1994 1338 2014 extra
1352 1987 1518 2023 pomoerium
1533 2007 1541 2018 ,
1562 1987 1588 2014 id
1603 1987 1639 2014 est
1654 2008 1661 2019 ‚
1682 1989 1834 2017 exercitum
1855 1998 1996 2020 armatum.

417 2022 524 2049 videre:
546 2024 645 2051 idcirco
659 2032 778 2051 rarenter
798 2022 902 2050 Flamen
916 2022 1001 2051 Dialis
1014 2031 1115 2051 creatus
1132 2023 1212 2058 consid
1231 2024 1267 2051 est
1282 2045 1288 2055 ,
1310 2034 1372 2052 cum
1385 2024 1450 2052 bella
1463 2024 1612 2052 consulibus
1632 2026 1833 2055 mandabantur.
1864 2039 1922 2057 111.
1942 2023 1989 2067 Ju-

416 2067 472 2085 rare
487 2060 589 2087 Dialem
609 2060 647 2089 fas
661 2070 799 2098 nunquam
815 2062 860 2090 est.
893 2071 932 2089 iv.
956 2062 1061 2088 Annulo
1075 2062 1114 2090 uti
1129 2083 1135 2093 ‚
1156 2062 1204 2089 nisi
1213 2063 1321 2099 pervi0,
1343 2062 1464 2100 cassbque
1478 2062 1515 2090 fas
1532 2063 1587 2091 non
1602 2064 1646 2091 est.
1668 2074 1692 2091 v.
1713 2065 1808 2102 Ignem
1825 2065 1987 2100 &Flaminius

415 2097 441 2122 id
451 2096 485 2122 est
496 2117 504 2128 ‚
523 2098 648 2127 Flaminis
666 2100 746 2129 Dialis
761 2100 860 2131 domo,
881 2099 928 2127 nisi
943 2100 970 2127 in
985 2100 1087 2128 lacrum
1102 2100 1191 2128 efferri
1203 2101 1245 2136 jus
1259 2111 1313 2128 non
1325 2102 1369 2129 est.
1388 2111 1431 2128 VI.
1450 2100 1580 2132 Vchum,
1593 2101 1610 2128 si
1618 2103 1684 2130 :edes
1693 2102 1748 2139 ejus
1756 2104 1905 2137 introierit,
1925 2105 1988 2133 solvi

416 2134 548 2171 nccessiam
564 2137 615 2167 est,
637 2140 662 2166 S<
679 2138 782 2166 vincula
797 2147 843 2174 per
857 2138 1019 2174 impluvium
1034 2139 1061 2165 in
1075 2138 1175 2175 tegulas
1190 2138 1313 2169 lul’duci,
1335 2148 1413 2176 atque
1429 2139 1490 2166 inde
1505 2138 1574 2167 foras
1586 2140 1614 2167 in
1631 2142 1703 2168 viam
1717 2142 1828 2170 dimitti.
1856 2153 1919 2173 vu.
1938 2146 1988 2174 No-
2001 2158 2004 2162 ·
2046 2139 2047 2154 ³

417 2170 479 2212 lum
493 2181 519 2197 ¹⁷1
533 2172 611 2207 apina,
632 2185 717 2212 neque
731 2178 759 2203 in
773 2176 861 2204 cinctu
877 2185 962 2213 neque
982 2178 1009 2204 in
1023 2176 1071 2204 alia
1086 2185 1160 2213 parte
1173 2176 1258 2204 ullum
1273 2176 1360 2205 habet.
1386 2187 1417 2204 vr
1427 2187 1435 2204 1
1447 2186 1466 2204 i.
1484 2176 1512 2204 Si
1533 2177 1589 2216 quis
1604 2178 1636 2206 ad
1651 2179 1848 2208 verberandum
1863 2181 1987 2214 ducatur,

418 2208 475 2235 irad
484 2210 563 2244 pedes
571 2210 625 2245 ejus
639 2212 744 2248 supplet<
752 2214 939 2249 procubuerit,
960 2224 993 2242 eo
1001 2216 1043 2243 die
1052 2215 1184 2242 verberari
1199 2215 1333 2251 piaculum
1347 2215 1390 2243 est.
1423 2224 1461 2242 ιχ.
1482 2216 1610 2249 Capdlom
1625 2216 1724 2248 Dialis,
1744 2218 1792 2246 nifi
1805 2219 1850 2256 qui
1862 2219 1928 2247 liber
1940 2218 1988 2246 ho-

417 2256 466 2274 mo
479 2247 528 2278 est,
550 2257 603 2274 non
618 2250 746 2277 detonset.
766 2261 790 2279 x.
811 2256 920 2287 Capram
935 2256 961 2281 δε
976 2262 1083 2282 carnem
1099 2254 1248 2285 incestam,
1269 2255 1295 2281 ἓξ
1310 2253 1436 2281 hederam
1447 2273 1453 2284 ‚
1477 2255 1502 2281 ὃς
1513 2254 1617 2287 rabam,
1637 2264 1725 2292 neque
1733 2263 1841 2293 tangere
1850 2256 1922 2284 Diali
1929 2265 1988 2284 mos

416 2285 468 2315 eff,
489 2293 574 2322 neque
582 2295 729 2314 nominare.
748 2298 792 2315 xi.
812 2290 971 2328 Propaginem
984 2292 998 2319 e
1014 2290 1108 2319 vitibus
1123 2291 1199 2318 altius
1213 2292 1346 2327 praetentis
1359 2301 1413 2319 non
1428 2290 1550 2320 succidet.
1569 2303 1601 2320 xx
1611 2303 1632 2320 1.
1653 2293 1729 2320 Pedes
1742 2293 1815 2326 leHi,
1836 2295 1863 2322 in
1878 2304 1932 2332 quo
1945 2304 1988 2322 cu·

415 2322 474 2353 bat,
494 2321 550 2350 luto
566 2325 637 2351 ‘renui
653 2325 817 2353 circumlitos
833 2328 883 2355 effe
897 2337 1003 2365 oportet
1017 2351 1024 2361 ,
1045 2332 1071 2357 ἃ
1086 2330 1120 2356 de
1135 2339 1167 2356 eo
1181 2329 1251 2356 lee‘to
1265 2330 1422 2357 trinoctium
1438 2331 1596 2358 continuum
1612 2340 1667 2359 non
1683 2331 1807 2360 decubat:
1828 2333 1987 2369 nequeineo

414 2360 486 2389 lefto
500 2360 594 2389 cubare
612 2362 691 2390 alium
709 2362 744 2389 f-lss
759 2363 795 2389 6·st
809 2382 816 2394 ²
844 2374 930 2402 neque
943 2368 1011 2403 apud
1034 2368 1091 2404 ejus
1106 2367 1168 2395 lefti
1184 2367 1300 2396 fulcrum
1322 2367 1454 2406 capsulam
1470 2367 1520 2396 cil'e
1536 2378 1599 2396 cum
1613 2369 1682 2397 strue
1695 2377 1773 2406 atque
1787 2369 1858 2398 ferro
1873 2378 1989 2408 oportet.

1839 2418 1918 2436 xvir.
1938 2411 1989 2436 Uu-
