2075 2734
780 93 799 112 1>
841 91 856 111 E

480 89 721 115 Lini-:n

917 81 1280 111 Lecrnus.

1564 92 1569 96 ·
1607 89 1664 126 859

91 137 127 166 les
140 137 252 172 epulatIo.
266 136 320 161 hinc
334 135 374 162 illa
387 136 486 161 Catonis
498 135 597 160 censorii
611 134 670 166 apud
681 135 825 170 Ciceronem
840 134 864 157 in
879 139 880 154 1
897 130 1231 168 b'eiappellamfninquit,ea,
1241 132 1349 165 quaeplehs
1359 133 1398 162 suo
1408 133 1512 171 suffugi?
1520 136 1670 168 fimfasnbu,

91 171 155 198 libro
163 172 191 195 de
199 170 315 194 senectute
327 177 376 200 cap.
390 176 427 195 1³.
444 169 622 195 Sodalirate:,me
629 166 739 198 questore,
750 166 869 195 constitum
879 162 1066 199 l-chffinslehest
1079 165 1205 195 magiſtratu
1216 171 1309 195 rogante.
1327 169 1413 190 Verum
1422 168 1445 190 δι
1454 169 1550 196 Latius,
1565 169 1672 193 &Festus

92 204 290 233 sunt,sacr1'11daei‚
300 203 385 232 Magna
393 202 476 224 Matris
484 201 578 231 acceptia.
592 198 695 229 epulabar
702 199 770 228 igitur
777 206 825 232 “sm
835 198 867 232 [iz-

94 235 189 258 dalnbus.
206 234 294 257 Licinia
302 234 348 260 lex,
358 232 386 256 de
394 231 559 256 sodaliciislata
569 231 609 258 ,ad
618 228 733 253 ambitum
742 235 867 265 pertinuit:

93 266 240 291 sanxitenim
249 283 255 293 ,
273 265 362 297 nequis
371 264 446 287 co'r'rer
454 281 460 291 ‚
473 262 615 294 magistratus
628 259 774 297 adipiscendi·
783 268 866 296 gratia:

93 299 159 330 quod
172 297 185 322 Ξι
200 297 312 321 Laterensi
325 296 445 323 obiestum
459 298 503 319 Cn.
517 295 624 320 Plancio,
638 293 864 329 osseiiditciterorn

93 332 202 354 oratione
215 337 258 362 pro
272 328 331 360 ipso.
349 327 467 359 opificum
475 333 552 359 autem
560 325 702 353 sodalitates,
718 333 768 356 qua:
782 326 866 360 collegia

93 362 229 386 dicebantur
239 378 244 388 ,
251 362 308 392 saepe
315 367 365 383 tum
373 358 574 383 senatusconsultis
583 376 588 386 ,
598 366 648 382 rum
656 357 747 388 legibus
755 358 823 392 etiam
833 364 867 379 in-

93 394 209 421 terdicta,
217 402 244 417 ex
253 392 352 416 Pediano
359 389 514 422 cognoscitur.
524 390 679 422 postremo‚ut
687 390 749 413 idem
757 389 869 424 Pedianus

93 425 204 452 ostendit,
215 433 269 449 cum
276 432 311 448 eas
321 426 347 447 L.
355 423 461 449 Caudio,
469 423 595 453 QMarcio
603 421 666 446 Coff⁴
676 421 761 445 senatus
768 419 866 455 sustuli-s-

93 456 127 481 set
138 475 144 484 ,
159 457 260 481 Clodius
267 455 316 488 post
325 462 411 478 novem
418 462 491 478 annos
500 471 505 480 ‚
514 455 565 486 lege
574 455 616 477 lata
624 471 630 481 ,
644 454 743 477 restituit
751 470 756 480 ,
769 451 834 483 quod
844 459 867 474 in

94 488 215 513 Pisoniana
222 495 268 519 cap.
276 496 300 515 4.
309 487 394 510 Cicero
402 486 559 518 reprehendit,
568 486 602 510 his
610 485 697 509 verbis:
714 486 798 514 (Megia
806 500 812 510 ‚
828 491 867 519 nost

94 530 120 544 ea
127 522 201 551 solum
210 537 216 547 ,
230 528 275 552 qua
286 520 500 548 senalurficjt'ulerat
508 535 514 544 ,
522 519 621 548 restituta
629 534 634 544 ,
646 518 687 547 sed
699 515 867 539 mnumerabtlta

93 554 190 583 quadam
198 560 225 574 ex
233 560 288 574 omm
296 552 352 580 fate
361 549 427 572 vrbis
434 567 440 576 ,
455 552 580 580 arser-vitio>
587 558 624 572 um
634 567 637 573 ,
647 549 759 571 concitata.
776 547 866 570 Mulio-

96 591 148 607 rum
157 582 236 614 igitur,
244 589 383 613 quacunque
391 582 419 604 de
426 589 450 605 re
458 598 463 608 ,
471 582 589 605 coitiones
598 582 622 604 in
629 580 700 604 libera
707 579 867 615 civitate-sena-

94 621 131 638 tus
138 622 188 638 non
196 613 305 645 probabat
314 631 320 640 ,
330 621 374 644 qua
382 613 411 636 de
419 621 442 636 re
449 615 470 636 S.
483 615 512 636 C.
521 612 564 637 effe
571 612 655 636 fastun‘
667 629 673 639 ‚
689 619 742 635 cum
751 610 804 647 a-ltbi
813 610 866 634 scii-

93 653 161 678 ptum
169 647 284 677 legimus,
304 653 355 668 tum
368 644 447 668 lib-11,
462 652 499 676 ep.
509 653 530 670 3.
548 645 613 675 adQ
627 647 727 668 Fratrem
737 645 820 666 Cicero
829 642 868 678 de-

96 677 217 702 monstrat.
228 679 253 700 ἕο
262 680 304 704 dte,
313 678 400 708 inquit,
412 677 499 706 justum
507 677 533 706 cst
541 679 565 700 S.
574 680 594 700 C.
604 678 766 705 ursodalirates,
773 676 868 697 decarm-

92 711 155 741 n'que
161 711 296 739 discederem.
313 709 416 732 Lectoria
425 708 478 735 suit,
487 708 515 731 de
523 715 592 739 poena
599 708 623 731 in
631 715 679 734 eos,
687 707 728 738 qui
737 705 867 741 adolescet-ivr

93 749 127 765 res
141 740 368 764 circumscriberent:
384 741 469 772 quibus
482 741 565 766 etiam,
585 747 609 763 ur
622 740 651 763 iis
663 745 780 762 caveretur
792 745 867 771 magis

93 772 184 801 jubebat
191 780 307 795 curatores
314 773 370 796 dari.
389 773 500 796 Remmia
507 779 587 795 contra
594 779 634 795 eos
642 788 647 797 ,
656 769 751 800 quinne
758 770 819 805 caula
829 786 834 796 ‚
842 770 865 792 δι

94 812 183 828 temere
190 803 324 828 accusarent.
342 804 440 830 Clodia,
459 811 530 835 quam
543 804 597 826 tulit
610 805 632 826 P.
646 802 746 825 Clodius
760 801 866 837 tribunus

92 836 168 868 plebis
182 837 200 860 is
208 853 214 863 ,
229 837 270 867 qui
278 836 420 859 Ciceronem
428 836 508 866 iniqua
517 834 670 865 rogationein
678 834 776 869 exilium
784 838 851 861 ejecit
861 849 867 859 ,

93 869 123 891 de
136 867 235 898 publicis
249 867 353 895 injuriis:
368 873 438 896 quam
452 866 581 897 Anagnimi
594 865 673 889 nescio
686 872 749 893 culus
764 865 865 888 Menulae

92 899 162 924 causa,
172 899 276 922 hominis
285 898 381 928 impuri,
389 898 464 923 latam,
477 897 627 928 reprehendit
634 898 719 920 Cicero
728 897 751 919 in
759 897 865 919 oratione

91 938 135 962 pro
143 930 227 953 domo.
247 932 281 953 De
288 930 333 952 alea
341 929 411 956 Titia,
419 930 442 952 ὅ(
451 929 570 954 Cornelia⁷
578 929 626 955 illa,
635 935 659 951 ut
667 929 761 960 opinor,
768 927 866 952 tribuni⁴

91 962 125 985 cia
135 979 140 988 ‚
149 960 346 985 hacconsularis:
361 960 401 985 etsi
408 961 516 984 Cornelii
525 961 594 984 eriam
604 960 689 992 plebeii
702 960 779 987 fuere,
798 967 821 983 ut
832 960 851 983 is
860 977 866 986 ‚

93 1001 166 1025 quem
174 994 260 1017 Cicero
267 992 384 1016 defendit:
398 992 534 1024 geffitenim
548 992 691 1016 tribunatum
700 992 783 1023 plebis.
800 995 863 1015 Tum

90 1026 151 1058 Julia
159 1025 187 1048 de
195 1033 286 1049 annona
295 1042 301 1051 ,
313 1025 337 1048 &
347 1025 400 1052 illx,
411 1025 600 1056 quaeignominia
608 1023 685 1048 sontes
692 1031 743 1048 reos
750 1029 865 1059 notarent,

92 1064 123 1081 ne
129 1064 209 1088 capere
216 1056 373 1088 magistratum
382 1072 389 1083 ,
398 1064 427 1079 ne
435 1057 495 1080 inter
503 1056 588 1084 iudices
595 1056 641 1086 legi
651 1074 657 1083 ‚
672 1063 701 1080 ne
708 1057 805 1079 alterum
813 1056 866 1078 ltce-

92 1095 126 1113 1et
133 1088 241 1112 accusare.
253 1088 339 1120 quibus
345 1087 458 1111 omnibus
467 1095 562 1120 poenam
570 1088 669 1119 quidem
676 1086 720 1111 ess‘c
729 1088 866 1123 irrogatam,

92 1128 228 1146 nontamen
235 1120 466 1152 capitalem,legitur.
477 1127 526 1152 quo
535 1120 614 1143 mirari
622 1120 772 1145 minuslicet,
779 1121 794 1142 11
802 1119 831 1141 de
839 1126 867 1142 iis

94 1153 173 1177 necita
182 1151 254 1176 n‘iulra
262 1159 366 1175 veterum
381 1151 480 1178 inlibris
492 1153 647 1182 reperiuntur.
661 1159 705 1175 nos
712 1158 790 1174 autem
804 1150 863 1174 nihil

93 1184 123 1207 de
131 1184 210 1207 nostro
218 1193 224 1206 ;
232 1185 324 1215 antiqua
331 1190 457 1209 narramus,
466 1183 492 1206 ab
500 1184 602 1214 antiquis
609 1183 687 1206 tradita
698 1191 703 1206 ι
716 1183 739 1206 &
747 1191 775 1206 ex
783 1190 866 1206 eorum

55 1216 57 1218 ’
93 1215 183 1247 scriptis
191 1217 266 1240 oratio
274 1215 363 1244 nostra,
376 1214 422 1239 five
428 1216 497 1247 paulo
511 1215 537 1239 stt
545 1215 639 1239 uberior
647 1232 653 1244 ‚
670 1214 716 1240 five
726 1214 851 1240 restrietiox
861 1232 867 1242 ,

89 1252 140 1272 rota
146 1247 241 1280 pendet.

293 1311 318 1338 C
344 1320 361 1338 Α
387 1320 401 1337 Ρ
429 1320 447 1337 υ
474 1319 499 1347 τ,
531 1311 658 1338 XXXI.

350 1372 390 1396 De
402 1367 461 1406 legis
479 1366 630 1406 dfinitione.

173 1430 264 1454 asienus
271 1429 300 1453 de
307 1437 414 1456 numero,
422 1429 609 1462 nominibusque
616 1430 760 1462 legum,quae
766 1431 792 1455 ad
799 1431 834 1460 jus
840 1431 864 1455 &

93 1430 168 1492 H
189 1462 318 1494 publicum,
330 1462 353 1484 ὅ(
361 1462 476 1493 privatum
485 1463 609 1493 pertinent.
619 1470 715 1489 nunc,ut
723 1464 746 1486 in
754 1470 868 1494 eo,quem

94 1494 253 1518 instituimus.
266 1493 378 1516 domina:
385 1493 469 1516 ordine
477 1501 609 1525 pergamus:
621 1495 679 1524 legis
692 1494 867 1521 definitionem,

95 1524 108 1549 ἒ
116 1525 270 1557 quibusleges
276 1526 324 1549 larx
332 1524 383 1551 fint,
393 1533 442 1556 quo
450 1525 524 1549 modo
532 1526 641 1556 latamque
649 1527 672 1548 in
680 1525 743 1551 loco,
751 1533 800 1557 quo
809 1533 867 1549 tem·

96 1564 161 1588 pore,
172 1557 258 1588 quibus
265 1557 294 1580 de
300 1556 368 1580 caulis
376 1573 382 1583 ‚
391 1565 440 1588 qurc
450 1557 567 1588 postremo
576 1558 608 1580 vis
616 1558 673 1588 legis
681 1556 735 1581 esset
742 1574 748 1583 ‚
760 1565 830 1588 quam
839 1558 864 1581 li-

93 1588 157 1612 cebit
164 1588 289 1619 diligenter
295 1594 450 1617 exponemus.
467 1591 555 1619 Legem
565 1591 581 1611 A
587 1589 644 1616 tejus
651 1590 736 1620 Capito
743 1589 868 1613 definiebat

96 1619 133 1643 hiS
140 1620 228 1642 verbis:
245 1620 521 1651 Lexestgeneralejuffum
532 1622 623 1652 populi,
637 1627 678 1642 aut
688 1621 755 1650 plebis
763 1637 769 1647 ,
779 1627 866 1651 rogante

95 1651 230 1681 magistram.
249 1653 296 1674 Lex
304 1652 375 1681 igitur
381 1650 425 1673 fuit
435 1668 440 1677 ,
448 1659 497 1674 non
505 1652 579 1673 modo
587 1658 636 1681 qua*
643 1652 749 1675 comitiis
756 1653 868 1676 centuria-

96 1683 134 1709 tis,
144 1683 167 1705 in
176 1690 261 1713 campo
268 1683 354 1707 Martio
363 1699 368 1709 ‚
375 1681 462 1705 ferente
469 1681 602 1713 suffragium
610 1682 717 1705 universo
725 1683 814 1714 populo
822 1701 828 1710 ,
840 1684 865 1707 id

95 1714 136 1740 est,
144 1715 253 1745 patriciis,
261 1714 284 1737 δε
292 1713 400 1744 plebeiis,
410 1715 433 1737 in
440 1717 553 1737 centurias
559 1713 686 1738 distributis
694 1731 700 1741 ‚
714 1722 810 1746 rogante
818 1723 863 1739 ma-

96 1746 146 1775 jore
153 1746 293 1777 magistratu,
300 1745 421 1772 ferebatur,
431 1753 512 1769 verum
519 1746 589 1769 etiam
597 1753 647 1777 quae
654 1745 746 1769 tributis
752 1747 866 1774 comitiis,

96 1778 122 1801 in
129 1777 191 1804 soro,
199 1777 286 1801 serente
293 1776 424 1808 suffragium
433 1777 509 1807 plebe,
516 1778 562 1801 stne
570 1778 705 1807 patriciis‚in
714 1777 786 1802 tribus
794 1778 866 1803 distri-

96 1808 149 1832 buta
157 1826 162 1836 ,
171 1816 266 1840 rogante
274 1809 361 1837 majore
369 1808 500 1839 magistratu
508 1825 514 1834 ‚
523 1809 546 1832 id
553 1809 585 1832 est
594 1826 600 1836 ,
614 1809 710 1832 tribuno
717 1810 800 1840 plebis.
809 1819 863 1834 nam

97 1840 159 1865 solus
166 1842 258 1865 tributis
265 1841 370 1864 comitiis
377 1842 455 1871 legem
463 1841 515 1864 tulit
526 1858 531 1867 ,
539 1840 601 1864 solus
608 1848 685 1864 autem
692 1843 754 1865 inter
761 1842 867 1866 minores

96 1872 252 1903 magistratus:
270 1873 323 1903 quia
331 1872 444 1896 Consules
453 1889 459 1899 ‚
472 1872 755 1897 etiamtributiscomitiis
763 1891 769 1901 ‚
786 1874 863 1905 legem

96 1903 172 1927 tulilse
183 1904 278 1927 constat.
295 1907 321 1927 ln
329 1904 358 1927 iis
371 1904 446 1926 verbis
457 1911 506 1927 non
514 1904 605 1928 videtur
619 1906 706 1935 Capito
715 1905 862 1934 plebiscitum

97 1933 110 1959 ὲ
117 1937 169 1966 lege
176 1933 309 1959 distinxisse.
327 1938 358 1958 At
365 1935 447 1958 Lxlius
453 1936 517 1958 Felix
523 1935 583 1966 apud
591 1936 696 1959 Gellium
707 1936 749 1960 lib.
755 1939 803 1960 XV.
815 1944 863 1968 cap.

98 1976 111 1991 2
117 1976 138 1994 7.
148 1966 243 1993 Tabam,
252 1967 339 1998 inquit,
347 1975 413 1997 neque
419 1968 636 1998 advocamparricios,
645 1975 712 1996 neque
719 1970 746 1990 asi
754 1977 784 1990 eos
793 1970 869 1998 referre

97 2000 123 2022 tle
130 2007 151 2021 re
159 1998 306 2030 ullnpoffimt:
321 1999 354 2020 ita
361 2007 385 2020 ne
391 1999 443 2028 leget
451 1994 539 2029 quidem
549 1999 632 2028 proprie
639 2015 645 2025 ,
657 2000 696 2028 sed
706 1999 816 2029 plebtsh'ta
829 2006 865 2030 ap-

95 2032 207 2061 pellamur
217 2047 221 2055 ,
230 2038 275 2059 que
282 2028 447 2059 tribunirplebis
453 2029 575 2059 serentibus
581 2037 664 2063 accepta
671 2035 732 2060 sunt.
743 2030 823 2062 qmbus
832 2040 865 2053 ro-

93 2061 221 2092 gmmmbus
229 2062 370 2092 antepatricii
380 2069 418 2083 non
426 2061 551 2083 tenebamur
558 2078 564 2087 ‚
577 2064 639 2084 donec
651 2064 684 2092 ζ
694 2063 814 2093 Hortensius
822 2065 863 2085 Di-

98 2094 166 2116 fiam
174 2101 220 2116 eam
229 2094 295 2123 Iegem
303 2094 369 2119 tulit,
384 2094 513 2124 uteojure,
526 2094 582 2123 quod
591 2093 650 2122 plebs
658 2094 780 2124 starmsser,
792 2103 862 2118 omnes

96 2126 186 2157 quirini
194 2131 321 2147 tenerentur.
340 2128 359 2147 A
368 2131 416 2155 quo
424 2141 430 2151 ,
442 2132 488 2156 ego
497 2131 619 2156 ‚tempore
627 2142 632 2151 ,
641 2125 757 2156 plebiscita
766 2128 820 2156 leges
828 2134 867 2158 ap-

95 2157 176 2189 pellari
184 2162 259 2186 coepta
267 2172 273 2182 ‚
280 2155 473 2187 quandoquidem
481 2157 561 2188 legum
569 2157 617 2180 vim
626 2157 746 2181 Hortensia
753 2158 805 2189 lege
818 2159 862 2187 jam

95 2187 240 2214 obtinerent,
251 2186 472 2212 facilecrediderim.
488 2196 542 2212 nam
550 2196 622 2215 antea,
632 2197 682 2220 quae
689 2189 781 2213 tributis
788 2190 863 2213 comi-

94 2220 135 2243 tiis
141 2218 394 2250 ferebantur,pleb1fii1a
400 2220 485 2243 constat
492 2219 536 2244 effe
542 2221 670 2246 nominata.
680 2225 749 2245 Varro
757 2222 864 2253 quidem,

94 2259 144 2284 quo
152 2258 224 2275 nemo
231 2251 369 2281 diligentius
375 2252 518 2282 antiquitatis
525 2251 593 2275 usum
601 2253 704 2279 retinuit,
711 2255 779 2284 legem
787 2260 865 2277 tamen

95 2290 171 2310 vocat,
179 2290 249 2313 quam
256 2282 362 2306 tribunus
369 2283 443 2313 plebis
451 2286 484 2307 M.
493 2285 608 2307 Plaerorius
616 2285 708 2308 tulerat:
717 2285 782 2316 quod
790 2286 867 2317 appel-

898 196 1141 227 prwrreloquunrur,
1151 196 1176 219 ad
1184 196 1413 229 ptiscaillatempora
1420 197 1552 229 spestantes.
1566 209 1620 224 nam
1628 209 1671 232 po-

899 226 942 249 ssea
950 228 1060 258 paulatim
1068 228 1171 251 obtinuit
1178 228 1359 257 consuetudo,ut
1366 231 1521 261 legisnomen
1529 232 1558 254 de
1565 233 1672 262 plebisci-

900 258 929 281 tis
937 259 1008 282 etiarn
1017 259 1169 291 usurparetur.
1188 261 1327 293 Eodemque
1333 262 1407 285 modo
1415 269 1495 286 contra
1503 263 1671 289 definitionem

900 291 1030 320 Capitonis,
1043 293 1084 322 qui
1092 292 1196 322 generale
1204 293 1294 321 juss'um,
1303 294 1381 324 legem
1389 295 1519 326 appellavit,
1527 303 1577 327 quae
1587 296 1615 319 de
1624 304 1673 319 tino

900 323 950 344 cive
957 323 1058 353 populns
1066 323 1126 351 {ullit
1133 340 1139 350 ‚
1148 325 1209 354 leges
1217 324 1296 348 dieta:
1311 327 1366 349 licet
1376 327 1497 358 privilegia
1504 328 1580 351 verius
1588 344 1594 354 ,
1607 335 1631 352 ut
1638 327 1673 351 es-

900 352 949 376 sent
958 371 963 380 ,
981 354 1009 377 1ic
1016 356 1086 378 etiam
1100 357 1207 386 appellari
1216 356 1311 387 possent.
1326 358 1390 386 cuius
1403 362 1493 389 generis
1506 360 1610 390 exempla
1621 377 1626 386 ‚
1643 361 1673 383 de

900 385 1001 416 imperio
1015 390 1060 410 Cn.
1069 388 1174 418 Pompeji
1183 404 1188 414 ‚
1206 389 1234 411 de
1242 389 1317 412 reditu
1325 391 1447 414 Ciceronis
1461 408 1466 417 ‚
1486 390 1514 414 de
1521 391 1580 414 cade
1588 392 1672 416 Clodii

899 417 1025 447 quastione
1033 419 1123 442 Gellius
1135 426 1316 443 commemorat.
1326 422 1349 444 in
1358 429 1406 453 quo
1414 422 1473 446 illud
1487 423 1672 448 animadverten-

899 449 968 472 dum:
985 451 1080 473 Cumin
1087 453 1134 474 XII.
1144 450 1225 475 tabulis
1233 451 1404 484 ess'etscriptum
1413 471 1419 481 ,
1434 462 1464 478 ne
1471 454 1499 477 de
1509 454 1618 486 lingum,
1630 455 1674 480 nisi

900 482 1033 504 centuriatis
1040 483 1154 507 comitiis,
1163 482 1216 506 ferri
1226 483 1298 514 pofl'et
1305 500 1311 510 ‚
1321 486 1386 515 quod
1394 487 1418 509 in
1426 486 1476 517 lege
1484 485 1512 509 de
1520 488 1596 510 reditu
1604 488 1674 511 Cice-

898 513 963 536 ronis
971 511 1117 537 observatum
1125 514 1164 541 est,
1173 515 1201 538 de
1209 516 1311 545 imperio
1319 523 1396 540 tamen
1407 518 1510 548 lompeji
1518 535 1524 544 ,
1533 517 1626 542 tributis
1633 527 1674 543 co—

899 544 983 571 mitiis,
994 552 1093 576 rogante
1101 547 1201 569 Manilio
1209 564 1214 572 ‚
1224 546 1319 570 tribuno
1329 548 1401 577 plebis
1411 549 1485 573 aslum
1494 549 1544 573 esse.
1563 550 1605 573 Sed
1614 567 1620 578 ,
1628 550 1674 575 live

897 577 978 607 populi
987 575 1070 600 scitum
1080 594 1085 603 ,
1097 577 1141 600 five
1148 578 1295 607 plebiscitum
1303 580 1369 603 effet:
1381 588 1438 612 quoi
1445 589 1485 604 um
1493 582 1589 605 alterum
1598 584 1674 614 magi-

897 606 964 630 stratu
972 609 1068 639 patricio
1077 625 1083 634 ‚
1097 608 1193 632 alterum
1203 610 1293 640 plebejo
1302 618 1397 642 rogante
1405 612 1491 636 fastum
1499 613 1541 637 elle
1549 630 1556 640 ‚
1570 621 1598 637 eat
1607 615 1672 638 Festo

898 639 1053 670 cognoscitur:
1063 639 1107 663 five
1115 640 1140 663 ad
1149 642 1223 672 pluies
1233 642 1457 674 homines,p1u:el've
1464 652 1545 672 res,aut
1553 645 1580 668 ad
1588 653 1675 670 omnes

899 670 1017 698 homines,
1025 671 1136 695 omnesve
1144 681 1186 699 res,
1195 680 1231 696 aut
1240 675 1267 697 ad
1276 682 1349 698 unum
1358 676 1482 700 hominem
1492 693 1498 703 ,
1506 684 1606 701 unamve
1612 685 1673 705 rem,

896 704 1030 734 pertineret:
1038 703 1129 735 prorsus
1136 706 1216 728 omnia
1225 706 1542 738 poprtli.plebisvejussa,tum
1550 711 1675 740 regiS,rum

897 735 968 758 etiam
976 737 1106 766 rogationis
1116 738 1223 764 nomine,
1232 739 1287 768 Quia
1294 740 1403 769 populus,
1411 739 1505 770 plebsve
1518 739 1531 763 ‘a
1540 741 1673 771 magistratu

896 774 1023 798 rogaretur,
1032 768 1138 798 appellari
1147 767 1222 795 solita,
1231 777 1336 794 veterum
1345 778 1560 796 monumentorum
1568 772 1672 797 observa-

897 800 931 821 tio
939 799 1046 823 declarat:
1057 799 1122 831 quod
1130 801 1220 823 Gellius
1229 809 1326 832 quoque
1333 803 1431 826 notavit.
1447 806 1516 830 Nam,
1524 804 1589 835 quod
1597 806 1672 829 AElius

894 831 984 858 Gallus,
995 838 1019 854 ut
1027 831 1085 863 apud
1092 831 1182 855 Festum
1191 830 1300 863 scriptum
1308 833 1339 856 est
1347 850 1353 860 ,
1361 834 1431 861 ajebat
1442 851 1447 860 ,
1460 838 1513 857 inter
1521 837 1597 865 legem,
1607 836 1632 860 ὼ-
1640 846 1673 859 ro-

893 865 1002 892 gationem
1011 864 1148 895 hocimeresse
1157 880 1162 889 ‚
1177 866 1233 895 qued
1240 867 1320 895 rogalia
1328 866 1446 895 effiegrnus
1454 868 1506 896 legis
1516 883 1521 892 ‚
1535 875 1579 896 qttae
1592 875 1669 890 atatem

897 896 934 916 lex
941 911 947 921 ,
963 904 1000 916 mn
1008 902 1103 917 continuo
1111 902 1190 925 rogatio
1202 903 1207 917 z
1219 898 1275 926 quad
1287 903 1319 919 tta
1328 898 1399 923 Festm
1411 904 1499 929 exponit
1508 908 1514 920 .·
1530 900 1619 928 Rogitrto
1627 900 1653 928 2·st
1662 917 1668 925 ,

897 929 1041 958 rumpopnlur
1048 928 1163 956 consulitur
1170 928 1194 950 cle
1202 936 1249 954 uno,
1255 927 1382 958 pluribusve
1389 929 1510 951 laomimbm
1518 945 1525 955 ,
1531 931 1589 960 quod
1597 938 1634 952 non
1642 932 1670 953 nd

897 966 966 980 omnes
972 965 1087 988 pertineat,
1094 957 1118 981 (θ’
1126 959 1342 990 de11n11‚p11<11busve
1349 960 1420 987 rebus,
1426 962 1450 982 de
1458 960 1545 992 quibus,
1554 969 1592 983 non
1600 963 1670 984 immi-

897 988 936 1011 bus
943 991 1057 1019 siznciamr
1065 1000 1072 1012 :
1086 990 1110 1013 ld
1118 990 1187 1016 mihi,
1195 992 1259 1021 (pace
1266 990 1385 1022 utriusque
1392 991 1504 1022 dixerim)
1513 990 1594 1016 falsum
1602 993 1668 1017 vide—

895 1025 937 1043 tur.
951 1028 1041 1045 nomen
1054 1022 1120 1044 enim
1128 1020 1204 1052 ipsum
1217 1023 1346 1053 rogationis
1359 1023 1461 1047 ostendit
1469 1040 1475 1050 ‚
1491 1031 1575 1047 omnes
1589 1024 1634 1048 five
1643 1024 1671 1049 ad

898 1059 970 1076 unum
979 1070 984 1080 ,
999 1052 1102 1083 pluresve
1109 1053 1219 1076 homines
1228 1071 1233 1080 ,
1255 1053 1301 1077 slve
1308 1054 1334 1077 ad
1343 1062 1413 1079 unam
1422 1072 1428 1082 ‚
1441 1054 1544 1086 pluresve
1557 1063 1591 1079 res
1598 1057 1671 1087 perti-

896 1091 965 1107 neant
974 1101 979 1109 .
989 1092 1036 1108 uno
1043 1086 1172 1116 rogationis
1179 1084 1293 1109 vocabulo
1301 1087 1407 1118 appellari
1419 1086 1556 1118 poss’e2nam
1566 1104 1572 1114 ,
1581 1095 1605 1111 ur
1613 1089 1671 1112 Gel-

896 1115 941 1139 lius
949 1117 1118 1144 animadvertit,
1127 1117 1218 1140 nullum
1228 1119 1318 1149 populi,
1328 1118 1429 1148 plebisve
1438 1118 1519 1147 jussum
1526 1118 1577 1143 fieri
1585 1120 1668 1151 potest,

896 1147 938 1170 n'rli
946 1149 1055 1180 populus,
1063 1156 1099 1172 aut
1108 1148 1172 1179 plebs
1180 1156 1282 1180 rogetur.
1297 1150 1363 1181 quod
1375 1150 1432 1174 dum
1440 1150 1473 1177 fit,
1481 1157 1506 1173 ea
1514 1158 1568 1174 vere
1575 1153 1668 1183 rogatio

897 1180 943 1205 est,
957 1180 980 1202 ἔκ-
989 1181 1088 1204 dicitur:
1102 1180 1174 1211 idque
1181 1182 1251 1204 etiam
1260 1181 1309 1212 post
1317 1182 1360 1205 lata
1368 1181 1470 1213 suffragia
1478 1190 1568 1206 nomen
1579 1183 1670 1207 manfit,

895 1219 1039 1243 quamquam
1047 1212 1191 1244 frequentius
1199 1215 1309 1240 omnino,
1321 1214 1350 1237 de
1358 1221 1510 1246 quocumque
1519 1215 1609 1245 populi,
1621 1215 1670 1248 ple-

892 1242 1027 1275 bisvejull'u,
1035 1244 1060 1268 in
1067 1245 1220 1277 antiquorum
1228 1244 1316 1277 scriptis
1323 1246 1382 1277 legis
1389 1253 1480 1270 nomen
1487 1246 1613 1272 invenitur.

1100 1308 1123 1335 C
1145 1318 1161 1335 Λ
1183 1319 1197 1335 Ρ
1218 1317 1236 1335 υ
1257 1318 1274 1335 Τ
1314 1310 1459 1339 XXXII.

1060 1369 1138 1403 Leges
1155 1376 1172 1393 a
1191 1365 1283 1406 quibus
1299 1368 1404 1404 fuerint
1422 1369 1487 1398 lata.

896 1429 1004 1488 Leges
1011 1435 1088 1453 autem
1096 1437 1138 1453 nec
1144 1430 1187 1454 nisi
1194 1429 1207 1454 Ξι
1215 1432 1391 1463 magistratibus,
1399 1441 1441 1457 nec
1448 1433 1490 1463 nili
1498 1434 1604 1459 comitiis
1611 1434 1670 1460 sere-

967 1462 1061 1486 bamur,
1073 1462 1145 1492 idque
1153 1462 1300 1493 probandum
1307 1466 1422 1495 exemplis
1430 1473 1477 1489 non
1485 1466 1594 1489 existimo
1603 1484 1608 1493 ,
1624 1475 1654 1491 ne
1661 1484 1669 1496 ,

896 1498 946 1522 qua:
954 1492 999 1523 ipsa
1006 1500 1045 1524 per
1053 1492 1074 1516 se
1081 1492 1132 1526 stris
1140 1500 1214 1525 aperta
1222 1502 1255 1518 res
1262 1495 1293 1518 est
1301 1513 1308 1523 ,
1316 1497 1339 1519 in
1347 1504 1372 1519 ea
1380 1497 1556 1520 demonstranda
1564 1497 1669 1529 superva-

893 1529 986 1546 caneam
994 1531 1089 1555 operam
1097 1523 1226 1556 inscipiam.
1234 1525 1281 1552 sed,
1289 1528 1392 1558 quianec
1401 1536 1460 1552 unus
1467 1529 1619 1560 magistratus,
1628 1537 1672 1554 nec

896 1562 939 1577 una
946 1556 1043 1579 comitia
1050 1563 1125 1579 erant:
1143 1564 1220 1581 utrum
1229 1557 1255 1581 ab
1264 1566 1312 1581 uno
1322 1576 1328 1586 ,
1342 1568 1368 1583 an
1377 1559 1403 1583 ab
1412 1560 1524 1584 omnibus
1532 1561 1670 1592 magistrati-

894 1586 945 1614 bus,
954 1588 976 1610 &
985 1594 1064 1611 utrum
1077 1588 1128 1611 unis
1136 1605 1141 1615 ,
1156 1597 1183 1612 an
1191 1590 1304 1614 omnibus
1311 1592 1417 1615 comitiis
1424 1592 1553 1619 ferrentur,
1565 1595 1670 1624 aperien-

895 1618 952 1641 dum
961 1619 1061 1643 videtur.
1068 1619 1205 1643 ferebantur
1212 1622 1274 1653 leges
1281 1621 1293 1645 ὲ
1300 1623 1468 1653 magistratibus
1476 1624 1604 1653 majoribus
1611 1632 1668 1656 qua-

891 1656 946 1672 tuor
953 1666 959 1676 ,
968 1657 1018 1673 uno
1026 1651 1131 1674 minore:
1144 1650 1157 1674 ὲ
1164 1653 1290 1681 majoribus
1297 1670 1303 1680 ,
1312 1661 1408 1685 praetore
1415 1671 1421 1681 ‚
1429 1655 1453 1678 δι
1461 1655 1575 1682 Consule,
1582 1658 1624 1687 qui
1632 1664 1673 1681 or-

895 1681 980 1704 dinarii
988 1682 1132 1713 magistratus
1138 1690 1215 1706 erant:
1229 1685 1286 1708 item
1294 1683 1307 1707 a
1315 1686 1434 1709 Distatore
1442 1703 1448 1712 ,
1456 1686 1479 1709 δι
1488 1689 1613 1719 luterrege,
1624 1689 1671 1720 qui

894 1713 993 1741 majores
1000 1714 1099 1745 quidem
1108 1730 1114 1741 ,
1126 1715 1239 1739 ordinarii
1252 1723 1330 1740 tamen
1342 1724 1392 1740 non
1405 1724 1483 1745 erant,
1497 1725 1575 1749 neque
1584 1721 1672 1751 populi,

895 1745 1000 1768 comitiis
1007 1745 1146 1770 creabantur.
1159 1746 1241 1770 censor
1248 1754 1325 1772 autem
1334 1766 1340 1776 ,
1347 1748 1387 1772 etst
1394 1756 1440 1773 erat
1447 1750 1507 1773 inter
1514 1751 1613 1777 maiores
1620 1759 1670 1776 ma-

896 1776 999 1807 gistratus
1008 1794 1014 1804 ,
1026 1778 1142 1805 justamen
1151 1777 1248 1802 fereudae
1256 1781 1327 1810 legis,
1341 1787 1377 1803 aut
1385 1780 1545 1805 habendorum
1553 1783 1668 1807 comitio-

894 1815 946 1831 rum
956 1816 1004 1832 non
1013 1808 1115 1833 habebat.
1129 1809 1184 1833 ideo
1197 1810 1257 1835 dixit
1270 1812 1359 1836 Plinius
1370 1812 1412 1836 lib.
1419 1820 1488 1836 xxxv.
1503 1821 1542 1844 cap
1549 1829 1554 1835 .
1562 1822 1570 1838 t
1578 1822 1600 1842 7.
1618 1817 1669 1839 Lex

896 1843 994 1863 stlenlta
1006 1842 1075 1871 exstit!
1082 1858 1088 1868 ,
1096 1841 1218 1871 fullonibus
1233 1844 1290 1867 didi‘a
1296 1860 1302 1870 ,
1315 1852 1384 1876 quam
1391 1846 1478 1874 cenfbres
1485 1846 1558 1868 dedere
1565 1847 1667 1879 adpopu-

893 1874 939 1894 lum
947 1874 1068 1902 ferendam.
1087 1873 1169 1897 Minor
1176 1874 1318 1906 magistratus
1327 1893 1333 1902 ‚
1347 1876 1388 1907 qui
1396 1876 1459 1907 leges
1465 1876 1534 1900 ferret
1541 1894 1546 1904 ‚
1555 1877 1666 1903 tribunus

890 1903 963 1933 plebis
970 1910 1022 1928 erat.
1028 1911 1082 1927 nam
1090 1904 1166 1928 :ediles
1173 1906 1484 1939 curules‚quaestores,aediles
1494 1908 1666 1939 plebis,111.viri

893 1935 1007 1965 capitales,
1014 1937 1052 1958 111.
1060 1936 1104 1958 viri
1112 1943 1212 1960 monetae
1220 1939 1329 1962 cudendae
1338 1955 1343 1965 ‚
1351 1939 1439 1964 tribuni
1447 1941 1553 1964 militum
1562 1948 1608 1965 ram
1616 1944 1666 1966 Ru-

893 1965 946 1992 fuli,
954 1974 1024 1997 quam
1033 1967 1171 1995 commati,
1179 1969 1219 1992 etfi
1226 1969 1368 2001 magistratus
1374 1972 1521 2003 etant,1eges
1529 1979 1606 1996 tamen
1614 1981 1665 1999 non

894 1997 1010 2021 ferebant:
1024 1999 1090 2029 iique
1097 2006 1174 2030 neque
1181 2001 1309 2029 viatorem,
1322 2009 1348 2025 ut
1360 2002 1467 2027 tribunus
1479 2004 1567 2035 plebis,
1586 2012 1667 2037 neque

893 2030 1011 2056 liC‘toi-em³
1020 2029 1151 2058 utConsul‚
1159 2032 1182 2055 δι
1191 2039 1286 2062 Ρηιοῐ,
1294 2033 1419 2058 habebant:
1434 2042 1552 2066 propterea
1559 2043 1610 2060 turn
1622 2044 1664 2061 vo—

892 2062 967 2088 candi>
976 2069 998 2084 ac
1007 2061 1165 2092 prehendendi
1173 2063 1228 2092 jure,
1237 2065 1302 2096 quod
1310 2065 1408 2093 Consul,
1416 2067 1439 2090 &
1448 2074 1528 2097 prator
1535 2067 1664 2093 habebaris

893 2100 944 2117 tum
957 2094 1027 2117 etiam
1041 2094 1200 2125 prehendendi
1214 2113 1220 2123 ,
1241 2097 1308 2128 quod
1322 2105 1396 2122 unum
1409 2098 1498 2123 tribuni
1511 2099 1586 2131 plebis
1602 2107 1663 2129 erat,

890 2126 994 2149 omnino
1001 2125 1114 2150 carebant.
1129 2128 1234 2159 quivero
1242 2129 1378 2160 potestatem
1388 2138 1463 2162 neque
1476 2132 1606 2161 vocationis
1619 2132 1659 2156 ha-

888 2158 977 2185 berent,
985 2165 1062 2189 neque
1069 2158 1228 2188 prehensionis
1236 2178 1241 2187 ,
1249 2169 1289 2184 eos
1297 2161 1437 2194 magistratus
1444 2162 1456 2186 a
1463 2163 1554 2195 privato
1561 2171 1659 2195 quoque

889 2190 913 2213 in
922 2190 956 2218 jus
964 2190 1040 2213 vocari
1048 2189 1181 2221 potuisse&
1190 2194 1348 2217 M.Laevinum
1356 2194 1447 2218 aedilem
1455 2195 1535 2218 curule
1547 2194 1559 2218 a
1567 2197 1658 2226 privato

890 2222 914 2245 in
923 2222 956 2250 jus
964 2222 1076 2245 edustum
1083 2221 1134 2250 effic,
1142 2223 1236 2247 tradidit
1244 2227 1313 2250 varro
1320 2226 1335 2249 1.
1344 2228 1401 2250 XXI.
1410 2234 1487 2250 rerum
1496 2227 1657 2251 humanarum.

891 2256 985 2280 Verum,
993 2261 1043 2285 quae
1051 2253 1162 2278 doctrinae
1168 2255 1229 2279 causa
1236 2255 1249 2280 {1
1256 2265 1295 2281 me
1301 2257 1419 2281 traduntur
1426 2276 1431 2285 ‚
1440 2266 1544 2281 veterum
1552 2258 1658 2281 testime-

888 2285 931 2308 nio
938 2284 1025 2317 singula
1031 2286 1181 2314 confirmare,
1195 2289 1220 2312 &
1227 2290 1392 2320 exemplorum
1405 2290 1557 2313 multitudine
1567 2289 1657 2313 librum

93 2315 277 2348 lariplebrscitum
285 2332 292 2341 ,
300 2315 381 2347 multis
388 2314 438 2345 post
445 2315 510 2339 annis
518 2316 663 2339 Censorinus
669 2323 717 2347 cap.
727 2325 758 2344 24
773 2319 865 2341 maluit.
879 2317 997 2344 [infercire
1005 2335 1011 2344 ,
1026 2318 1128 2341 minime
1135 2318 1282 2344 necessarium
1290 2321 1413 2352 existimo:
1428 2329 1476 2345 non
1484 2320 1559 2344 solum
1569 2337 1575 2347 ‚
1591 2321 1658 2352 quod

94 2346 139 2372 Sed
146 2364 154 2376 ‚
161 2347 190 2371 de
198 2345 325 2379 plebiscitis
331 2363 338 2374 ‚
346 2354 395 2379 quae
404 2347 488 2372 Laelius
495 2364 501 2375 ‚
512 2347 593 2372 eadem
599 2347 647 2373 fere
653 2347 737 2373 Festus.
755 2350 867 2383 Scisaplz-
879 2348 1100 2382 ghistoxiae,1ibxique
1107 2351 1168 2375 unde
1175 2350 1217 2383 ipti
1223 2352 1269 2377 haec
1275 2352 1514 2380 haufimuzomnibus
1522 2359 1598 2385 patent
1607 2360 1612 2374 :
1621 2353 1661 2377 sed

1575 2384 1645 2409 etiam
1653 2401 1662 2414 ,
