2075 2734
398 128 453 162 466
689 125 1692 161 ANTlQulriaTUMROMANARUMLIB·V1.

440 173 521 210 Quod
535 172 569 201 de
582 170 768 211 magistratibus
781 173 851 204 dixi,
871 174 944 201 idern
958 173 1037 202 debet
1050 175 1078 202 in
1089 172 1195 202 comitiis
1210 175 1292 212 Regis
1306 174 1440 202 sacrorum
1456 173 1578 212 intelligi.

436 211 600 247 Hujusmodi
615 219 704 239 autem
720 212 876 242 conciones,
897 222 952 240 non
967 212 1051 241 solum
1066 220 1142 244 ante,
1163 222 1244 249 quam
1258 213 1370 249 populus
1382 215 1408 241 in
1422 213 1574 250 suffragium
1585 213 1750 244 mitteretur,
1770 214 1813 244 fied
1822 217 1981 258 interruptis

397 252 481 278 etiam
496 249 632 278 interdum
647 248 753 276 caminia
766 270 773 281 ‚
793 250 825 277 ad
839 251 1004 278 emendanda
1018 252 1108 288 populi
1122 251 1243 289 suffragia
1257 251 1355 279 habitas
1369 252 1442 279 fuiffe
1455 281 1460 285 ,
1484 252 1638 279 testimonio
1652 251 1688 279 est
1702 251 1789 279 Livius
1802 255 1846 283 lib.
1859 267 1882 293 3,
1897 258 1930 285 de
1942 263 1973 285 L.

399 289 518 327 Qimffio
530 308 536 319 ‚
565 286 678 315 scribens
692 308 699 318 ,
725 297 787 315 cum
803 291 835 316 C.
851 289 976 316 Claudrus
991 289 1088 317 Conlul
1101 289 1210 317 haberet
1222 289 1322 317 comitia
1339 290 1485 325 Confidarta
1500 311 1506 321 ‚
1535 292 1560 318 ἃ
1575 289 1600 317 st
1612 290 1684 317 refici
1700 290 1843 320 Consulem
1858 295 1976 329 videret,

398 329 431 354 L.
445 325 581 363 Qmfflms
595 326 650 362 ejus
664 326 765 363 collega
779 328 919 364 interrupit
932 325 1046 360 comitia,
1069 329 1274 365 orationemque
1286 329 1318 356 ad
1333 328 1462 365 populum
1477 327 1580 359 habuit,
1599 329 1673 364 cujus
1687 329 1772 357 exitus
1781 329 1845 362 fuit,
1864 340 1893 360 ut
1901 342 1976 362 com.

398 366 516 392 munirer
528 363 560 390 ab
575 363 705 391 ambobus
719 364 877 394 Consulibus
889 367 1055 399 ediceretur,
1075 377 1109 395 ne
1125 367 1182 403 quis
1200 369 1229 394 L.
1244 365 1397 404 Qindium
1413 366 1558 394 Consulem
1575 366 1687 394 faceret:
1708 366 1727 394 fi
1741 369 1797 404 quis
1812 367 1910 398 fecisset
1923 391 1931 403 ,
1949 372 1976 400 sc

396 403 423 430 id
437 402 591 439 suffragium
606 412 661 430 non
674 402 870 432 observaturos:
891 403 976 432 fimile
989 406 1142 442 exemplum
1157 406 1251 432 recitat
1266 403 1355 432 uvius
1367 405 1411 433 lib.
1425 415 1464 440 14.
1480 405 1561 432 etiam
1576 406 1610 432 de
1622 404 1751 444 Qfabio
1764 406 1890 435 Maximo.

438 441 483 468 Sin
496 439 587 476 legum
599 439 699 468 comitia
714 441 796 469 essent
809 462 817 474 ‚
843 450 986 481 antequam
999 443 1112 480 populus
1125 444 1152 470 in
1165 442 1318 480 suffragium
1336 443 1488 471 mitteretur
1502 453 1506 469 :
1535 444 1656 480 primum
1669 442 1712 470 lex
1725 444 1885 473 recitabatur
1897 445 1910 473 a
1916 455 1978 481 pra-

395 487 451 504 cone
463 498 470 507 ,
497 477 653 514 subjiciente
658 478 739 514 firiba
752 491 760 505 :
785 487 844 509 tum
859 482 980 510 oratione
993 482 1138 510 docebatur
1152 480 1263 518 populus
1276 500 1284 511 ,
1311 482 1427 518 denique
1440 480 1582 519 rogabatur
1593 503 1601 514 ,
1622 490 1651 510 ut
1668 491 1726 508 eam
1742 481 1830 520 legem
1846 485 1980 520 acciperet

396 519 423 544 ὃς
439 515 568 553 suffragiis
580 517 631 544 suis
642 517 735 553 jubere
748 517 841 551 vellet,
862 519 968 548 testibus
982 520 1095 554 Asconio,
1115 521 1142 547 in
1156 528 1316 556 argumento
1329 521 1456 547 orationis
1470 528 1520 555 pro
1536 524 1566 547 C.
1574 519 1700 549 Cornelio,
1720 525 1829 555 Appmno
1835 521 1880 549 lib.
1893 534 1913 550 1.
1922 523 1977 551 bel-

397 554 487 582 lorum
503 555 574 582 civil.
588 558 615 584 ὃς
630 555 761 583 Plutarcho
775 557 802 584 in
817 558 921 586 Catone
936 559 1062 587 Uticensi.
1083 559 1121 585 Ex
1136 558 1228 594 quibus
1243 558 1324 585 etiam
1335 557 1488 585 authoribus
1498 558 1609 596 intelligi
1617 558 1716 595 potest,
1737 559 1906 588 observatum
1916 561 1978 589 fuis-

395 592 422 619 se
437 613 444 624 ‚
464 601 494 620 ut
508 594 566 629 post
581 593 728 622 trinundini
742 596 987 634 promulgationem
1000 618 1006 628 ‚
1025 598 1067 625 die
1080 595 1235 623 cotmtiorum
1250 594 1335 624 rursus
1350 598 1505 625 recitaretur
1520 596 1562 625 lex
1573 617 1580 628 ‚
1600 596 1814 634 haberenturque
1827 599 1976 633 orationes,

395 629 520 659 suadendi
535 634 561 661 δε
575 631 738 660 dissuadendi
753 634 834 660 cau'a.

435 671 471 697 At
485 669 502 697 fi
515 670 608 706 judicii
622 669 696 698 caula
709 670 809 698 (omitia
821 671 995 705 haberentur,
1015 674 1088 701 idem
1103 672 1199 705 fiebat,
1220 674 1292 711 quod
1305 674 1332 701 in
1346 673 1448 712 legibus
1461 672 1585 700 ferendis.
1604 671 1738 710 Judicium
1752 674 1826 700 enim
1843 673 1935 711 populi
1941 675 1979 703 le·

395 715 428 745 ge
443 707 494 735 lata
507 708 600 736 fiebat:
621 718 678 746 quae
692 708 710 736 fi
724 710 886 746 acciperetur
898 711 912 738 :i
925 712 1040 748 populo,
1062 711 1257 741 condemnatus
1272 720 1327 740 erat
1340 723 1410 740 reus⁴
1435 712 1472 740 fin
1485 712 1678 748 antiquaretur,
1699 709 1889 740 absolvebatur.

436 746 500 773 Erat
517 754 608 775 autem
622 748 747 775 omnium
761 748 896 776 aetionum
912 760 976 777 curn
991 750 1090 788 populo
1102 759 1251 779 commune
1263 750 1425 788 principium
1439 761 1447 778 ι
1468 754 1492 777 V
1504 761 1517 778 E
1527 759 1558 777 ιι
1572 760 1584 775 r
1596 757 1605 775 1
1615 758 1626 775 s
1647 757 1658 784 J
1671 757 1686 774 u
1697 757 1711 774 Β
1721 757 1758 776 EA
1768 759 1784 776 >r
1795 759 1823 777 ιε
1845 751 1974 787 Quar-

395 793 413 811 ¹r
425 794 437 812 ε
447 794 473 815 s,
495 785 727 821 quemadmodum
741 795 773 814 ex
788 788 918 820 Οιτενοηε,
939 790 965 816 &
980 789 1053 816 Livio
1068 788 1180 826 intelligi
1194 790 1288 826 potest.
1309 789 1347 816 Ex
1362 799 1413 826 qua
1425 788 1531 817 dicendi
1548 785 1665 815 formula
1678 795 1780 814 nomen
1787 795 1879 815 ortum
1887 789 1924 817 est
1932 799 1978 818 ro-

394 823 525 858 gationis,
546 822 672 850 omnibus
685 823 832 852 :titionibus
846 835 909 854 cum
923 826 1023 864 populo
1031 836 1193 855 commune.
1258 854 1270 859 ,

434 860 483 887 His
494 860 607 896 peractis
618 879 625 891 ‚
646 861 755 897 jubebat
768 864 934 900 magistratus
947 864 1076 902 populum
1092 866 1119 893 in
1133 865 1188 894 suas
1201 863 1326 892 centurias
1340 864 1486 894 discedere.
1506 865 1538 892 ad
1550 863 1705 900 suffragium
1719 862 1875 891 ferendum:
1894 865 1982 904 idque

394 897 508 934 populus
521 899 557 926 ita
571 897 696 928 faciebat:
716 899 764 928 nisi
776 900 819 928 hic
833 901 1022 930 obnuntiatum
1039 904 1101 931 esset
1111 925 1117 935 ‚
1139 912 1184 932 aut
1197 902 1228 931 ab
1243 904 1331 940 aliquo
1346 903 1499 940 magistratu
1512 903 1690 931 intercessum.

436 936 639 964 Intercedebant
653 939 724 966 inter
734 938 759 965 se
773 940 886 970 Conficles
896 962 902 972 ‚
924 942 1065 972 Praetores,
1086 944 1113 970 &
1127 942 1256 972 Tribuni,
1268 941 1338 969 unde
1352 942 1379 969 in
1388 941 1490 978 legibus
1497 940 1619 967 Crcerom's
1626 939 1764 968 scribitur:
1785 942 1853 974 Par,
1865 943 1976 977 majorve

389 972 495 1010 potessas
503 974 561 1008 plus
574 975 668 1003 valeto.
688 977 747 1013 Qa
757 977 815 1014 lege
828 977 1006 1014 fignificatur,
1026 980 1175 1015 parendum
1189 979 1241 1008 effe
1254 980 1431 1008 interccffioni
1444 980 1513 1015 paris
1526 987 1570 1006 aut
1586 979 1697 1013 majoris
1709 978 1852 1015 potestatis.

433 1012 475 1039 De
481 1011 614 1051 suffragi&
628 1014 684 1050 jam
699 1015 842 1042 dicendum
856 1036 862 1046 ‚
883 1026 937 1054 quo
951 1017 1045 1044 ordine
1062 1018 1186 1046 centuriae
1199 1027 1227 1045 ea
1241 1016 1358 1046 tulerint.
1394 1019 1459 1044 Non
1474 1018 1546 1044 enirn
1563 1016 1688 1045 omnibus
1701 1016 1868 1053 temporibus
1881 1018 1977 1046 eadem

394 1048 532 1078 observata
552 1051 602 1079 ruit
615 1053 691 1079 ratio.
724 1053 765 1080 De
779 1053 873 1088 primis
886 1054 1053 1092 temporibus
1064 1054 1194 1094 Dionffius
1206 1056 1223 1083 l.
1234 1065 1262 1091 4.
1276 1056 1303 1082 in
1315 1056 1420 1086 historia
1431 1057 1486 1082 Ser.
1505 1054 1586 1082 Tullii
1601 1055 1683 1091 Regis
1698 1053 1733 1081 sic
1747 1053 1838 1082 icribit
1851 1066 1857 1082 ι
1885 1057 1979 1092 Quan-

392 1088 430 1115 do
450 1088 546 1115 Tullius
567 1088 728 1127 magrstratus
748 1100 837 1118 creare
852 1111 859 1123 ,
887 1100 931 1121 aut
945 1093 1051 1131 delego
1065 1090 1226 1131 cognoscere
1238 1114 1245 1125 ,
1270 1101 1314 1121 aut
1326 1093 1426 1121 bellum
1443 1093 1540 1120 inferre
1554 1092 1659 1120 volebat
1672 1113 1679 1124 ,
1705 1100 1756 1128 pro
1768 1091 1876 1120 curiam
1891 1103 1978 1122 cemu-

392 1125 462 1153 riam
480 1126 613 1154 indicebat
635 1126 746 1155 cominu.
786 1130 881 1157 Primae
901 1131 934 1158 ad
947 1130 1069 1168 suffragia
1082 1131 1244 1160 vocabantur
1259 1133 1372 1160 maximi
1386 1131 1477 1160 census
1487 1130 1600 1158 centuria
1613 1151 1621 1162 ‚
1648 1140 1681 1157 xl
1692 1139 1731 1157 lx·
1744 1130 1866 1166 equitum
1880 1152 1887 1163 ‚
1913 1142 1978 1160 xxo.

396 1165 530 1200 peditum.
572 1167 620 1192 Hae
635 1186 641 1196 ,
667 1167 729 1202 quia
742 1167 825 1195 tribus
836 1168 955 1196 centuriis
969 1168 1055 1207 plures
1070 1177 1145 1197 erant
1159 1190 1166 1201 ‚
1191 1179 1272 1207 quam
1287 1169 1394 1206 reliquae
1410 1190 1416 1201 ,
1441 1170 1460 1196 fi
1475 1168 1655 1196 consentirent
1666 1188 1672 1199 ‚
1691 1168 1832 1196 vincebant
1843 1189 1850 1200 ,
1871 1171 1898 1198 ὅ(
1911 1170 1977 1198 defi-

395 1201 518 1230 niebatur
539 1201 675 1230 sententia.
714 1204 760 1232 Sin
781 1206 869 1234 minus
884 1228 890 1238 ‚
917 1218 966 1235 xxi
977 1218 997 1235 1.
1017 1209 1141 1235 centuriae
1154 1206 1273 1236 secundae
1286 1207 1369 1235 claffis
1382 1207 1483 1235 inibant
1498 1206 1628 1243 suffragia.
1669 1207 1752 1242 Qod
1764 1205 1782 1232 fi
1796 1215 1830 1233 ne
1844 1214 1903 1235 tum
1918 1208 1978 1245 qui-

395 1240 458 1266 dem
474 1241 650 1269 convenirent
666 1240 778 1275 calculi,
800 1246 878 1272 tertia
893 1244 975 1273 claffis
987 1244 1146 1277 vocabatur,
1167 1255 1197 1273 ac
1210 1247 1335 1283 deinceps
1350 1253 1459 1283 quarta:
1479 1245 1559 1282 idque
1573 1244 1676 1272 tamdiu
1689 1242 1783 1275 fiebat,
1803 1244 1889 1272 donec
1900 1256 1978 1272 nona-

386 1276 463 1315 ginta
481 1278 578 1312 septem
597 1279 769 1308 centuriarum
789 1282 969 1311 consentirent
993 1283 1123 1321 suffragia.
1164 1284 1194 1311 ld
1208 1305 1215 1316 ‚
1242 1284 1261 1311 si
1281 1293 1315 1311 ne
1337 1284 1395 1321 post
1414 1284 1536 1320 quintam
1557 1283 1666 1319 quidem
1686 1281 1855 1309 vocationem
1875 1284 1981 1311 contin·

394 1323 470 1352 geret
485 1336 492 1347 ‚
520 1325 630 1344 centum
647 1320 794 1357 nonaginta
808 1321 907 1349 duabus
920 1322 1039 1349 centuriis
1052 1322 1108 1357 pari
1121 1322 1247 1359 utrinque
1259 1331 1375 1351 numero
1388 1322 1475 1350 divifis
1489 1322 1516 1349 in
1530 1321 1593 1348 duas
1605 1319 1745 1347 sententias
1758 1339 1766 1350 ,
1793 1326 1852 1347 tum
1866 1320 1979 1349 demum

394 1353 540 1381 vocabatur
561 1354 656 1383 ultima
671 1356 784 1395 inopum
798 1359 914 1386 centuria
925 1380 932 1391 ‚
959 1360 1088 1387 immunis
1109 1359 1122 1387 a
1136 1360 1242 1388 tributis
1255 1381 1262 1392 ‚
1291 1368 1371 1397 atque
1389 1360 1486 1388 militia
1499 1380 1507 1392 ‚
1534 1361 1560 1388 ἃ
1573 1358 1732 1392 unicunque
1745 1358 1814 1393 parti
1824 1359 1979 1392 accederet,

393 1400 453 1418 eam
473 1391 600 1420 reddebat
621 1394 757 1430 potiorem
777 1395 873 1429 altera,
893 1397 965 1434 quod
984 1406 1123 1434 perrarum
1142 1405 1210 1429 erat,
1233 1401 1259 1427 &
1279 1407 1349 1434 pene
1362 1397 1533 1435 impossibile.
1573 1396 1732 1437 Plerumque
1745 1396 1817 1423 enim
1830 1397 1918 1433 prima
1929 1407 1980 1425 vo-

391 1430 498 1457 catione
510 1429 712 1460 absolvebantur
729 1434 828 1461 comnia
841 1455 849 1466 ,
870 1445 930 1462 raro
944 1435 976 1462 ad
991 1443 1112 1472 quartam
1126 1436 1330 1473 perveniebatur
1343 1447 1348 1462 :
1374 1438 1466 1473 quinta
1480 1438 1506 1464 ὃς
1517 1435 1589 1463 sexta
1601 1442 1675 1463 erant
1686 1436 1883 1471 1upervacaneae
1895 1456 1902 1465 ‚
1923 1437 1976 1464 &c.

391 1469 455 1494 Haec
469 1477 503 1494 eo
516 1467 578 1495 loco
591 1470 671 1496 docet
684 1470 822 1509 Dianyfius.
855 1473 1029 1510 Sequentibus
1041 1482 1132 1501 autem
1147 1473 1314 1510 temporibus
1327 1494 1336 1505 ‚
1356 1475 1382 1502 ἃ
1396 1474 1506 1510 quidem
1520 1473 1602 1500 libera
1615 1472 1723 1511 civitate
1736 1491 1743 1502 ,
1764 1480 1865 1512 mutata
1879 1472 1922 1500 illa
1936 1483 1977 1501 ra-

391 1504 432 1531 tio
450 1504 507 1531 fuit.
550 1507 615 1533 Non
632 1508 705 1534 enim
720 1511 845 1537 centuriae
859 1512 977 1547 equitum
992 1512 1109 1546 primam
1124 1511 1281 1539 sententiam
1297 1511 1417 1539 ferebant
1430 1532 1437 1543 ,
1463 1510 1508 1538 sed
1520 1520 1616 1538 ornnes
1628 1517 1741 1536 centume
1754 1510 1781 1536 in
1796 1515 1894 1537 lortem
1909 1520 1974 1539 con-

392 1541 550 1577 ficiebantur
565 1563 572 1574 ³
601 1546 627 1572 ἃ
643 1554 700 1580 quae
714 1548 801 1582 prima
814 1548 973 1575 educebatur
984 1568 992 1581 ‚
1021 1550 1108 1584 prima
1122 1548 1275 1586 suffragium
1291 1549 1395 1577 dicebat
1405 1569 1413 1580 ‚
1443 1550 1468 1577 &
1478 1548 1642 1586 prarogativa
1655 1546 1834 1582 appellabatur
1846 1558 1851 1574 :
1877 1549 1974 1577 deinde

389 1579 496 1616 ¹7³1quae
511 1582 687 1614 vocabamur,
708 1593 764 1621 quae
777 1585 932 1613 dicebantur
942 1587 1100 1620 jurevomra.
1132 1587 1191 1614 Post
1214 1588 1329 1624 expletas
1343 1597 1408 1614 vero
1423 1586 1506 1614 tribus
1518 1586 1628 1623 triginta
1640 1585 1757 1621 quinque
1771 1594 1834 1612 cum
1850 1588 1975 1614 centuriae

390 1627 422 1645 ac
440 1617 542 1650 classes,
563 1620 680 1647 tribuum
700 1630 787 1657 partes
807 1623 901 1654 essent,
923 1624 961 1651 uti
982 1633 1013 1651 ex
1033 1625 1112 1652 Livio
1130 1624 1244 1662 Sigonius
1265 1628 1292 1654 ἃ
1311 1625 1445 1652 σνιιιώιω
1463 1624 1605 1661 colligunt,
1626 1630 1686 1650 tum
1704 1623 1825 1658 primum
1838 1624 1976 1652 universus

388 1655 500 1693 populus
527 1658 555 1684 in
575 1657 658 1685 tribus
677 1660 787 1697 triginta
801 1662 917 1698 quinque
936 1661 1156 1694 distribuebatur,
1184 1665 1212 1691 &
1231 1663 1326 1701 duplex
1345 1663 1450 1691 sortitio
1468 1662 1549 1690 fiebat
1561 1683 1570 1694 ,
1595 1662 1683 1698 prima
1702 1661 1772 1701 inter
1790 1660 1890 1694 tribus,
1917 1671 1974 1699 quae

390 1695 511 1733 Primum
537 1694 608 1722 sorte
634 1697 722 1725 exibat
736 1719 744 1730 ,
765 1707 932 1736 prarogatwa
957 1698 1038 1726 tribus
1063 1700 1201 1728 dicebatur
1214 1712 1220 1728 ι
1246 1702 1327 1730 altera
1351 1701 1456 1729 sortitio
1481 1701 1559 1729 fiebat
1582 1701 1652 1728 inter
1670 1706 1792 1725 centurms
1805 1700 1974 1737 praerogativz

392 1728 492 1761 tnbm:
521 1742 632 1770 quaeque
655 1737 776 1772 primurn
802 1738 889 1766 exibat
901 1758 909 1769 ,
935 1737 1046 1764 centuria
1064 1738 1230 1776 prerogativa
1249 1739 1388 1768 dicebatur
1400 1761 1407 1772 ‚
1435 1748 1465 1767 ac
1484 1739 1572 1777 prima
1591 1737 1745 1774 suffragium
1765 1736 1866 1765 ferebat
1878 1757 1886 1769 ‚
1913 1739 1975 1775 post

394 1773 485 1808 ‘luam'
499 1773 586 1800 P=²snae
606 1773 687 1802 classis
706 1777 846 1806 centurioe,
867 1785 926 1804 tum
945 1775 1076 1809 secundae,
1097 1775 1143 1804 suo
1162 1786 1273 1816 quaeque
1292 1778 1387 1805 ordine
1406 1777 1439 1804 ad
1458 1776 1612 1814 suffragium
1633 1775 1774 1802 ferendum
1792 1773 1958 1804 vocabantur
1965 1794 1973 1808 ‚

395 1812 453 1839 ‘3¹1ae
469 1812 611 1837 lure-voca..⁶⁴
635 1811 833 1849 appellabantur
847 1822 856 1843 g
881 1822 961 1851 atque
985 1814 1131 1851 plerunque
1146 1836 1153 1846 ,
1180 1816 1238 1843 imo
1264 1815 1368 1851 semper
1389 1814 1552 1852 prarogatm
1577 1813 1734 1841 sententiam
1765 1812 1890 1852 (tantum
1916 1815 1972 1851 ejus

397 1850 481 1868 Omen
497 1842 572 1884 erat)
590 1841 766 1883 seqkbantur.
806 1853 840 1881 Er
854 1852 908 1881 haec
923 1853 959 1880 est
973 1852 1046 1881 causa
1059 1874 1066 1886 ,
1087 1862 1133 1881 cur
1147 1854 1174 1881 in
1189 1854 1341 1882 centuriatis
1353 1853 1471 1881 comitiis
1483 1862 1538 1880 non
1552 1859 1658 1881 tanturn
1666 1859 1831 1888 praerogattvae
1842 1861 1972 1884 centuria,

397 1888 491 1906 verum
503 1888 584 1907 etiarn
600 1879 682 1907 trtbus
697 1891 792 1918 mentio
806 1891 858 1919 fiat.

434 1917 491 1960 ‘’fed,
506 1924 592 1955 neqUe
608 1918 661 1957 hOC
674 1928 881 1958 praeto—‹fflndum
896 1930 933 1957 est
947 1950 954 1962 ‚
982 1939 1044 1958 cum
1062 1930 1156 1967 primis
1170 1929 1258 1960 liberae
1272 1928 1421 1967 reipublicae
1433 1926 1601 1966 temporibus
1614 1948 1621 1960 ‚
1649 1925 1711 1954 bina
1726 1926 1760 1954 de
1774 1927 1971 1965 magistratibus

395 1954 543 1999 majoribus
562 1966 667 1997 comma?
681 1957 832 2001 haberenur
847 1990 853 2000 ‚
874 1967 1015 1996 centuriata
1042 1971 1069 1998 8<
1086 1969 1199 1999 curiam,
1219 1969 1451 2007 quemadmodum
1471 1968 1546 2005 supra
1565 1976 1596 1994 ex
1615 1970 1713 2003 Srgomo
1733 1965 1873 1995 docuimus
1887 1987 1894 1998 ‚
1921 1966 1971 1994 ob..

395 1994 482 2024 loletis
508 1995 596 2030 postea
615 2004 718 2024 curtam
737 2006 835 2027 com-tm
855 2006 958 2036 fastum
977 2008 1015 2035 est
1029 2028 1037 2039 ,
1058 2014 1088 2036 ut
1102 2009 1268 2047 prerogativa
1289 2010 1315 2037 ὃ(
1327 2008 1535 2042 jurevocatarum
1547 2002 1676 2043 fiffagm
1694 2012 1744 2040 pro
1761 2003 1832 2032 binis
1851 2005 1972 2034 comitiis

394 2031 577 2076 ΪῖώῩΓΕῘΠΠΓἎ
601 2035 691 2063 Docet
704 2035 756 2065 hoc
771 2039 883 2074 Afton'us
895 2047 922 2073 in
937 2056 961 2073 2.
976 2046 1120 2074 Verrinam
1134 2067 1141 2078 ‚
1168 2057 1230 2074 curn
1246 2047 1281 2074 fic
1292 2044 1382 2074 scriBit
1396 2055 1401 2072 :
1428 2048 1594 2082 Prarogastvae
1607 2042 1686 2069 mbas
1698 2041 1758 2070 sunt
1771 2063 1778 2075 ,
1805 2052 1862 2080 quae
1875 2044 1970 2080 primae

394 2072 546 2114 sslstmgffls‘l
563 2074 651 2100 terunt
664 2083 726 2103 ³¹¹oe
738 2076 797 2111 lul‘e
811 2087 916 2112 vocaus.
937 2085 1000 2112 Mos
1013 2085 1087 2112 enim
1104 2084 1204 2116 fuerat,
1219 2095 1274 2123 quo
1286 2083 1386 2112 facilius
1401 2083 1428 2110 in
1435 2082 1541 2110 commu
1549 2082 1693 2110 concordia
1700 2080 1791 2118 populi
1800 2081 1968 2114 firmaretur,

393 2105 455 2134 b¹⁰³
469 2119 584 2137 ⁰¹¹¹¹¹¹¹¹⁰
598 2111 632 2138 de
645 2112 740 2141 iisdem
755 2115 900 2144 candidam
913 2123 1018 2151 *omitia
1032 2123 1088 2150 fieri
1101 2143 1109 2154 ‚
1135 2132 1251 2160 quorum
1265 2120 1516 2159 tribuspraerogatt'va
1529 2118 1683 2148 dicebantur
1695 2141 1704 2152 ‚
1731 2120 1804 2157 quod
1818 2120 1909 2156 primo
1922 2130 1966 2148 ro-

393 2153 531 2181 garentur,
553 2157 619 2189 quos
639 2151 738 2181 vellent
760 2154 887 2183 Confines
902 2156 965 2187 fieri:
986 2161 1270 2196 secundajurewcmae,
1290 2161 1362 2198 quod
1376 2161 1404 2187 in
1418 2160 1450 2187 iis
1463 2158 1590 2197 sequente
1602 2158 1716 2194 populo,
1737 2165 1767 2185 ut
1781 2157 1847 2194 saepe
1862 2159 1966 2186 contin-

392 2189 432 2218 g¹t
445 2203 452 2213 ›
474 2193 695 2222 P²'³’'⁰g·¹¹¹1'117um
715 2191 882 2222 voluntatem
897 2216 904 2228 ‚
923 2195 978 2232 jule,
996 2200 1089 2228 onmia
1109 2200 1327 2237 complerentur:
1354 2197 1488 2226 Hactenus
1507 2195 1637 2233 Afiom'us.
1678 2197 1720 2225 Ad
1739 2195 1858 2234 suffragia
1876 2195 1965 2222 redeo.

392 2224 464 2248 Ante
477 2221 547 2264 leges
560 2222 703 2257 tabellarias
715 2229 779 2259 latas
792 2233 904 2269 populus
919 2243 986 2262 voce
996 2237 1148 2276 suffragium
1163 2237 1264 2267 ferebat
1278 2250 1283 2266 :
1306 2244 1333 2265 at
1347 2237 1435 2273 postea
1449 2237 1532 2273 coepit
1545 2233 1640 2263 tabella
1645 2233 1741 2273 ffiffiflg
1747 2233 1801 2262 ium
1805 2237 1882 2270 serre.
1923 2234 1963 2260 Ac

393 2267 460 2285 voce
482 2261 592 2302 qnffldeffl
613 2272 674 2292 Cum
696 2267 833 2298 dicebatur
846 2270 1017 2311 ficffingium,
1041 2285 1116 2306 erant
1131 2277 1159 2305 in
1172 2277 1277 2315 fingulis
1291 2276 1414 2304 centuriis
1429 2282 1552 2313 rogatores
1567 2294 1575 2306 ‚
1601 2274 1647 2311 qui
1659 2274 1820 2311 singulorum
1833 2268 1964 2307 rogabant

389 2294 546 2339 sePten-ssaS’
567 2307 629 2340 quas
641 2304 727 2346 palam
742 2306 834 2344 singuli
847 2310 1025 2347 proferebant,
1054 2316 1086 2343 In
1099 2324 1180 2353 quam
1194 2324 1283 2344 autem
1297 2322 1404 2351 partem
1418 2314 1505 2351 plures
1518 2311 1638 2349 ejusdem
1654 2311 1776 2340 centuriae
1786 2309 1908 2351 homines
1922 2310 1963 2336 in-

389 2334 539 2368 chnassent,
567 2345 623 2372 ejus
646 2348 728 2370 tonus
742 2349 865 2375 centuria·
879 2349 1008 2378 sententia
1023 2353 1190 2382 censebatur:
1217 2362 1296 2390 quam
1312 2353 1410 2381 deinde
1423 2360 1520 2389 rogator
1533 2360 1582 2387 per
1593 2357 1744 2388 praeconem
1759 2353 1873 2374 nuntiari
1885 2345 1963 2383 jube-

386 2369 439 2402 bat.
482 2375 564 2411 Quod
579 2374 598 2401 ti
611 2377 804 2415 magistratuum
817 2385 916 2413 comitia
931 2388 1013 2417 essent
1026 2411 1034 2423 ‚
1058 2390 1219 2430 rogabantur
1232 2391 1326 2429 finguli
1338 2411 1345 2422 ,
1367 2400 1448 2428 quem
1461 2389 1560 2418 vellent
1574 2388 1757 2425 magistratum
1771 2384 1839 2417 esse,
1860 2387 1886 2414 &
1903 2393 1964 2413 turn

1918 2433 1966 2454 no,-

2044 2214 2054 2220 ζ
2036 2119 2052 2200 :gt-:r
