2075 2734
607 77 771 109 Lrnen
810 89 866 109 οε

93 139 192 162 mentum
199 134 259 160 illud
257 134 349 166 fictffit,
354 134 377 158 r'n
384 133 474 164 hostium
478 133 602 165 potestatem
608 141 648 156 non
652 133 788 163 perueniffit.
795 132 870 158 Testis

91 168 198 224 lulianus
211 168 266 199 Dig.
273 174 331 191 xxvi
337 175 346 190 r
353 174 372 191 t.
383 171 405 190 6.
413 175 426 190 z
431 171 441 190 8
446 184 452 190 .
476 165 621 189 Testamenta
632 171 704 196 porto
716 165 754 188 lex
767 163 870 188 infirma-

110 208 131 224 ,π
141 217 148 228 ,
156 200 267 230 irritaque
273 198 365 230 prorsus
371 198 464 229 jubebat
470 196 514 221 esse
521 213 528 224 ‚
535 204 586 228 qua:
593 196 701 228 improba
709 212 715 223 ,
723 195 868 224 inofficiosa,

92 232 221 256 inhumana
229 231 360 255 dicerentur
367 247 374 257 ,
385 230 431 254 hoc
437 229 468 253 est
476 246 483 255 ,
489 235 568 252 contra
574 227 637 257 leges
644 244 650 255 ‚
658 228 750 255 merita,
758 228 868 259 pietatem

91 261 162 287 faeta:
171 263 239 290 item,
247 270 297 294 quae
305 262 317 286 a
324 266 351 287 V.
359 258 538 292 testibus,iisque
544 259 590 283 fide
597 259 685 290 dignis,
692 267 741 283 non
749 259 820 283 essent
826 260 867 283 ob-

91 293 108 318 fi
127 301 184 318 nata.
192 295 258 325 quod
265 294 293 317 ad
299 296 348 317 Vll.
355 293 441 317 deinde
447 291 513 315 testes
518 298 644 322 praetorum
651 292 730 314 edicto
736 291 868 315 transsatum

91 302 131 349 εἰξ-
142 325 262 358 postremo
269 325 296 349 ab
304 324 482 356 imperatoribus
490 324 624 350 inventum,
636 330 661 346 ut
667 322 734 346 testes
741 322 855 347 subscribe
863 336 865 339 ·

91 364 153 384 rent,
165 365 190 381 ut
197 357 387 388 legitur1.1nssit.
401 357 426 378 de
433 355 572 383 testamentis,
581 355 651 385 paulo
658 354 707 386 post
715 355 868 386 principium,

92 395 161 420 atque
168 389 255 412 horum
263 395 375 420 generum
381 385 503 413 cauffas,de
510 385 668 410 rescindendis
675 385 869 410 confirmandisve

91 421 244 447 testamentis,
252 418 264 443 ἒι
271 423 298 444 C.
305 419 360 443 viris
365 417 409 442 effe
415 418 532 447 judicatas,
539 418 606 450 quod
614 418 677 441 hastae
684 418 798 447 judicium
806 418 870 442 dice-

92 451 159 476 batur
166 469 173 479 ,
180 452 280 478 Cicero,
293 448 443 481 Valeriusque
449 450 572 473 declarant.
592 450 649 473 AElia
656 451 731 473 sentia
739 467 745 477 ,
756 457 827 481 quam
835 450 868 479 ju-

92 483 226 510 risconsulti
231 484 365 509 nominant,
372 489 421 505 non
428 481 520 505 videtur
526 481 553 504 ad
561 481 666 505 nostrum
677 481 810 506 institutum
817 488 867 513 per-

92 516 176 539 tinere.
185 522 234 539 non
241 515 308 538 enim
314 513 386 537 stante
393 515 453 544 Rep.
468 512 506 536 sed
515 512 612 544 Augusti
619 513 766 545 temporibus
774 530 780 539 ‚
797 511 810 536 a
816 516 867 536 Sex.

92 547 164 574 AElio,
171 548 198 570 1..
206 546 285 569 Sentio
292 544 348 569 coss'.
356 546 398 568 lata
404 545 444 568 est.
451 551 613 572 veruntamen,
620 545 674 576 quia
681 544 696 568 s
692 545 763 575 peetat
770 544 797 568 ad
804 544 867 568 testa-

91 584 180 604 menta,
186 584 291 608 quorum
296 577 361 608 leges
367 577 445 600 hocin
453 577 509 600 loco
515 584 543 600 ex
545 583 673 608 ponuntur,
681 576 749 600 timul
756 583 812 600 cum
819 577 870 600 aliis

92 616 145 633 eam
151 608 244 640 legibus
250 616 385 632 enumerare
395 616 446 632 non
460 609 563 632 alienum
575 608 696 632 duximus.
711 609 737 632 in
750 615 776 631 ea
787 606 868 639 scripta

90 640 145 665 suut
151 641 198 665 hac
207 649 212 663 :
227 646 252 664 ut
259 648 318 664 unns
325 640 400 664 modo
408 640 473 664 heres
479 639 614 664 necess'arius
619 639 697 664 fieret:
710 640 787 672 plures
799 639 816 663 st
829 640 867 663 fie-

90 679 144 697 rent
151 689 158 699 ,
172 672 267 696 irritum
281 671 348 696 ess'et:
368 679 397 695 ne
404 672 452 695 duo
460 671 563 704 pluresve
570 679 598 695 ex
605 671 686 695 eadem
693 670 763 695 cauffi
772 671 869 695 heredes

91 703 171 735 stripri
183 703 268 727 essent:
284 704 326 735 qui
336 704 415 735 primo
428 704 482 727 loco
495 702 549 727 ess‘et
563 703 696 727 nominatus
704 720 710 730 ‚
725 703 790 726 heres
802 702 866 727 effer:

92 736 162 763 item,
170 734 257 767 quibus
264 735 293 758 de
300 734 378 759 caustis
385 735 523 759 manumitti
529 734 606 758 servos
612 736 724 766 placeret:
733 742 762 758 ne
769 735 831 766 quis,
838 735 867 758 li-

91 774 128 792 tet
135 775 163 790 ex
170 767 254 790 tutoris
261 766 398 790 authoritate
406 784 412 793 ,
421 765 493 798 poss'et
500 767 667 790 manumittere
674 782 681 792 ‚
694 765 736 790 nifi
742 765 838 790 causs'am
846 775 866 790 a·

92 799 142 831 pud
152 798 282 822 concilium
288 798 395 830 probaret
402 806 408 821 ι
416 805 474 822 neve
481 798 540 822 servi
547 815 554 826 ‚
565 799 590 822 in
597 797 702 822 fraudem
709 798 851 822 creditorum
860 813 866 823 ,

92 830 242 854 autlibemte
249 829 399 856 donarentur,
406 836 443 853 aut
450 829 545 853 heredes
552 829 795 853 instituerenturmam
801 836 866 856 etun,

89 861 196 894 pluribus
209 861 332 884 heredibus
340 861 411 884 servis
422 861 533 884 institutis
540 877 546 887 ,
560 860 693 892 iisdemque
707 860 853 884 manumittis
860 877 867 887 ‚

90 893 196 918 futurum
203 891 257 915 effet
264 908 270 919 ‚
284 898 309 915 ut
315 891 442 915 creditores
449 892 476 915 ad
484 892 551 915 [uum
564 893 686 922 pervenire
699 899 748 915 non
761 892 851 923 posseut
859 909 865 919 ,

89 925 146 956 quia
153 940 161 951 ‚
167 923 216 946 data
223 922 293 946 servis
299 922 405 947 libertate
413 940 419 951 ‚
428 924 530 954 pretium
537 923 671 947 hereditatis
678 923 866 948 deminuetetur:

89 956 194 987 ideoque
201 953 321 978 servorum
327 954 478 979 manumiffio
485 954 567 983 iniusta
574 955 690 979 videretur
698 973 704 982 ‚
719 956 773 987 quia
786 962 867 979 contra

89 994 141 1013 xern
147 986 271 1011 creditoris
277 985 342 1010 esset:
356 987 395 1010 lex
402 987 457 1010 AElia
465 987 538 1010 sentia
546 986 618 1010 sanxit
626 1004 632 1014 ⁷
641 993 666 1010 ut
673 994 748 1011 unum
755 987 866 1011 duntaxat

89 1018 184 1043 servum
196 1025 252 1042 cum
264 1018 370 1043 libertate
384 1018 495 1042 heredem
507 1017 601 1042 debitor
613 1018 686 1042 facere
698 1018 780 1049 poffet.
797 1025 866 1050 atque

90 1050 139 1075 haec
145 1050 224 1074 Videre
229 1050 308 1074 licetl.
318 1059 327 1074 1
333 1068 338 1074 .
345 1055 390 1074 t.6.
397 1049 469 1073 instit.
476 1049 587 1080 quibmex
594 1051 659 1078 causis
666 1052 820 1073 manumittere
827 1059 865 1073 non

87 1083 148 1106 licet.
164 1081 284 1106 Postremo
291 1080 392 1110 iubebat,
399 1088 432 1108 ut,
439 1081 455 1104 ss
462 1080 516 1105 effer
522 1081 620 1105 donatio
627 1081 682 1104 saneta
690 1082 750 1105 inter
756 1082 832 1105 vir-um
840 1083 864 1106 δε

87 1120 190 1138 uxorem
197 1130 203 1140 ,
216 1112 360 1144 maritusque
366 1120 390 1137 re
397 1112 507 1137 nondum
519 1112 600 1136 tradita
608 1129 614 1139 ,
629 1113 674 1136 vita
680 1112 804 1136 exceffiss'et
811 1130 817 1140 ‚
836 1121 866 1137 ne

87 1145 176 1169 mulier
182 1144 407 1169 reivindicationem
430 1144 464 1168 ost
472 1143 565 1168 obitum
573 1144 651 1168 mariti
657 1144 759 1171 haberet,
770 1143 809 1168 sed
817 1151 864 1169 tan-

87 1176 219 1207 tummodo
225 1177 399 1209 exceptionem,
429 1184 479 1200 non
486 1176 612 1209 poffideret
618 1182 697 1200 contra
702 1177 825 1209 petitores.

334 1254 359 1280 C
377 1262 394 1280 A
415 1264 429 1281 1³
451 1262 470 1281 u
491 1264 508 1281 T
549 1255 621 1283 XV.

166 1327 244 1362 Leges
261 1323 293 1350 de
299 1320 403 1357 judiciis
416 1343 424 1354 ,
443 1320 585 1359 testimoniis
598 1344 608 1356 ,
629 1322 670 1357 (⁶5¹
682 1322 791 1352 indiciis.

87 1396 198 1460 Haec
205 1397 234 1421 de
240 1398 292 1429 lege
299 1397 356 1421 AElia
362 1398 436 1422 Sentia
443 1415 450 1425 ,
463 1403 568 1421 veterem
575 1396 666 1422 fortasse
676 1399 778 1430 aliquam
786 1400 864 1430 legem

183 1429 299 1453 referente
307 1445 314 1455 ,
327 1428 506 1452 observavimus.
522 1430 576 1453 Alia
584 1437 639 1453 vero
646 1429 691 1454 fuit
697 1431 754 1454 AElia
762 1432 849 1455 sanctia
858 1449 864 1457 ,

88 1460 102 1485 *a
110 1462 226 1484 Cicerone
234 1462 259 1484 in
267 1461 412 1492 Topicorum
419 1461 484 1484 libris
492 1461 625 1484 nominata:
634 1469 685 1492 quae
691 1461 777 1486 affiduo
784 1464 860 1486 vindi-

59 1506 63 1508 *
88 1492 192 1517 cemess‘e
200 1491 391 1519 affiduum,idest
399 1492 525 1523 ,locupleti
533 1493 688 1522 locupletem,
700 1493 798 1520 jubebat.
811 1502 863 1525 per-

87 1525 160 1550 tinuit
172 1525 179 1548 i
199 1525 244 1548 itur
257 1523 284 1547 ad
296 1523 389 1552 judicia.
403 1531 470 1555 atque
478 1523 517 1546 hac
524 1524 576 1555 lege
583 1523 644 1547 nihil
657 1525 758 1555 amplius
765 1542 772 1553 ,
786 1532 864 1556 neque

88 1555 187 1579 delatori
205 1563 232 1579 us
240 1573 246 1583 ‚
253 1562 330 1586 neque
336 1555 366 1579 de
373 1554 484 1579 sententia
492 1572 498 1581 ‚
505 1561 656 1586 compertum
663 1555 784 1580 habemus.
792 1558 849 1588 quin
856 1566 863 1585 ;

89 1594 146 1611 eum
152 1587 275 1611 Ciceronis
284 1587 367 1611 locum
373 1586 417 1610 effi:
423 1585 576 1613 mendosum,
584 1594 661 1618 neque
669 1587 768 1611 inlibris
774 1587 865 1619 scriptis

88 1619 162 1642 ullam
169 1621 211 1641 orti
214 1618 273 1641 nino
280 1618 305 1641 in
312 1625 342 1640 eo
348 1619 402 1641 loco
409 1618 469 1649 legis
475 1618 537 1641 AEliae
543 1618 638 1641 saumae
644 1619 795 1643 mentionem
804 1620 863 1647 fieri,

88 1650 202 1674 nonnulli
208 1649 361 1673 tradiderunt.
380 1651 467 1672 Verum
474 1649 519 1671 hoc
526 1648 555 1671 de
561 1656 646 1679 genere
655 1651 717 1680 leges
724 1657 830 1681 praeterea
836 1654 863 1675 X.

86 1681 161 1705 video
167 1681 294 1707 nominari,
302 1680 396 1704 diversis
403 1679 549 1711 temporibus
554 1681 616 1708 latas,
624 1680 759 1705 tribunicias
764 1684 792 1706 V.
800 1684 865 1706 Sem-

88 1713 208 1745 proniam,
215 1713 346 1740 Serviliam,
352 1713 452 1738 Liviam⁷
459 1712 560 1735 Plotiam
568 1729 574 1739 ‚
582 1712 697 1744 Vatiniam
705 1720 710 1734 :
719 1714 850 1744 praetoriam
857 1731 865 1741 ,

87 1745 208 1769 Aureliam
216 1753 222 1767 z
230 1743 366 1771 consulares,
374 1743 521 1770 Corneliam,
529 1745 673 1775 Pompetam‚
680 1745 775 1776 Juliam,
787 1748 865 1769 Anto-

87 1776 162 1800 niam.
171 1776 208 1799 his
214 1776 244 1799 de
250 1775 346 1807 fingulis
353 1775 417 1807 prius
423 1783 494 1807 quam
501 1782 603 1806 agamus,
611 1776 653 1799 tria
659 1777 718 1803 loca,
727 1784 778 1808 quae
784 1777 811 1800 ad
819 1777 865 1801 hoc

87 1807 118 1832 de
125 1807 218 1835 judiciis
224 1813 389 1839 argumentum
396 1807 513 1838 pertinent
520 1823 527 1833 ,
541 1813 615 1839 unum
622 1808 734 1831 Pltttarchi
741 1825 748 1836 ‚
767 1808 865 1833 alterum

87 1840 193 1867 Pediani,
199 1840 298 1863 tertium
306 1839 429 1863 Ciceronis
435 1837 628 1862 examinabimus.
637 1839 748 1863 ordinem
755 1841 830 1868 enim,
838 1842 863 1865 &

87 1870 230 1895 sententiam
235 1878 315 1894 earum
321 1870 402 1902 legum
410 1887 416 1897 ‚
428 1877 484 1902 quas
491 1870 670 1894 nominavimus
677 1888 683 1898 ‚
691 1871 833 1902 perturbant,
839 1873 863 1896 ἃ

88 1902 223 1927 obscurant.
232 1909 302 1934 quare
308 1908 334 1926 ut
340 1902 425 1925 erroris
436 1900 506 1925 causs'a
518 1901 614 1925 tollatur
620 1918 627 1929 ,
635 1901 676 1926 dis
688 1902 805 1927 utabimus
817 1904 864 1934 pri-

90 1941 161 1958 mum
168 1942 193 1957 ea
200 1941 250 1965 quae
257 1940 362 1957 veterum
368 1932 466 1956 inlibris
472 1939 509 1955 aut
515 1939 591 1956 revera
598 1933 657 1957 forta
676 1934 747 1958 efalla
754 1934 805 1958 sunt
813 1951 819 1961 ,
828 1941 866 1958 aut

90 1965 219 1993 eiusmodi,
226 1971 260 1991 ut,
269 1972 321 1988 vera
327 1971 382 1987 cum
389 1963 440 1991 sint,
446 1963 499 1987 falsa
505 1970 583 1987 tamen
591 1965 665 1988 videri
673 1965 764 1996 poffint.
772 1965 817 1989 hoc
825 1965 866 1989 ubi

87 1996 141 2021 satis
148 2003 252 2029 apertum
258 1995 337 2023 fuerit,
344 1997 502 2023 tum,veritate
508 1995 570 2027 quali
580 1994 593 2019 ὲ
600 1996 700 2020 tenebris
706 1997 796 2024 educta,
804 1998 867 2028 leges

89 2028 149 2060 ipsas
157 2045 163 2055 ‚
171 2031 194 2053 δε
204 2027 288 2059 quibus
295 2027 388 2059 fingulae
393 2027 539 2060 temporibus
545 2028 594 2051 latae
599 2027 643 2051 fint
649 2045 656 2055 ,
665 2028 689 2051 δι
696 2036 747 2060 quae
753 2028 867 2060 cujusque

90 2061 127 2084 vis
139 2067 163 2083 ac
170 2059 281 2083 sententia
293 2058 364 2083 fuerit
371 2076 379 2086 ,
394 2059 552 2083 oflendemus.
583 2062 617 2083 Ac
628 2060 734 2090 primum
741 2077 748 2087 ,
765 2061 831 2092 quod
838 2061 864 2084 in

89 2091 250 2116 Gracchorum
262 2091 308 2114 vita
321 2099 342 2123 p.
351 2095 362 2114 8
368 2098 406 2118 37.
419 2094 445 2115 Β.
461 2090 592 2115 Plutarchus
605 2091 700 2115 tradidit
707 2109 713 2119 ,
731 2093 798 2121 legem
812 2092 825 2114 iz
840 2088 863 2116 C.

907 65 1156 111 LE-Gznusl
1624 86 1693 126 ‘8352

901 135 988 157 coloniis
995 135 1092 168 replebat
1095 134 1228 166 provincias.-
1232 133 1326 167 judicia
1332 133 1346 158 ἃ
1351 134 1430 165 sinam
1437 135 1576 167 transferebat
1582 138 1612 162 ad
1616 142 1682 171 equi-

902 171 948 188 tes:
961 168 1103 197 frumentum
1113 167 1171 198 plebi
1182 167 1229 189 dari
1239 166 1365 195 instituerat
1379 174 1385 189 :
1403 169 1459 190 nihil
1473 170 1589 193 immotum
1596 187 1604 198 ,
1619 173 1679 196 nihil

902 200 1052 228 tranquillum,
1059 200 1210 229 nihildem'que
1217 199 1238 221 in
1245 200 1317 221 eodem
1319 199 1380 227 statu
1387 199 1528 231 relinquebat.
1545 202 1602 226 satis
1610 203 1678 234 plane

903 229 1017 260 loquitur.
1035 238 1084 253 non
1091 231 1162 257 dicit,
1174 230 1413 254 communicatainter
1423 233 1516 263 equites
1528 233 1552 257 &
1560 232 1677 259 senatores

902 260 995 288 judicia,
1005 261 1043 285 sed
1051 261 1062 285 ὲ
1070 261 1146 286 senatu
1153 262 1180 285 ad
1186 262 1319 293 equestrem
1325 262 1435 286 ordinem
1443 263 1554 288 transsata.
1573 266 1597 288 δι
1611 266 1678 291 idem

900 294 930 315 11.
940 301 948 316 1
956 301 965 319 3
972 311 977 316 .
985 301 1007 317 2.
1025 293 1165 317 Tribunatum
1173 296 1221 317 inm
1229 295 1266 318 M.
1274 295 1356 316 Livius
1362 295 1454 325 ‘Drusus
1462 305 1470 318 ,Δ
1482 298 1521 327 qui
1531 304 1580 318 cum
1586 297 1677 327 sinatur*

899 325 992 353 frisium
999 325 1107 354 restituere
1113 332 1197 357 cuperet
1202 326 1264 348 decus
1271 342 1279 353 ,
1297 324 1418 357 &juditia
1428 325 1454 348 ab
1461 326 1572 359 equitibus
1584 329 1612 351 ad
1624 337 1676 352 eum

899 356 1014 385 tradsserre
1020 358 1112 379 ordinem
1118 367 1126 379 :
1138 358 1227 389 (quippe
1233 365 1281 379 eam
1286 358 1407 387 potestatem
1415 358 1472 381 nafli
1478 360 1561 390 equites
1568 360 1677 392 §metha-

900 387 934 408 m's
944 387 1040 417 legibus,
1056 397 1105 411 cum
1111 390 1133 410 in
1139 390 1220 411 multos
1228 389 1347 418 clariffimos
1359 405 1366 416 ,
1378 396 1447 420 aeque
1458 391 1627 421 innocentissimos
1639 393 1678 415 vi·
1699 397 1703 401 ”

901 425 934 438 ros
943 419 1049 447 Jewffint
1056 437 1062 447 ,
1071 426 1118 442 tum
1126 422 1152 443 P.
1159 421 1270 442 Rutilium
1278 437 1284 446 ‚
1292 428 1367 442 virum
1375 422 1494 450 mnsaeeuli
1500 423 1538 452 sui
1546 439 1552 448 ,
1560 423 1600 452 sed
1606 425 1677 446 omnis

903 450 943 470 avi
955 452 1062 481 optimum
1072 468 1078 478 ‚
1094 452 1251 482 interrogatum
1264 452 1308 482 lege
1321 455 1502 481 repetundarum,
1520 461 1617 476 maximo
1624 463 1674 478 cum

896 482 984 510 gemitu
992 483 1090 505 civitatis
1101 483 1273 512 damnazerarrt)
1291 491 1312 505 ιιι
1324 485 1365 509 irs,
1382 491 1428 514 qne
1438 485 1560 516 prosettam
1573 485 1677 509 molieba-

901 517 953 539 tur,
968 513 1070 541 senariam
1078 513 1155 536 habuit
1166 515 1323 543 adversarium.
1344 516 1366 538 δε
1379 516 1407 538 11,
1417 523 1426 540 3
1433 523 1454 538 2.
1464 522 1474 541 3
1481 533 1486 538 .
1503 517 1544 539 Per
1550 518 1608 539 idem
1617 524 1673 540 tem-

899 548 939 572 [ω
952 545 1138 576 Corra-judicandi
1149 553 1242 572 munus,
1260 546 1316 576 quod
1328 547 1350 568 C.
1359 547 1467 578 §rati-hus
1480 550 1674 580 ereptumsenatm'

900 574 1030 606 adequires,
1047 577 1103 606 SyHa
1115 575 1142 598 ab
1149 578 1190 598 :uu
1201 577 1336 605 miseriarum
1349 577 1485 604 transtulerat
1493 594 1499 604 ,
1518 581 1629 609 aqualiter
1641 582 1676 603 in-

901 611 933 628 ter
945 613 1065 638 utrumque
1076 608 1170 630 ordinem
1181 608 1317 639 partitusest.
1336 609 1449 632 Haecille:
1463 616 1514 640 quae
1527 611 1636 635 Pedianus
1650 612 1675 635 in

900 639 1072 663 commentatio
1080 638 1232 662 divinationis
1239 647 1302 671 p-19.
1310 640 1432 663 confirmat
1440 640 1474 663 his
1481 640 1567 665 verbis:
1579 644 1599 666 C.
1608 644 1677 666 Grac-

900 670 951 691 chu:
958 671 1025 701 Iegem
1032 673 1116 694 tulerat
1123 687 1129 697 ,
1144 677 1169 693 ut
1175 673 1259 702 equite«¹
1266 672 1674 704 ‘Rpmanijudicarent.judicnverunt

899 707 936 730 per
942 710 1006 724 annos
1012 704 1066 725 XL.
1073 703 1118 733 fine
1124 703 1223 731 infamia.
1229 703 1272 735 pasl
1279 703 1348 725 wc‘ior
1354 703 1409 734 Sylla
1417 705 1472 734 leges
1480 706 1572 731 tulerat,
1579 706 1674 736 arsena-

900 738 971 755 tornu
984 735 1163 766 ordojudiraret:
1181 733 1325 766 &judicarit
1334 740 1372 765 per
1379 736 1411 758 X.
1425 738 1595 768 annorrurpirer.
1610 737 1672 761 Etin

899 763 986 788 eodem
998 765 1175 789 commentario
1184 773 1206 796 p.
1215 774 1253 793 37·
1269 768 1386 798 'Rutilium
1394 767 1480 796 Rufum
1489 784 1495 795 ‚
1511 769 1568 798 quod
1581 770 1603 791 in
1611 769 1672 799 ,ΛῙῐα

899 805 947 818 cum
958 803 1044 827 pretore
1052 799 1091 827 μισ
1097 798 1233 827 confinyffir,
1252 796 1391 828 nepublrcam‘
1397 799 1488 829 aliquid
1498 805 1584 829 agerent
1596 801 1674 832 inpro-

898 829 972 850 vincia
979 829 1023 857 [εἷα
1030 845 1037 854 ,
1053 830 1135 860 equites
1141 831 1247 855 Romani,
1264 829 1305 859 qui
1317 828 1501 859 tumjecdicabanr
1508 846 1515 856 ‚
1533 831 1674 854 damnarunt.

900 858 970 889 Qod
978 858 994 882 ti
1002 861 1056 891 quis
1064 862 1089 884 in
1097 859 1181 884 tuenda
1188 860 1303 883 Plutarchi
1309 860 1379 883 caussa
1386 861 1416 883 ita
1423 861 1528 890 pertinax
1535 861 1566 884 est
1574 878 1580 887 ‚
1589 868 1614 885 ut
1622 863 1675 886 Vel-

898 890 939 919 leji
946 907 953 917 ‚
965 891 989 914 δε
996 891 1089 915 Pediani
1097 892 1236 915 testimonio
1244 891 1351 915 flandum
1358 898 1440 922 neget:
1457 892 1494 915 vel
1501 892 1566 923 quod
1577 893 1606 916 de
1618 892 1675 917 solis

899 922 1018 953 equitibus
1025 931 1074 947 non
1080 923 1131 947 satis
1138 931 1214 955 aperte
1221 924 1289 954 loqui
1297 923 1429 947 videantur:
1447 923 1484 946 vel
1491 923 1557 955 quod
1566 925 1572 947 i
1576 923 1606 955 pfl
1614 932 1676 956 quo—

900 961 946 985 que
953 953 1011 981 falli,
1023 955 1174 982 uthornines,
1184 955 1358 986 halucinarique
1365 955 1485 985 potuerint
1492 962 1498 977 ε
1505 955 1580 979 audiat
1588 957 1677 988 Appia*

899 986 924 1008 ni
939 985 1018 1009 verba:
1036 995 1088 1019 quae
1099 1003 1107 1015 ‚
1125 993 1150 1011 ut
1163 994 1208 1017 ego
1221 986 1296 1010 statuo
1303 1003 1310 1013 ,
1327 986 1474 1010 Plutarchum
1487 987 1607 1011 manifeste
1619 995 1675 1012 con-

899 1016 1021 1041 demnant.
1036 1018 1167 1049 isigiturB.
1175 1021 1205 1042 C.
1216 1026 1236 1042 1.
1244 1026 1268 1048 p.
1276 1025 1318 1044 371
1326 1035 1331 1041 .
1339 1017 1381 1041 fic:
1400 1019 1438 1041 M.
1446 1019 1526 1041 Livius
1540 1020 1626 1049 Dmfios
1633 1022 1675 1043 rri-

899 1048 1143 1079 bunusplebissenaetum
1154 1067 1161 1078 ,
1178 1049 1204 1073 (θ’
1211 1051 1305 1072 ordinem
1317 1049 1435 1080 equestrem
1442 1051 1585 1080 ⁴judiciorum
1592 1054 1673 1082 caussa,

899 1088 946 1111 quae
952 1081 1053 1112 adempta
1060 1082 1148 1111 senann'
1155 1098 1161 1109 ‚
1180 1080 1205 1106 τ’]
1212 1080 1322 1112 equitibus
1330 1082 1411 1104 tradita
1416 1083 1509 1110 fuerant
1515 1097 1522 1108 ‚
1541 1083 1658 1111 diffidentes
1666 1098 1674 1108 >

899 1114 944 1143 lege
951 1114 1061 1136 conciliare
1069 1130 1075 1140 ,
1084 1111 1110 1136 (y
1117 1114 1146 1135 ad
1151 1114 1279 1135 concordiam
1284 1113 1397 1143 pertimere
1402 1120 1489 1135 conatus
1495 1113 1523 1142 est
1530 1123 1540 1135 :
1556 1120 1632 1145 reaque
1637 1121 1675 1136 m-

900 1144 928 1165 l1t
935 1146 1071 1175 adpopulum
1079 1161 1086 1171 ,
1103 1151 1128 1167 ut
1140 1146 1168 1167 ad
1175 1151 1292 1175 utrumque
1299 1145 1394 1166 ordinem
1404 1145 1493 1175 cognitio
1501 1144 1677 1177 cauffirumper-

899 1176 987 1198 tinerer.
1002 1177 1040 1205 sed
1051 1193 1058 1203 ,
1076 1177 1180 1207 quoniam
1193 1192 1199 1202 ‚
1218 1175 1242 1198 oh
1253 1177 1389 1207 superiorum
1408 1182 1529 1206 temporum
1547 1177 1658 1206 drfiordias
1665 1194 1673 1205 ,

899 1214 1003 1229 numerus
1011 1210 1135 1237 finam-um
1148 1208 1176 1230 ad
1188 1209 1243 1230 CCC.
1255 1207 1351 1230 redaam
1363 1213 1424 1230 erat:
1439 1208 1541 1238 perfisafit
1548 1208 1673 1240 equitibus,

900 1245 924 1261 ut
931 1240 956 1260 de
963 1240 1003 1268 suo
1014 1239 1180 1262 ordinetotidem
1187 1240 1292 1269 legerent,
1310 1247 1335 1261 ne
1342 1239 1462 1271 injudiciis
1469 1247 1555 1261 numero
1562 1241 1674 1269 inferiores

898 1270 968 1298 effint.
985 1270 1049 1300 Qiid
1055 1271 1154 1301 apertius
1160 1275 1171 1293 ?
1182 1277 1231 1293 non
1238 1271 1303 1293 enim
1311 1269 1385 1293 tribus
1391 1277 1428 1293 aut
1434 1277 1535 1302 quatuor
1540 1277 1577 1294 ver
1582 1271 1617 1295 bis
1623 1279 1675 1295 rem

901 1300 998 1325 obscure
1004 1302 1114 1333 fignificat
1123 1319 1129 1329 ‚
1140 1301 1179 1325 sed
1187 1302 1217 1325 ita
1222 1300 1319 1332 copiose
1326 1318 1333 1329 ‚
1342 1302 1373 1325 ita
1380 1309 1430 1325 non
1437 1302 1548 1333 ambigue
1561 1302 1660 1327 declarat
1666 1321 1674 1331 ‚

901 1339 925 1356 ut
933 1333 962 1357 de
969 1334 1032 1358 illius
1038 1333 1151 1358 sententia
1158 1332 1264 1358 dubitare
1272 1349 1278 1361 ,
1290 1332 1334 1356 nisi
1346 1334 1388 1365 qui
1396 1334 1488 1357 nodum
1502 1336 1528 1356 in
1535 1332 1610 1366 scirpo
1617 1335 1675 1359 velit

900 1372 1010 1396 quaerere,
1017 1373 1090 1389 nemo
1096 1365 1173 1397 poffir.
1192 1365 1256 1396 Qid
1263 1371 1279 1387 ο
1296 1364 1382 1392 ussuit‚
1392 1365 1471 1396 legem
1478 1364 1491 1388 Ξι
1498 1365 1574 1390 Druso
1581 1367 1635 1390 fetri
1644 1367 1674 1391 de

897 1398 1101 1421 communicandis
1107 1398 1168 1421 inter
1175 1396 1235 1420 duos
1241 1404 1269 1420 or
1287 1396 1470 1426 inesjudiciisdi,
1478 1397 1544 1429 quod
1552 1398 1582 1421 ait
1589 1398 1674 1422 Plutar-

898 1428 968 1456 chus,
987 1428 1092 1458 ejusdem
1098 1428 1214 1453 sententie
1221 1429 1300 1459 legem
1312 1431 1342 1451 C.
1350 1428 1464 1451 Gracchus
1477 1435 1529 1453 ante
1536 1430 1671 1461 pertulerat?

898 1460 1023 1490 praesertim
1029 1468 1093 1488 cum,
1100 1468 1151 1484 eam
1158 1459 1224 1484 suifl'e
1230 1460 1371 1490 abrogatam,
1379 1467 1451 1484 nemo
1459 1459 1526 1484 dicat.
1539 1462 1638 1485 Accedit
1646 1462 1675 1486 ad

898 1492 944 1515 haec
951 1493 1013 1515 Livii
1020 1493 1196 1516 testimonium:
1213 1491 1277 1520 cujus
1284 1493 1310 1514 in
1317 1491 1424 1522 epitome
1435 1491 1478 1515 lib.
1486 1495 1552 1515 LXX.
1560 1492 1673 1525 scriptum

897 1522 929 1546 est
936 1530 944 1544 t
961 1526 1098 1556 P.‘Rutilim
1105 1540 1112 1549 ‚
1129 1524 1259 1552 mrfiemma
1265 1525 1385 1545 innocenti-1
1392 1539 1398 1550 ,
1415 1524 1466 1554 qui,
1483 1525 1607 1555 legatusQ.
1615 1526 1673 1548 Mu—

897 1554 1242 1586 riiproconsulisa‘publicanorum
1253 1555 1339 1586 injunis
1345 1555 1423 1584 Afiam
1435 1555 1572 1585 defenderat,
1589 1558 1673 1587 invisiu-

899 1587 994 1617 εφη-[ἰή
1000 1588 1067 1610 ordini
1074 1603 1080 1614 ,
1096 1593 1157 1617 penes
1164 1588 1321 1617 quemjudma
1327 1592 1388 1608 erant
1395 1602 1402 1613 ,
1410 1588 1576 1618 repetundarum
1583 1588 1675 1612 damna-

899 1624 935 1640 ιω
942 1618 964 1640 in
971 1620 1065 1642 exilium
1075 1619 1149 1649 missm
1155 1617 1189 1646 est.
1207 1620 1236 1640 Et
1242 1616 1334 1640 ibidem
1342 1625 1347 1639 :
1354 1617 1454 1644 Senatus,
1464 1626 1514 1641 <um
1521 1620 1673 1650 impotentiam

900 1649 1002 1679 equestris
1008 1650 1086 1672 ordinis
1099 1650 1220 1680 injudici'is
1227 1649 1411 1678 exercendisserre
1424 1650 1499 1675 nollet,
1524 1652 1582 1672 omni
1596 1652 1674 1674 m'nitt

899 1681 961 1711 rapit
968 1696 975 1707 ,
992 1687 1017 1703 ut
1029 1682 1058 1703 ad
1062 1682 1086 1709 [ὲ
1088 1682 1175 1709 judicia
1187 1681 1364 1710 transferrentur.
1380 1682 1408 1703 Et
1416 1680 1477 1703 libro
1485 1678 1606 1712 sequenti:
1625 1685 1670 1707 .M,

898 1713 981 1734 Livius
987 1713 1072 1742 Drusus
1080 1711 1253 1741 tribunusplebis
1260 1712 1327 1741 legem
1335 1711 1389 1733 tulit
1395 1727 1402 1737 ,
1422 1719 1447 1734 ut
1455 1719 1515 1742 aqua
1535 1713 1671 1743 artejrrdici‘a

895 1749 958 1772 penes
969 1745 1066 1771 {enatum
1075 1742 1101 1766 (7
1107 1743 1224 1773 equestrem
1230 1743 1324 1765 ordmem
1331 1744 1403 1773 essem.
1411 1746 1469 1774 Age,
1475 1742 1505 1766 fal
1518 1751 1543 1766 us
1550 1744 1672 1769 testisVel-

898 1775 956 1803 lejus
963 1791 969 1802 ,
982 1775 1041 1798 levis
1048 1773 1162 1798 Asconius
1168 1790 1174 1800 ‚
1187 1774 1307 1805 Appiauus
1314 1773 1414 1797 mendax
1421 1791 1428 1801 ‚
1441 1782 1513 1799 vanus
1519 1776 1544 1798 δι
1550 1775 1672 1801 futfflsLi‘-

899 1806 962 1829 vius:
983 1806 1042 1838 quid
1053 1806 1082 1830 de
1089 1807 1222 1829 Cicerone?
1240 1808 1276 1829 An
1289 1805 1368 1837 ipsum
1380 1813 1478 1838 quoque
1492 1815 1535 1837 prae
1546 1808 1670 1832 Plutarcho

897 1837 958 1861 nihil
965 1838 1111 1870 putabimus?
1127 1845 1200 1862 nemo
1208 1837 1239 1861 est
1245 1838 1341 1869 opinor,
1350 1839 1392 1868 qui
1398 1846 1449 1862 non
1456 1839 1526 1862 illum
1533 1846 1636 1871 gravem,
1643 1841 1669 1866 ὃς

897 1876 986 1894 certum
994 1871 1094 1894 veritatis
1101 1869 1222 1893 authorem
1229 1869 1303 1896 ducat,
1310 1869 1436 1899 praestrtim
1445 1871 1469 1894 in
1476 1871 1566 1895 ratione
1574 1872 1672 1902 judicia.

896 1903 937 1929 ria,
944 1902 970 1925 in
977 1909 1022 1933 qua
1029 1902 1059 1925 ita
1065 1900 1228 1928 versabatur‚ut
1234 1901 1364 1924 excelleret.
1382 1901 1446 1933 Qtid
1453 1903 1526 1933 igitur
1533 1902 1607 1927 hicait
1614 1906 1622 1928 ?
1629 1912 1668 1928 art-

897 1939 919 1956 te
926 1933 1014 1956 bellum
1020 1933 1126 1956 Italicum
1133 1939 1253 1963 nunquam
1260 1933 1351 1963 equites
1356 1940 1410 1956 cum
1418 1932 1561 1958 senatoribus
1573 1934 1669 1964 iudicas-

897 1963 927 1988 se.
944 1972 993 1996 quo
1001 1970 1061 1996 patet
1068 1981 1075 1990 ,
1087 1964 1184 1987 Gracchi
1191 1966 1269 1995 legem
1276 1965 1305 1988 de
1311 1963 1367 1987 solis
1377 1965 1496 1996 equitibus
1503 1965 1578 1991 fuifl'e.
1595 1967 1668 1993 Verba

896 1994 943 2027 ipsa
953 1996 1114 2020 recitabimus:
1122 2003 1153 2019 ne
1159 1995 1237 2022 nobis,
1244 1995 1309 2027 quod
1316 1995 1386 2024 ajunt,
1395 1996 1442 2020 fine
1448 1998 1548 2029 pignore
1555 1999 1668 2024 credatur.

897 2028 923 2051 in
935 2028 1043 2052 oratione
1049 2034 1091 2058 pro
1099 2028 1127 2051 C.
1136 2027 1253 2051 Cornelio
1261 2044 1268 2054 ‚
1282 2027 1345 2056 cujus
1353 2028 1413 2052 inter
1421 2029 1514 2053 Pediani
1521 2037 1668 2056 commenta-

896 2060 945 2083 rios
952 2068 973 2091 p.
979 2067 1032 2087 ¹40-
1039 2060 1167 2091 fragmenta
1173 2059 1279 2090 quasdam
1287 2060 1379 2087 tur-,ciza
1386 2058 1497 2092 scriptum
1504 2061 1544 2085 est:
1551 2066 1667 2088 ammona

896 2098 954 2114 renea
961 2108 967 2118 ‚
980 2092 1132 2124 cumprimum
1140 2092 1247 2119 ftnatores
1258 2099 1307 2114 cum
1314 2091 1422 2122 equitibus
1429 2095 1530 2116 Romanix
1542 2095 1588 2126 lege
1595 2097 1668 2119 Plotia

88 2124 187 2156 §mecho
193 2125 233 2154 esse
241 2124 323 2150 latam,
340 2129 366 2146 ut
373 2124 428 2148 CCC.
434 2125 519 2155 equites
527 2123 596 2154 fimul
602 2132 652 2146 cum
668 2123 864 2153 (CC.finator1bus
887 2124 1029 2155 judicarent,
1046 2124 1151 2146 hominem
1162 2124 1204 2145 dn's
1215 2132 1239 2145 ac
1245 2122 1355 2146 nobilitari
1362 2119 1508 2153 perinfifiam,
1530 2123 1567 2149 Cn.
1575 2129 1665 2160 Pompe.

80 2156 212 2188 judicarent
219 2170 225 2180 ,
239 2154 264 2178 id
270 2161 315 2186 ego
323 2153 386 2186 (pace
391 2155 450 2179 tanti
457 2155 501 2178 viti
507 2154 621 2186 dixerim)
633 2153 716 2178 falsum
723 2153 767 2178 effe
773 2155 864 2182 iudico.
889 2155 946 2186 jum
953 2156 1048 2186 caussam
1056 2156 1100 2184 lege
1110 2156 1174 2176 Varia
1180 2155 1205 2177 de
1211 2155 1324 2185 majestate
1328 2156 1413 2187 dixisse,
1432 2156 1665 2190 Cumprimumdicit.

89 2194 140 2211 non
148 2187 214 2210 enim
221 2186 273 2218 lege
279 2186 377 2210 Gracchi
382 2187 473 2218 equites
479 2194 534 2210 cum
540 2185 690 2213 senatoribus,
700 2186 740 2210 sed
747 2185 790 2210 soli
797 2189 863 2219 equi·
895 2193 924 2209 ex
931 2193 980 2218 quo
987 2186 1037 2210 latis
1043 2187 1119 2218 liquet
1127 2202 1133 2212 ,
1146 2186 1198 2217 lege
1204 2187 1301 2210 Gracchi
1310 2204 1317 2214 ,
1331 2193 1382 2217 quae
1390 2188 1472 2212 multis
1479 2195 1530 2212 ante
1544 2191 1610 2213 annis
1622 2191 1665 2215 lata

89 2223 125 2242 tes
131 2225 184 2242 rem
190 2217 334 2248 judiciariam
342 2217 535 2244 administramnt.
546 2218 654 2249 probatur
665 2218 817 2249 antiquorum
825 2226 863 2242 ex·
895 2225 949 2245 etat,
956 2218 1044 2241 nullam
1052 2218 1075 2241 in
1083 2217 1175 2245 iudiciis
1181 2218 1289 2249 equitum
1298 2218 1459 2244 &senatorum
1467 2219 1601 2244 societatem
1608 2221 1665 2245 fuis-

90 2250 186 2282 emplis,
196 2257 250 2273 nam
257 2249 450 2274 Paterculusll.6.
460 2258 483 2276 3-
492 2248 534 2273 ubi
545 2250 606 2281 leges
614 2251 643 2274 C.
651 2251 863 2274 Gracchicomme-
894 2248 924 2273 se.
936 2249 1002 2280 quod
1015 2248 1092 2280 ipsum
1104 2249 1216 2281 interpres
1227 2256 1310 2274 eorum
1318 2250 1445 2275 vetborum
1456 2252 1567 2276 Pedianus
1579 2253 1664 2277 confir-

92 2288 183 2306 morat:
199 2281 294 2308 ‘Dabat,
307 2281 399 2313 inquit,
411 2283 525 2305 civitatem
532 2281 629 2304 omnibus
636 2283 716 2304 Italis:
736 2282 864 2305 extendebat
895 2280 1136 2305 mat.adscribitenim
1145 2280 1203 2304 htec:
1222 2283 1260 2306 M.
1273 2283 1373 2305 Plautius
1380 2283 1485 2306 Silvanus
1492 2283 1589 2305 tribunus
1594 2285 1665 2316 plebis

91 2321 140 2336 um
145 2319 196 2344 pene
204 2314 269 2344 usque
275 2313 382 2345 adstlper
389 2320 395 2334 :
402 2313 512 2337 dividebat
518 2321 578 2343 agros
585 2323 593 2336 .·
599 2312 691 2336 vetabat
697 2321 830 2345 quemquam
837 2322 864 2336 ct·
894 2316 930 2336 Cn.
937 2314 1046 2346 ‘Pompejv
1054 2312 1156 2336 Strabone
1162 2329 1169 2340 ‚
1190 2315 1216 2337 L.
1226 2315 1296 2336 Porcio
1305 2318 1379 2337 Catone
1393 2317 1440 2346 toss.
1447 2316 1535 2344 secundo
1547 2323 1600 2337 armo
1613 2316 1660 2339 belli

90 2345 198 2378 simplus
204 2346 236 2368 D.
243 2343 358 2377 jugeribm
366 2344 457 2369 habere.-
469 2352 525 2368 nova
531 2344 780 2377 constituebacportorm:
799 2346 862 2369 novis
891 2345 981 2373 Italici,
997 2353 1047 2369 cum
1059 2344 1152 2377 equester
1163 2346 1210 2369 emto
1222 2346 1244 2369 in
1247 2346 1342 2378 judiciis
1351 2347 1509 2374 dominaretur,
1526 2347 1593 2377 legem
1605 2349 1661 2371 tulit

1555 2380 1620 2409 adsui
1627 2388 1666 2404 ‚m-
