2075 2734
380 108 470 134 ¹3²-
672 90 1489 131 AuriQurrATuiiRoMAnAnum
1530 91 1657 128 ιη.Πρ

701 151 773 173 idere
787 149 859 177 Dea,
880 152 1016 182 nomenque
1029 140 1088 171 Ioci,
1107 150 1149 168 ceu
1163 150 1256 169 numen
1268 139 1372 168 habetur
1381 161 1391 173 ,

703 187 796 222 Atque
810 181 896 213 Urbis.
918 180 1064 219 Veneri-{qim
1072 178 1131 213 pari
1137 179 1166 213 fi
1179 177 1285 206 culmine
1299 179 1391 206 tollunt

700 221 818 254 Templa,
830 218 913 255 simul
917 218 1027 257 geminis
1041 216 1172 246 adolentur
1185 217 1261 244 thura
1274 215 1382 244 Deabus.

417 262 479 288 Hoc
493 257 627 295 templum
641 260 710 287 inter
723 258 860 295 singularia
875 260 901 286 &
915 257 1094 285 admiratione
1109 256 1189 292 digna
1202 254 1260 283 loca
1273 261 1397 283 numerat
1410 254 1584 283 Marcellinus.
1614 256 1658 284 De
1673 258 1763 284 Venere
1776 257 1882 287 custode
1895 259 1956 288 hor.

376 305 437 326 eoru
447 308 466 324 n
481 297 694 325 Sallustianorum
703 317 710 328 ‚
732 295 796 323 nihil
810 305 876 333 opus
891 296 927 323 est
940 295 1036 323 dicere.
1240 326 1243 329 .

417 338 443 362 V
453 346 459 363 1
471 345 510 362 cr
522 347 535 362 n
548 346 554 362 1
566 345 580 361 x
603 338 627 361 V
637 345 650 362 Ε
660 346 676 361 N
685 343 703 360 υ
712 346 723 361 s
740 333 754 360 ἐι
768 333 887 361 vincendo
902 333 971 361 dieta
986 333 1022 360 est
1036 353 1043 364 ‚
1066 333 1109 359 cui
1123 331 1209 358 :edem
1223 331 1355 359 dedicavit
1371 333 1500 366 Pompejus
1512 331 1596 360 altero
1610 331 1744 372 coublatu
1759 353 1767 365 ‚
1797 334 1874 362 editis
1887 334 1957 363 cele-

378 374 500 401 beri-imis
522 375 547 400 ἃ
567 371 795 408 sumptuosissimis
814 371 891 399 ludis.
919 371 1067 398 Plutarchus
1082 370 1110 397 in
1130 369 1187 404 ejus
1200 370 1262 397 vita.
1289 368 1387 396 Plinius
1401 369 1447 398 lib.
1461 372 1485 399 8.
1513 369 1627 399 {fictricis
1637 370 1736 400 Veneris
1751 372 1844 409 imago
1857 372 1915 400 talis
1928 374 1956 401 in

380 411 499 439 nummis
514 410 627 445 antiquis
643 411 767 437 cernitur.
794 411 832 438 Ut
847 410 939 437 videre
951 410 988 437 est
1003 410 1030 436 in
1045 407 1134 435 fronte
1148 406 1194 435 lib.
1210 417 1234 434 2.
1248 415 1313 435 nota
1329 408 1360 435 L.

416 452 440 476 V
452 456 465 474 ε
475 458 492 474 Ν
502 456 516 474 Ε
526 458 541 474 R
550 455 558 473 ι
568 458 580 473 s
602 448 627 474 G
637 455 652 473 ε
662 458 678 474 N
691 458 698 475 1
709 458 725 474 τ
734 456 832 475 R1C18
853 447 988 484 templum
1007 453 1070 474 ante
1089 454 1207 482 pugnam
1224 444 1397 472 Pharsalicam
1412 447 1489 474 vovit
1503 467 1511 478 ‚
1539 448 1566 474 &
1579 448 1680 483 Potitus
1695 447 1806 475 viCtoria
1819 468 1826 479 ,
1852 448 1880 474 in
1896 447 1956 476 foro

377 486 423 513 suo
441 484 528 521 posuit
549 486 626 517 Cujus
644 484 728 517 Julius
742 484 841 517 Caeffin
861 487 922 523 quia
933 485 964 512 ab
979 484 1050 517 sula,
1073 485 1162 511 AEneae
1176 483 1243 514 filio,
1266 483 1379 510 Veneris
1393 491 1506 518 nepote,
1526 492 1609 521 genus
1623 486 1720 513 ducere
1734 486 1820 513 videri
1834 485 1955 518 volebat,

377 525 453 560 eique
468 522 549 558 spolia
565 522 599 548 de
612 521 728 550 hostibus
743 523 889 555 dedicavit,
909 531 938 550 ut
953 522 1092 550 thoracem
1108 522 1141 548 de
1157 521 1306 557 margaritis
1317 521 1480 549 Britannicis.
1502 522 1536 548 Et
1545 523 1571 549 in
1580 532 1613 549 eo
1622 523 1729 550 statuam
1740 522 1827 559 posuit
1834 524 1956 551 nondum

376 561 455 598 plene
468 561 500 587 ab
514 559 616 587 artifice
630 560 776 589 ablblutam
785 581 791 592 ‚
813 562 873 597 quia
889 561 1005 589 dedicari
1019 560 1104 587 aedem
1120 558 1283 586 festinabant.
1310 559 1341 585 In
1354 558 1406 586 hoc
1419 558 1560 586 collocavit
1573 559 1694 586 odim-ius
1707 559 1831 598 Augustus
1844 561 1955 588 statuam

379 608 480 626 aeneam
496 596 589 624 Caesari
604 599 677 626 Divo
690 608 753 626 cum
768 598 839 626 stella
849 598 1036 634 crinitasupra
1050 604 1129 632 caput
1143 596 1219 632 ipfius
1233 596 1366 632 fulgente,
1388 598 1449 634 quia
1463 595 1595 632 ejusmodi
1610 598 1667 633 post
1681 607 1802 628 mortem
1819 598 1875 634 ejus
1885 599 1955 627 stella

378 636 430 664 visa
444 637 488 663 est.
508 635 617 671 Templi
631 636 709 672 hujus
725 637 851 664 meminit
864 636 914 664 Dio
928 636 1026 672 lib.43.
1046 634 1173 668 Appianas
1187 634 1231 661 lib.
1242 644 1266 661 2.
1279 635 1313 661 dc
1328 634 1390 661 Bell.
1406 633 1476 662 civil.

417 676 457 710 Jo
468 684 482 701 v
493 684 499 701 1
510 684 522 700 s
539 673 621 700 etiam
635 674 737 701 Ultoris
751 674 886 711 templum
900 675 972 710 prius
987 673 1085 699 Veneris
1100 674 1125 700 St
1140 673 1235 699 Manu
1249 672 1353 699 dietum
1369 672 1444 699 fuisse
1458 671 1506 699 Dio
1522 671 1620 700 scribit.

418 715 443 739 V
455 722 467 739 Ε
476 722 492 739 N
503 719 518 737 Ε
527 719 544 737 R
558 720 567 737 1
580 722 592 738 s
614 712 639 738 C
648 722 663 738 A
674 721 688 738 Ρ
701 722 710 739 1
722 722 738 738 T
749 721 764 737 o
775 722 790 739 L
805 722 842 740 LN
852 722 876 739 AE
892 713 919 739 in
934 710 1054 748 Caligula
1069 712 1095 737 δε
1109 709 1194 737 Galba
1209 710 1335 738 meminit
1347 709 1489 737 Suetonius.

420 751 440 776 P
449 760 464 776 L
475 760 491 776 A
502 759 517 775 c
530 759 539 776 1
551 758 602 775 ΒΑΕ
623 750 705 776 etiam
728 751 752 778 V
762 759 777 777 Ε
787 761 803 777 N
815 761 829 778 Ε
838 761 854 778 R
867 760 875 777 1
888 762 900 778 s
915 749 1022 777 aedicula
1037 748 1088 775 fuit
1103 748 1129 773 in
1144 749 1254 785 regione
1268 757 1293 774 v.

421 790 544 853 VZNER
560 796 569 813 1
601 787 734 816 adduntur
759 789 832 816 Cur
846 798 854 815 1
866 798 910 816 no
924 808 933 821 ‚
958 790 985 818 ὃς,
1011 788 1113 815 Anos-
1128 795 1137 813 1
1149 797 1160 814 s
1188 788 1215 816 ἃ
1241 788 1346 814 GRAT
1359 797 1405 814 ΗΕ
1419 807 1427 818 ,
1453 786 1487 814 de
1512 786 1606 824 quibus
1632 788 1719 823 paucis
1745 787 1832 816 verbis
1859 789 1957 828 aliquid

381 834 463 854 mone
483 834 509 853 ο.

1004 897 1337 924 CUPIDO.

423 967 474 994 Cu
483 976 495 993 τ’
510 976 519 993 r
530 976 548 994 n
561 977 571 994 r
582 977 599 995 r:
608 975 624 995 Ε
633 977 654 996 M
663 989 670 1000 ,
691 968 776 1006 inquit
789 967 905 999 Sem-ius,
926 966 1014 994 Latini
1028 972 1140 996 vocant,
1161 974 1193 992 eo
1207 964 1280 1000 quod
1295 963 1373 992 faciat
1385 973 1523 992 amorem:
1537 964 1673 992 interdum
1688 965 1769 993 etiam
1778 986 1784 997 ‚
1800 975 1878 993 more
1885 969 1958 996 Grac-

383 1015 432 1036 co,
452 1009 576 1032 Amorem
596 1006 680 1042 ipsum
703 1007 842 1043 appellant.
868 1006 951 1033 cicero
966 1004 1011 1032 lib.
1028 1014 1051 1040 3.
1066 1005 1099 1031 dc
1116 1004 1218 1029 Natura
1232 1003 1369 1034 Deorum,
1390 1008 1443 1030 tres
1457 1001 1591 1036 Cupidines
1605 1011 1759 1034 enumerat,
1777 1012 1893 1040 quorum
1902 1006 1959 1041 pri-

381 1053 453 1074 mus,
474 1043 573 1079 inquit,
596 1046 730 1072 Mercurio
745 1048 770 1073 ἃ
786 1047 871 1072 Diana
885 1043 973 1079 prima
987 1048 1062 1068 natus
1074 1041 1185 1069 dicitur:
1197 1040 1336 1074 fteundus,
1358 1041 1494 1067 Mercurio
1509 1042 1535 1068 ἃ
1545 1043 1651 1068 Venere
1658 1040 1782 1068 secunda:
1802 1041 1893 1069 tertius
1902 1046 1960 1081 qui.

383 1081 447 1108 dem
461 1081 496 1108 est
511 1083 635 1112 Anteros,
657 1084 745 1110 Marte
759 1086 785 1111 ὃς
800 1086 906 1110 Venere
919 1081 996 1108 tertia
1009 1079 1122 1116 genitus.
1145 1077 1247 1104 Servius
1261 1078 1364 1105 AEneid.
1380 1086 1403 1105 1.
1417 1077 1506 1106 scribit
1518 1098 1526 1110 ‚
1545 1079 1715 1106 Simonidem
1730 1079 1835 1111 dicere,
1855 1082 1960 1116 Cupidi.

384 1128 442 1146 wem
458 1128 489 1146 ex
504 1120 610 1146 Venere
624 1128 727 1148 rantum
745 1121 795 1148 effe
808 1120 994 1157 progenitum:
1015 1118 1079 1144 alios
1093 1116 1196 1144 tradere
1211 1125 1243 1143 ex
1258 1118 1364 1143 Venere
1380 1118 1406 1144 ὃς
1421 1118 1520 1143 Marte:
1541 1116 1605 1143 alios
1619 1126 1650 1144 ex
1665 1120 1772 1144 Venere
1788 1118 1959 1148 &Vulcanoa

384 1156 449 1184 alios
465 1155 547 1186 Chai,
570 1158 595 1183 ἃ
609 1159 703 1194 primae
717 1168 809 1186 rerum
823 1166 922 1185 naturae
937 1156 1022 1183 filium
1036 1163 1099 1181 eum
1111 1153 1205 1180 facere.
1225 1154 1278 1181 Hic
1293 1153 1467 1190 effingebatur
1481 1162 1546 1189 puer
1561 1155 1659 1185 nudus,
1675 1155 1770 1186 alatus,
1785 1165 1877 1183 arcum
1887 1161 1913 1186 ὅτ,
1921 1159 1959 1187 sa.

382 1195 463 1230 gittas
477 1193 592 1229 gestans:
609 1204 658 1231 qua
673 1196 706 1222 de
721 1205 749 1222 re
763 1195 797 1223 sic
809 1194 927 1221 Servius:
943 1194 1013 1227 Qiia
1026 1190 1196 1225 turpitudinis
1212 1191 1248 1217 est
1261 1190 1336 1216 stulta
1349 1192 1494 1226 cupiditas,
1509 1199 1574 1225 puer
1587 1192 1718 1226 pingitur:
1734 1193 1816 1224 item,
1833 1196 1894 1228 quia
1907 1197 1958 1223 im-

382 1231 516 1267 perfedffls
538 1231 574 1257 est
588 1232 614 1258 in
629 1232 779 1260 amantibus
793 1232 896 1262 sermo,
916 1230 981 1257 ficut
994 1231 1021 1256 in
1036 1237 1128 1264 puero.
1155 1227 1246 1254 Alutus
1260 1234 1350 1255 autem
1365 1228 1441 1258 ideo,
1461 1228 1520 1263 quia
1535 1226 1601 1254 nihil
1614 1227 1764 1255 amantibus
1778 1228 1874 1262 levius,
1893 1232 1960 1260 nihil
1988 1232 1994 1234 ’

385 1267 536 1296 mutabilius
557 1269 700 1298 invenitur.
730 1269 841 1307 Sagittas
862 1278 925 1296 vero
939 1268 1042 1295 idcirco
1056 1265 1156 1302 gestare
1170 1265 1280 1295 dicitur,
1302 1263 1343 1292 vel
1357 1266 1418 1302 quia
1431 1273 1554 1291 amorem
1568 1266 1594 1292 &
1609 1264 1748 1292 libidinem
1763 1265 1878 1302 sequitur
1892 1279 1959 1307 pun-

382 1307 458 1333 &tura
473 1307 639 1342 poenitentiae
653 1310 679 1335 ἃ
695 1307 787 1338 dolor,
809 1306 851 1334 vel
865 1307 927 1343 quia
943 1307 969 1332 ὃς
984 1303 1044 1341 ipsae
1057 1305 1178 1331 incertae,
1198 1301 1353 1339 velocesque
1366 1303 1435 1331 lunt.
1455 1302 1589 1329 Haerenus
1600 1302 1652 1330 ille.
1672 1304 1714 1330 De
1726 1304 1844 1340 imagine
1858 1307 1960 1342 Cupidi-

383 1344 425 1374 δι’]
452 1345 585 1380 eleganter
610 1344 725 1372 luserunt
754 1342 895 1377 Propertius
923 1342 991 1370 libro
1013 1342 1102 1377 primo
1129 1339 1282 1377 Elegiarum
1297 1360 1303 1369 ‚
1330 1341 1456 1379 Marulla(
1469 1359 1476 1368 ,
1503 1339 1665 1379 Angerianus
1678 1360 1687 1371 ‚
1714 1341 1827 1368 Andreas
1846 1346 1960 1373 Alcimus

386 1382 557 1410 Emblemate
576 1383 722 1410 centesimo
741 1382 848 1409 decimo
868 1382 965 1413 tertio,
986 1383 1012 1409 ὃς
1031 1378 1089 1410 alii,
1110 1377 1143 1405 de
1163 1377 1257 1414 quibus
1279 1377 1339 1405 Vide
1359 1377 1499 1405 Claudmm
1518 1381 1632 1406 Mmoem
1645 1378 1855 1414 Divionenscm‚
1876 1383 1962 1411 Com-

386 1420 523 1448 mentariis
536 1421 563 1448 in
578 1420 672 1448 Alciati
687 1419 866 1447 Emblemata.
1955 1418 1962 1421 ⁴

1010 1489 1343 1515 ADONIS.

429 1562 450 1588 A
462 1571 480 1588 n
489 1570 505 1587 0
514 1571 531 1587 N
544 1570 553 1586 1
565 1569 577 1586 s
598 1560 624 1585 V
634 1566 674 1585 ΕΝ
684 1567 696 1585 Ε
705 1566 722 1584 R
736 1569 746 1585 1
757 1569 769 1586 s
787 1558 905 1586 minister
924 1556 974 1584 csse
996 1556 1119 1593 fingitur,
1141 1556 1205 1584 teste
1219 1554 1321 1587 Servio,
1344 1556 1389 1593 qui
1403 1556 1439 1584 ait
1454 1561 1556 1583 veteres
1570 1554 1673 1592 fingulis
1687 1557 1745 1584 Diis
1761 1556 1901 1587 inferiores
1913 1565 1961 1596 po-

386 1598 493 1627 testates
514 1596 646 1624 ministros
659 1596 797 1627 addidisse,
817 1604 847 1624 ut
859 1594 947 1623 Veneri
963 1595 1085 1626 Adonin,
1106 1593 1194 1622 Diam
1209 1594 1350 1625 Virbium‚
1373 1596 1423 1623 &c.
1443 1594 1496 1621 Hic
1510 1594 1610 1620 Adanu
1624 1595 1735 1630 Cynarae
1749 1596 1831 1632 Regis
1844 1598 1960 1635 Cyprio-

387 1645 449 1663 rum
459 1656 465 1666 ,
486 1636 541 1670 ejus
562 1641 627 1661 natae
650 1633 768 1670 Myrrhae
781 1633 846 1662 filius
861 1634 919 1662 fuit.
956 1634 1067 1660 Nomen
1082 1632 1161 1660 habet
1175 1638 1219 1660 xm*
1229 1638 1258 1662 τῖς
1270 1639 1329 1668 ᾅδειν
1341 1636 1391 1662 τοῖς
1402 1637 1534 1667 disp-nimie,
1555 1632 1583 1659 id
1597 1632 1648 1661 est,
1662 1631 1694 1658 ab
1709 1641 1742 1659 eo
1758 1634 1829 1670 quod
1842 1634 1960 1663 homini-

386 1673 435 1700 bus
450 1681 539 1704 canat,
558 1671 702 1698 secundum
717 1671 892 1699 Phurnutum.
912 1670 1026 1708 Hyginus
1039 1670 1128 1698 scribit
1142 1672 1169 1697 in
1184 1671 1374 1698 Astronomico
1387 1671 1513 1701 Ροὲτίςο,
1533 1673 1669 1697 Venerem
1683 1679 1746 1697 cum
1761 1671 1916 1709 Proserpina
1928 1674 1962 1702 ad

387 1711 517 1747 judicium
531 1710 606 1748 Juvis
621 1709 731 1741 veniffe,
752 1710 793 1737 cui
807 1719 898 1736 earum
913 1709 1012 1736 Adonin
1026 1709 1199 1739 concederet,
1221 1708 1308 1745 eisque
1321 1708 1448 1744 Calliopen
1462 1709 1475 1735 εἰ
1488 1710 1558 1745 Jove
1571 1708 1661 1735 datam
1673 1707 1806 1743 judicem,
1828 1719 1885 1747 quae
1899 1713 1961 1740 Mu-

387 1748 413 1776 lli
429 1748 529 1785 Orphei
545 1755 630 1774 mater
644 1746 702 1774 fuit.
725 1747 817 1784 Itaque
831 1746 955 1780 Calliopen
967 1747 1106 1783 judicasse,
1126 1747 1166 1774 uti
1179 1746 1319 1774 dimidiam
1334 1754 1438 1783 partem
1453 1747 1513 1774 anni
1530 1755 1620 1773 earum
1634 1754 1797 1783 unaquaeque
1810 1748 1960 1783 possideret.

390 1791 400 1810 1
407 1790 505 1812 'etserem
519 1794 608 1813 autem
621 1785 802 1820 indignatam,
823 1785 896 1821 quod
911 1794 966 1812 non
980 1784 1026 1811 fibi
1040 1785 1179 1821 proprium
1196 1785 1371 1815 concessisset,
1392 1783 1516 1820 objecifl'e
1529 1783 1679 1813 omnibus‚·
1691 1792 1748 1820 quae
1762 1784 1789 1811 in
1803 1784 1916 1813 Thracia
1923 1786 1961 1813 ef—

390 1823 445 1851 sent
461 1823 613 1851 mulieribus
629 1822 770 1858 Orpheum
784 1843 791 1853 ,
817 1830 847 1850 ut
862 1822 908 1849 sibi
924 1832 1033 1859 quaeque
1045 1830 1182 1858 appeteret
1196 1843 1203 1854 ‚
1232 1822 1407 1858 membraque
1422 1822 1478 1858 ejus
1490 1819 1658 1857 discerperet.
1684 1823 1749 1849 Haec
1761 1821 1810 1849 ille.
1837 1822 1913 1852 Plura
1926 1824 1961 1852 de

390 1862 509 1890 Adomde
522 1871 576 1889 non
591 1861 695 1888 addam.
716 1861 852 1898 Legamus·
864 1859 970 1888 ovidius
984 1862 1097 1889 Metam.
1115 1860 1241 1899 Hyginus,
1263 1859 1424 1897 Fulgentius,
1445 1861 1471 1888 δε
1483 1858 1537 1885 alii.

1005 1938 1349 1964 GRATIAE.

432 2009 455 2033 V
466 2014 505 2033 EN
515 2015 553 2033 tn
568 2017 576 2034 1
599 2008 650 2034 Gn
662 2016 702 2034 Ατ
715 2016 725 2034 1
738 2015 752 2034 Α
762 2018 774 2036 s
798 2008 879 2037 etiam
899 2007 1012 2038 addunt,
1035 2015 1098 2043 quas
1118 2007 1203 2034 Graeci
1223 2005 1339 2033 Charites
1358 2004 1498 2042 appellant.
1537 2005 1591 2032 Has
1606 2004 1714 2040 quidam
1728 2003 1797 2036 Jow's
1813 2006 1839 2033 δε
1851 2009 1958 2045 Eurym.

395 2053 459 2074 mes,
480 2043 522 2070 vel
535 2046 701 2081 Eurymedufie
710 2065 717 2075 ,
736 2045 778 2073 alii
792 2047 919 2084 junonis,
942 2045 985 2072 alii
1000 2044 1090 2071 Liberi
1103 2045 1184 2081 patris
1198 2048 1225 2074 ἃ
1239 2045 1351 2072 Veneris
1365 2044 1428 2071 filias
1441 2043 1493 2071 effe
1506 2042 1683 2074 tradideiunt,
1704 2044 1737 2071 de
1751 2042 1844 2078 quibus
1852 2052 1958 2073 tantum

396 2092 440 2110 ea,
460 2090 515 2116 qure
530 2082 597 2116 apud
611 2082 876 2120 Servium-leguntur,
897 2082 1053 2111 adscribam.
1074 2081 1212 2114 Acidalia,
1232 2083 1332 2119 inquit,
1351 2085 1433 2109 Venus
1447 2081 1558 2112 dicitur,
1577 2081 1620 2107 vel
1634 2082 1693 2117 quia
1706 2090 1780 2109 curas
1794 2081 1895 2116 injicit,
1916 2082 1958 2110 vel

394 2118 408 2146 ii
425 2118 498 2144 fonte
510 2117 636 2149 Acidalia,
657 2120 701 2156 qui
716 2120 751 2146 est
765 2123 791 2147 in
805 2121 981 2148 Orchomeno
997 2121 1107 2148 Boeotiae
1121 2121 1242 2152 civitate,
1260 2121 1287 2147 in
1301 2130 1356 2157 quo
1362 2119 1387 2146 se
1395 2119 1600 2149 Gratiaelavant‚
1621 2127 1684 2154 quas
1694 2120 1793 2146 Veneri
1801 2120 1901 2148 constat
1908 2121 1959 2148 esse

394 2157 511 2183 lacratas.
532 2155 609 2191 Iplius
624 2157 696 2184 enim
711 2159 738 2184 δί
754 2158 843 2185 Liberi
857 2159 913 2186 filice
926 2158 1000 2190 sunt,
1020 2168 1069 2186 nec
1082 2159 1233 2186 immerito:
1254 2158 1347 2184 Gratia
1361 2158 1433 2185 enim
1448 2166 1494 2193 per
1507 2155 1605 2183 horum
1619 2156 1674 2183 fere
1687 2158 1830 2185 numinum
1847 2167 1957 2186 munem

395 2192 577 2222 conciliantur.
598 2193 661 2219 Ideo
674 2201 763 2221 autem
776 2195 850 2222 nudae
865 2195 922 2224 sunt
936 2196 1009 2233 quod
1022 2195 1114 2223 Gratia
1128 2196 1180 2223 fine
1195 2196 1257 2223 fuco
1271 2195 1322 2223 esse
1334 2195 1446 2223 debent:
1466 2194 1528 2221 idco
1542 2203 1668 2221 connexae
1677 2216 1683 2226 ,
1698 2196 1758 2232 quia
1770 2195 1959 2223 indiffolubiles

392 2231 500 2259 Gratias
514 2229 567 2269 effe
579 2229 663 2257 decet.
684 2232 765 2266 Qod
781 2241 844 2259 vero
858 2242 908 2259 una
920 2234 1008 2261 aversa
1022 2235 1154 2271 pingitur,
1173 2234 1230 2261 duae
1238 2243 1285 2261 nos
1293 2232 1473 2270 respicientes,
1494 2232 1549 2260 haec
1555 2233 1623 2259 ratio
1631 2232 1678 2259 est:
1695 2234 1754 2271 quia
1762 2232 1956 2269 profecfitaano-

368 2296 374 2304 ,
389 2270 427 2296 bis
448 2273 554 2308 Gratia,
574 2267 668 2303 duplex
691 2268 755 2295 soler
775 2271 880 2297 reverti.
916 2272 1048 2299 HaCtenus
1062 2271 1166 2299 Servius
1181 2272 1286 2299 AEneid.
1303 2281 1323 2298 1.
1349 2274 1409 2299 Huc
1423 2269 1492 2298 refer
1508 2270 1650 2297 Emblema
1662 2272 1768 2298 Andrean
1781 2268 1879 2298 Alcian
1897 2274 1956 2299 162.

388 2308 422 2334 de
435 2306 546 2337 Gratiis,
567 2307 593 2334 ὃς,
608 2314 664 2342 quae
677 2306 708 2334 ad
724 2306 750 2332 id
764 2315 960 2336 commentatus
976 2310 1011 2336 est
1024 2309 1149 2337 Claudius
1160 2309 1244 2337 Minos
1257 2308 1431 2338 Divionenfis.
1471 2310 1591 2339 Tantum
1605 2309 1639 2336 de
1654 2311 1759 2338 Venere
1772 2329 1781 2341 ,
1801 2310 1829 2337 &
1841 2307 1896 2343 ejus
1910 2318 1956 2337 co-

386 2344 505 2373 mitibus.

1912 2384 1957 2412 An
