2075 2734
366 111 410 140 Dr.
426 112 588 141 Pam-*zero
608 111 746 142 AEorrri,
767 108 934 138 Piraei-:cris
954 110 1231 146 Praete-ruiturum}
1253 112 1306 144 &cl
1347 117 1371 144 C
1379 115 1429 146 ΑΡῙ
1447 120 1491 155 46.
1670 136 1725 166 537

142 170 170 199 δε
186 174 276 206 togam
293 169 450 202 praetextam
466 165 612 193 habuerint.
651 162 756 191 Deinde
775 162 847 203 quod
861 162 954 190 urbani
961 165 1008 197 με
1020 174 1069 190 non
1082 164 1214 193 dixerint:
1234 169 1409 203 provinciales
1422 178 1513 200 autem
1527 172 1587 209 jure
1600 176 1718 208 dicundo

141 212 286 235 conventus
306 204 521 235 circumiverim,
541 209 571 231 ut
584 201 673 229 scribit
684 205 835 229 Suetamm,
858 202 885 228 &
900 209 1062 237 quaecunque
1075 204 1215 232 commiffa
1229 207 1328 241 populo
1344 209 1471 237 Romano
1484 212 1583 248 essent,
1604 218 1715 253 exqujfi-

141 245 244 275 verint,
269 242 355 278 deque
368 241 399 268 iis
411 241 513 277 judices
527 250 557 268 ac
571 245 767 274 recuperatores
777 238 906 280 ‘dederint‘
916 258 923 269 ,
950 240 1183 275 quemadmodum
1199 243 1320 272 videmus
1332 244 1360 275 in
1373 248 1539 276 Divinatione
1550 270 1558 280 ,
1580 254 1716 291 QCaeci„

138 282 205 310 lium
216 279 310 309 Verris
324 279 478 315 quaestorem
495 279 522 305 in
536 278 688 314 Agonidem
697 276 834 312 judicium
846 275 954 303 dedisse.
1633 316 1636 317 V

178 320 264 348 Porro
279 317 310 346 ad
318 315 487 355 proquastores
499 316 568 352 quod
585 315 678 343 attinet
693 335 699 345 ,
725 323 787 354 nam
802 316 828 342 &
843 313 877 340 de
888 312 929 340 his
944 324 988 344 me
1005 315 1140 344 didfflrum
1154 318 1252 354 aliquid
1267 321 1376 356 promisi
1388 344 1395 354 ,
1416 323 1451 352 fic
1465 325 1586 362 appellati
1599 328 1661 357 sunt
1678 331 1711 362 ii,

139 358 187 394 qui
206 363 317 384 mortuo
333 354 456 391 quaestore
470 352 570 389 praefidi
583 351 628 388 ipfi
641 350 761 391 quaestam
776 351 838 379 loco
851 351 902 378 effe
913 361 1071 394 eoeperunt,
1092 355 1159 382 item
1180 357 1239 393 qui,
1260 360 1403 394 quaestore,
1424 372 1479 391 non
1499 365 1639 400 expeffiato
1657 367 1713 396 suc-

140 395 239 423 cessore
251 414 259 425 ‚
284 392 428 421 decedente
440 390 583 427 provinciae
596 389 673 426 ipsius
687 391 788 417 interea
801 388 919 426 praefefih
933 388 1001 418 sunt.
1040 393 1077 418 Hi
1092 402 1157 420 vero
1170 395 1335 430 provinciam
1352 398 1424 426 suam
1438 411 1493 429 non
1508 402 1521 428 ’ἐι
1534 402 1622 432 senatu
1636 425 1643 437 ,
1669 414 1713 434 aut

137 432 255 469 populo,
275 432 314 460 uti
333 427 468 468 quaestores,
489 437 583 457 verum
603 428 636 455 ab
656 427 713 464 ipso
728 435 909 464 propraetore,
931 427 972 454 vel
989 429 1162 469 proconsule,
1184 440 1341 468 acceperunt
1353 457 1362 467 ‚
1384 438 1496 476 ideoque
1516 439 1635 470 inferiori
1653 453 1712 480 gra-

138 471 175 498 du
200 470 314 498 fuerunt.
349 466 481 504 *Legimus
505 467 587 494 etiam
614 465 781 503 praesentibus
807 474 1000 502 nonnunquam
1019 466 1194 505 quaestorrbus‚
1219 476 1310 499 tamen
1329 474 1411 502 etiam
1427 477 1595 516 proquifiom
1615 479 1689 509 fuist
1702 503 1710 514 ι

135 507 180 537 sed
197 517 265 538 raro.

783 583 807 610 C
835 592 850 610 Α
878 593 902 610 ι’.
944 583 1066 611 XLVI.

240 653 295 689 De
309 651 444 701 praefeffo
462 653 623 703 2AEgypti‚
635 651 791 708 'praefeflis
802 652 1062 701 prafeffurarum,
1090 653 1302 699 Confitlaribus
1318 665 1461 703 quatuor,
1487 664 1539 707 qui
1546 674 1601 711 per

560 701 692 744 Italiam
698 703 754 748 jus
770 700 903 735 dicerent
914 726 925 745 ,
953 710 1000 735 (φ’
1007 700 1158 748 juridicis
1172 703 1282 737 Italia.

129 785 270 849 Praejbffi
290 787 450 817 vocabulum
470 788 522 817 late
541 793 623 824 patet.
662 787 736 814 Nam
749 789 777 816 δε
796 788 823 815 in
842 795 871 815 re
886 787 994 816 militari
1009 797 1121 825 magnus
1135 788 1191 823 ejus
1204 789 1263 818 usus
1275 791 1312 818 est
1325 811 1332 822 ‚
1359 792 1385 819 ἃ
1399 791 1426 819 in
1440 791 1492 821 hoc
1506 795 1539 822 de
1548 798 1709 829 provinciali.

200 826 245 853 hm
258 825 444 864 magistratibus
457 826 519 855 loco
533 826 602 853 varie
616 823 762 860 usurpatur.
802 825 898 854 Scribit
911 827 984 854 enim
999 825 1048 853 Dio
1058 845 1064 855 .
1093 826 1238 856 Oetavium
1253 828 1401 866 Augustum
1415 850 1422 861 ‚
1444 840 1489 858 eos
1502 843 1597 862 omnes
1612 857 1620 867 ,
1640 847 1707 874 quos

130 864 275 898 provinciis
295 872 367 892 extra
387 864 490 892 Italiam
507 864 559 892 fitis
572 862 763 900 praeposuisset,
779 862 901 898 prasecst'os
915 864 1058 899 appellasse.
1100 866 1202 893 Verum
1217 876 1280 894 cum
1295 877 1389 895 eorum
1405 868 1499 896 eadem
1516 880 1574 908 quae
1583 882 1709 907 propiata-

130 909 191 928 mm
211 902 238 929 in
252 902 357 930 Caefiiris
371 903 521 938 provincias
533 901 671 928 mistorum
685 902 753 929 ratio
768 900 847 928 fuerit
860 922 867 932 ,
892 901 957 929 nihil
971 903 1003 930 de
1017 902 1045 928 iis
1059 901 1102 930 hic
1115 902 1202 930 dicam
1216 925 1223 936 ‚
1251 904 1294 932 sed
1309 913 1414 933 tantum
1430 907 1464 933 de
1472 909 1580 944 praejeffo
1596 911 1710 948 AEgypsi,

129 945 214 973 pauca
224 939 354 972 monebo,
385 941 515 976 Prajei‘lus
527 938 635 976 AEgypti,
656 939 701 977 qui
714 942 741 967 &
757 937 904 976 Augustam
916 940 1002 968 divitus
1015 940 1066 970 est,
1085 939 1117 967 ab
1131 941 1241 980 Augusto
1254 944 1374 980 primum
1389 942 1438 973 fuit
1453 946 1584 975 institutus
1594 969 1601 979 ,
1622 953 1648 977 ὃς
1663 952 1711 978 AE-

130 983 217 1012 gypto
227 997 234 1008 ,
260 986 341 1014 quam
362 977 470 1005 Antonio
492 980 518 1006 δε
534 978 668 1011 cfeopatm
685 977 760 1005 vietis
775 978 803 1005 in
816 978 959 1013 provincia:
973 978 1091 1006 formam
1106 979 1243 1017 redegerat
1257 1001 1266 1012 ,
1292 981 1453 1017 praepositus,
1493 985 1617 1013 Diversus
1633 986 1711 1016 fuiti

128 1012 290 1051 reliquarum
304 1017 502 1052 provinciarum
516 1015 675 1047 rectoribus,
696 1016 768 1052 quod
788 1014 987 1050 ΠοηῙεηηιω-ίί.
1005 1023 1033 1044 ut
1048 1015 1098 1047 illi,
1118 1015 1162 1044 sed
1175 1017 1292 1056 equestris*
1306 1018 1400 1046 ordinis
1412 1019 1499 1049 fiaerit.
1541 1025 1711 1054 Senatoribus

129 1051 202 1079 enim
219 1062 278 1080 eam
298 1054 462 1089 provinciam
485 1052 618 1091 Augustus
635 1054 827 1085 committere,
848 1061 878 1082 ut
895 1053 945 1081 Dio
961 1053 1006 1082 lib.
1022 1065 1065 1091 5¹·
1081 1055 1177 1088 docet,
1197 1056 1299 1087 noluit,
1320 1058 1434 1090 veritus,
1454 1069 1488 1087 ne
1507 1060 1524 1088 fi
1539 1061 1709 1092 violentiores

120 1089 249 1124 finatores
261 1090 371 1130 prafides
385 1092 460 1120 nacta
475 1092 551 1123 esset,
572 1091 739 1119 occationem
753 1101 844 1119 rerum
860 1092 1045 1120 novandarum
1061 1091 1176 1121 afferret.
1217 1095 1290 1130 Quin
1303 1095 1384 1123 etiam
1396 1117 1403 1127 ,
1425 1105 1454 1125 ut
1467 1099 1539 1126 idem
1555 1101 1606 1132 ait,
1628 1102 1710 1136 profi-

127 1126 241 1156 ciscendi
258 1129 285 1156 in
301 1132 448 1166 AEgyptum
463 1130 635 1167 potestatem,
654 1130 702 1158 nisi
716 1129 770 1165 ipse
786 1130 948 1157 nominatim
962 1130 1037 1158 alicui
1051 1131 1221 1166 permififfet‚
1241 1133 1366 1160 omnibus
1381 1134 1491 1164 ademit.
1524 1138 1642 1170 Primus,
1663 1141 1709 1176 qui

130 1165 154 1192 ei
168 1166 272 1201 praefuit
282 1167 329 1194 sub
343 1168 460 1203 praef'ed‘ti
477 1169 588 1195 nomine
602 1166 731 1196 Corne-lim
746 1167 834 1195 Gallus
849 1167 899 1195 fuit
910 1188 917 1199 ,
938 1168 951 1195 a
964 1177 1017 1205 quo
1033 1168 1156 1205 deinceps
1171 1179 1281 1202 omnes,
1301 1172 1349 1207 qui
1364 1180 1423 1200 eam
1438 1176 1607 1209 provinciam
1621 1177 1708 1205 admi-

128 1204 269 1233 nistrarunt
279 1224 286 1234 ‚
306 1204 416 1240 presedit*
434 1206 492 1233 sunt
509 1205 638 1242 appellati.
679 1206 807 1233 Meminit
821 1215 915 1233 eorum
935 1205 1056 1240 Ulpianus
1071 1206 1098 1233 ff.
1112 1206 1190 1234 titulo
1204 1208 1238 1235 de
1244 1207 1356 1244 prafefi‘o
1371 1210 1503 1248 Augustali
1516 1231 1524 1242 ,
1551 1212 1591 1240 his
1605 1215 1707 1242 verbis:

128 1241 261 1276 PrafeHm
274 1242 373 1279 AEgypti
388 1253 442 1270 non
457 1245 528 1279 prius
541 1243 651 1280 deponit
660 1242 832 1279 prasedYuram
839 1262 848 1276 ,
869 1245 895 1271 &
910 1244 1053 1278 imperium
1063 1264 1071 1275 ,
1094 1245 1165 1280 quod
1180 1245 1212 1272 ad
1225 1245 1426 1275 fimilitudinem
1438 1250 1586 1284 proconficlis
1598 1250 1657 1288 lege
1671 1253 1708 1280 fa-

129 1277 174 1305 &a
191 1278 236 1315 sub
251 1281 369 1316 Augusto
382 1281 406 1307 ei
422 1281 514 1308 datum
529 1280 565 1307 est
578 1300 586 1311 ,
607 1289 688 1316 quam
704 1280 890 1308 Alexandriam
905 1280 1030 1316 ingreffus
1046 1281 1077 1309 fit
1089 1281 1218 1310 successor
1231 1283 1287 1319 ejus
1300 1304 1308 1315 ‚
1329 1283 1391 1312 licet
1406 1286 1433 1313 in
1446 1287 1613 1322 provinciam
1629 1299 1707 1319 vene-

127 1314 177 1346 rit,
198 1316 278 1381 &gula³
285 1317 312 1344 in
327 1319 456 1346 mandatis
468 1318 526 1355 ejus
540 1317 705 1350 continetur,
727 1321 778 1347 &c.
798 1318 910 1356 Reliqua
924 1317 977 1346 fere
990 1319 1083 1347 omnia
1095 1329 1158 1347 cum
1165 1320 1360 1357 proconficlibus.
1382 1322 1423 1351 vel
1429 1325 1614 1358 propraetoribus
1627 1337 1705 1357 com-

123 1360 218 1380 munia
249 1363 262 1381 a
282 1362 328 1382 uit.

162 1391 275 1427 Praseffl
288 1391 494 1428 prasediurarum
513 1393 667 1421 dicebantur
686 1395 725 1425 ii,
746 1394 791 1431 qui
810 1393 970 1429 praefecturis
990 1402 1138 1430 praeerant,
1160 1398 1185 1425 δε
1206 1398 1234 1425 in
1253 1397 1284 1425 iis
1301 1398 1343 1434 jus
1362 1399 1500 1428 dicebant:
1521 1404 1628 1438 proprie
1648 1405 1707 1441 qui-

123 1428 188 1455 dem
205 1428 369 1463 provinciales
387 1430 546 1468 magistrianos
565 1441 621 1458 non
640 1439 722 1459 erant.
764 1431 926 1459 Praefee‘mrx
951 1433 1024 1459 enim
1038 1453 1045 1464 ‚
1072 1434 1110 1461 uti
1130 1433 1216 1471 Festus
1234 1435 1315 1463 docet
1328 1456 1335 1467 ‚
1360 1437 1387 1463 in
1413 1438 1486 1465 Italia
1507 1440 1704 1476 appellabantur

123 1465 174 1494 illae
197 1467 292 1500 urbes,
319 1469 346 1495 in
365 1469 458 1505 quibus
478 1471 504 1496 ἃ
523 1469 565 1504 jus
585 1469 720 1497 dicebatur
738 1489 744 1500 ‚
779 1471 805 1497 δε
830 1470 953 1496 nundinae
972 1470 1117 1507 agebantur
1130 1492 1138 1504 ‚
1166 1474 1193 1500 ἃ,
1218 1481 1273 1500 crat
1292 1474 1411 1510 quaedam
1433 1485 1524 1503 earum
1543 1478 1705 1513 respublica:

125 1513 211 1541 neque
231 1513 320 1533 tamen
342 1507 505 1543 magistratus
523 1506 581 1534 tuos
600 1506 731 1533 habebant
744 1526 752 1537 ‚
780 1507 807 1533 in
827 1515 889 1542 quas
909 1507 1010 1544 legibus
1027 1508 1135 1543 praese&
1156 1510 1332 1538 mittebantur
1351 1515 1491 1547 quotannis
1504 1534 1512 1545 ,
1538 1516 1583 1550 qui
1603 1517 1645 1550 jus
1664 1518 1705 1544 di-

124 1550 226 1570 cerent.
267 1545 388 1580 Qarum
407 1553 504 1580 genera
523 1544 577 1571 duo
595 1542 685 1572 fuere:
707 1543 819 1570 alterum
834 1564 841 1574 ,
868 1545 895 1571 in
915 1554 977 1581 quas
998 1545 1115 1573 solebant
1134 1548 1173 1574 ire
1192 1547 1310 1583 praefeeti
1323 1568 1330 1579 ,
1352 1549 1443 1584 populi
1461 1550 1586 1587 suffiagio
1606 1555 1704 1582 creati:

124 1578 258 1613 alterum,
283 1583 310 1608 in
329 1590 390 1617 quas
410 1590 500 1616 pretor
518 1581 625 1609 urbanus
645 1583 786 1619 quotannis
803 1580 926 1617 prxfedi‘os
946 1583 1081 1610 mittebat.
1121 1585 1172 1612 Sed
1191 1585 1225 1612 de
1246 1584 1397 1620 praefi’cfiaris
1416 1587 1467 1616 alio
1488 1588 1549 1616 loco
1568 1589 1644 1626 plura
1662 1593 1703 1621 di-

123 1624 226 1645 cemus.

168 1655 314 1690 Conficlares
331 1664 443 1694 quatuor
456 1677 464 1689 ,
491 1659 535 1693 qui
552 1666 598 1693 per
619 1657 721 1685 Italiam
735 1658 777 1693 jus
789 1658 908 1686 dicerent
926 1657 958 1685 ab
975 1658 1141 1694 Imperatore
1155 1658 1268 1687 Adriano
1282 1661 1393 1690 instituti
1405 1662 1471 1690 sunt.
1511 1665 1582 1692 Cum
1596 1667 1669 1694 enim
1682 1670 1704 1696 is

128 1692 232 1720 Italiam
250 1695 276 1721 in
289 1704 400 1731 quatuor
415 1695 537 1732 regiones
550 1694 730 1726 distiibuiffm
749 1696 776 1721 in
792 1695 902 1732 singulas
911 1695 1032 1730 praesec'ios
1045 1696 1116 1724 misit
1129 1717 1136 1728 ,
1150 1697 1271 1733 potestate
1284 1698 1340 1726 fere
1346 1699 1528 1734 proconfidari,
1549 1703 1608 1739 qui,
1629 1707 1701 1741 quod

127 1732 200 1766 prius
214 1733 311 1759 Romae
325 1732 498 1760 Consulatum
511 1731 643 1769 gcffissent
656 1753 663 1764 ‚
689 1732 834 1767 Confisl'ares
848 1734 920 1761 dieti.
960 1732 1040 1760 AElt'us
1053 1734 1203 1768 Spartianus
1216 1737 1243 1763 in
1259 1737 1377 1763 Adriano
1393 1747 1398 1763 z
1425 1741 1543 1775 Quium·
1557 1744 1580 1766 C
1580 1742 1702 1775 onfidaress

127 1776 175 1804 per
193 1779 307 1797 omnem
326 1770 430 1797 Italiam
449 1771 548 1805 judices
562 1771 705 1798 constituit.
744 1769 838 1806 Jultus
852 1770 1007 1805 Capitolinus
1019 1771 1052 1799 de
1066 1774 1104 1800 M.
1122 1775 1261 1802 Antonino
1277 1775 1325 1801 Pio
1338 1785 1343 1801 z
1370 1774 1411 1802 Ab
1427 1776 1544 1804 Adriano
1558 1777 1627 1805 inter
1639 1789 1703 1817 qua-

127 1813 190 1834 tuor
204 1808 348 1842 Constaelares
357 1827 365 1837 ‚
384 1807 476 1844 quibus
490 1807 563 1834 ltalia
576 1808 798 1836 committebatur
808 1830 816 1840 ,
839 1808 934 1836 eleetos
948 1810 983 1836 est
997 1810 1029 1836 ad
1043 1819 1103 1837 eam
1118 1819 1222 1847 partem
1239 1811 1317 1840 Italiae
1330 1812 1476 1849 regendam
1489 1834 1495 1844 ,
1516 1814 1543 1842 in
1557 1824 1607 1852 qua
1620 1818 1703 1852 pluri-

128 1853 207 1872 mum
221 1845 375 1881 poffidebat.
415 1846 454 1873 Ex
474 1845 565 1881 quibus
579 1846 678 1874 constat
691 1845 836 1879 Consulares
849 1846 898 1874 hos
913 1854 1018 1875 tantum
1031 1847 1162 1883 judicium
1175 1849 1305 1881 habuiss'e,
1325 1850 1377 1877 hoc
1390 1851 1440 1882 est,
1456 1852 1609 1887 judicandis
1622 1855 1703 1885 Italo.

127 1891 190 1909 rum
213 1883 398 1911 controversiis
418 1891 560 1920 occupatos
574 1882 646 1911 fuisse
659 1904 666 1915 ,
692 1893 751 1911 rem
764 1893 828 1912 vero
845 1884 989 1913 militarem
1004 1895 1059 1913 non
1074 1888 1196 1924 attigiil'e.
1237 1888 1334 1923 Neque
1347 1888 1392 1916 diu
1406 1889 1464 1923 post
1477 1890 1626 1919 Adrianum
1644 1892 1700 1923 haec

127 1920 261 1948 ordinatio
276 1921 385 1953 mansit,
406 1921 432 1949 id
446 1921 517 1958 quod
530 1921 637 1949 testatur
652 1921 785 1956 Appianas
796 1922 842 1950 lib.
857 1934 878 1950 ι.
892 1924 925 1950 de
938 1922 1010 1950 bellis
1022 1923 1154 1955 civilibus,
1175 1934 1238 1952 cum
1252 1925 1280 1951 in
1295 1924 1401 1953 historia
1412 1924 1469 1953 belli
1482 1927 1583 1966 Marsici
1597 1930 1632 1958 fic
1638 1931 1701 1960 scri-

126 1956 182 1985 bit:
203 1959 336 1995 Apparet,
356 1966 419 1986 tunc
437 1968 545 1996 quoque
564 1960 686 1997 regiones
702 1960 782 1987 Italiae
800 1961 947 1988 distributas
960 1960 1231 1994 fuiffeprocanfidibus,
1253 1970 1335 1998 quem
1350 1972 1457 1990 morem
1472 1965 1593 1994 imitatus
1605 1970 1700 1998 Adma-

125 2005 175 2022 και-
188 1996 352 2031 Imperator,
370 1998 508 2025 renovavit
520 1998 577 2033 post
589 2005 676 2025 aetates
687 1997 801 2033 aliquot,
822 2008 877 2026 non
890 1999 935 2025 diu
948 1998 1103 2025 duraturum
1117 1999 1174 2033 post
1188 2000 1244 2035 ejus
1259 1999 1374 2027 obitum.
1402 2003 1466 2029 Haec
1479 2003 1529 2030 ille.
1554 2005 1586 2033 ln
1599 2005 1697 2036 horum

128 2032 314 2061 Consularium
332 2034 421 2062 locum
441 2034 567 2069 juridicos
585 2034 665 2063 Italiae
683 2034 822 2071 praeposuit
836 2040 874 2062 Μ,
890 2039 988 2062 Antan.
1009 2034 1140 2069 Philosoph.
1152 2037 1262 2064 testante
1276 2035 1339 2072 Jul.
1352 2037 1439 2072 Capit.
1451 2039 1491 2068 his
1505 2042 1603 2071 verbis:
1623 2046 1699 2074 Datis

125 2071 246 2107 juridicis
260 2070 340 2098 Italiae
354 2071 496 2103 consuluit,
515 2074 547 2100 ad
561 2074 588 2101 id
601 2073 770 2111 exemplum,
790 2082 844 2111 quo
856 2072 985 2101 Adrianus
997 2073 1153 2103 Conlulares
1170 2075 1240 2114 viros
1255 2075 1365 2113 reddere
1377 2076 1436 2114 jura
1445 2087 1613 2118 praeceperat.
1638 2083 1697 2112 Plu.

126 2118 156 2149 ra
169 2109 203 2139 de
216 2109 247 2148 iis
259 2119 316 2140 non
329 2111 443 2140 memini
455 2120 502 2139 me
513 2110 611 2149 legere.
1605 2120 1608 2121 ’
1692 2118 1697 2122 ’
