2075 2734
445 86 496 116 DE
515 84 614 117 Μοῧο
640 87 884 116 com-nonum
912 85 1175 119 Coun-rorum:
1213 91 1295 123 Car}
1313 96 1342 131 7:
1633 110 1691 141 455

122 134 319 178 [gumcomitia
329 132 449 173 poterat,
478 138 550 175 quod
566 137 723 174 probatione
737 145 792 164 non
805 142 874 176 eget.
895 137 960 163 Haec
970 136 1004 163 de
1016 137 1169 166 discrimine
1183 139 1254 168 inter
1268 139 1377 175 auspicia
1391 141 1594 181 magistratuum
1607 149 1634 177 δε
1646 158 1693 178 au-

124 182 231 217 gurum.
273 176 454 203 Revertamur
465 175 503 202 ad
514 175 622 203 comitia.
663 175 805 213 Postquam
819 183 889 200 curm
901 174 1096 207 convenissent‚
1117 178 1145 204 δε
1159 176 1324 215 magistratus
1336 179 1387 212 illi,
1407 182 1452 218 qui
1466 182 1567 211 comitia
1580 185 1699 215 institue-

125 221 200 246 rant,
217 223 265 251 per
275 222 386 251 augures
399 212 523 250 auspicati
534 213 630 244 essent,
651 222 701 240 nec
715 211 859 249 quicquam
873 212 1073 247 impedimento
1088 214 1151 242 esset
1165 235 1172 245 ‚
1193 224 1246 252 quo
1261 217 1350 245 minus
1363 227 1392 246 ea
1407 227 1599 256 peragerentur
1613 234 1618 250 :
1638 232 1699 253 tum

123 251 233 290 rogatio,
254 252 287 279 de
299 261 350 289 qua
365 253 443 280 curiae
454 251 609 289 suffragium
624 249 715 278 laturae
729 257 818 280 erant,
839 248 946 290 publice
960 250 1134 290 recitabatur:
1155 261 1211 288 quae
1225 252 1269 281 ubi
1281 257 1390 284 recitata
1405 265 1461 285 erat
1476 278 1484 290 ‚
1503 259 1596 296 praeses
1611 264 1698 290 comi-

124 293 228 321 tiorum
241 288 322 317 curias
338 291 366 318 in
378 289 532 326 suffragium
546 288 687 320 mittebat,
708 287 748 316 his
761 288 861 315 verbis:
882 291 911 314 St
930 296 968 314 tm
987 287 1054 315 vobu
1073 288 1198 321 videtur-‚¹
1210 291 1339 329 Qimes,
1360 293 1476 328 dfiedire
1493 306 1521 322 m
1540 297 1638 330 curias,
1658 300 1700 333 &⁵

117 328 272 368 fiaffragium
285 327 348 357 inite
357 340 366 355 .·
384 327 455 364 quod
469 325 626 363 perspicitur
639 336 671 354 ex
685 326 815 364 Dionysio
830 324 1024 353 Halicarnaffeo
1038 326 1082 354 lib.
1097 336 1126 361 4.
1151 328 1177 354 Si
1192 337 1257 355 vero
1273 333 1368 367 rogatio
1388 342 1442 360 non
1457 334 1597 363 videbatur
1610 336 1700 366 futura

131 366 147 394 ὲ
161 377 191 395 re
200 366 292 403 populi
304 387 311 398 ‚
331 365 430 393 m'buni
443 363 528 400 plebis
545 364 746 392 intercedebant
760 385 767 396 ,
787 371 892 392 utentes
904 362 1002 391 solenni
1017 364 1099 392 verbo
1111 373 1167 391 veto
1178 374 1203 394 Γ
1210 366 1251 393 vel
1264 377 1388 396 vetamus.
1431 371 1512 409 Qod
1527 382 1590 401 cum
1606 374 1682 404 fieret

124 414 180 432 non
193 404 290 433 licebat
299 402 372 430 curiis
386 400 540 439 suffragium
553 402 636 434 ferre,
655 402 700 430 sed
713 401 812 429 comitia
827 401 868 429 vel
882 400 1102 441 dissolvebantur,
1122 402 1165 429 vel
1180 404 1206 430 in
1217 404 1297 431 alium
1315 407 1387 434 diem
1399 409 1612 444 proferebantur.
1640 396 1698 441 Ness

123 444 200 471 mine
212 450 302 470 autem
314 440 482 469 tribunorum
498 440 680 469 intercedente
694 461 702 473 ,
722 439 874 469 discedebat
885 438 1000 476 populus
1013 449 1041 466 m
1054 440 1135 466 curias
1148 460 1156 470 ‚
1183 442 1209 468 &t
1224 443 1257 469 de
1271 446 1412 480 rogatione
1426 448 1597 477 consultabat.
1638 451 1698 479 Post

122 481 228 518 fingulae
236 479 317 510 curia,
338 487 389 506 una
403 478 462 515 post
475 477 587 507 alteram
602 479 672 508 sorte
685 486 789 510 vocata,
809 478 932 509 exibant,
953 479 979 505 &
993 476 1150 515 suffragium
1166 477 1294 506 ferebant.
1336 483 1369 509 Et
1382 492 1412 510 ea
1427 485 1552 521 quidem,
1572 496 1630 523 quae
1642 490 1696 525 pri-

123 528 171 547 ma
186 519 285 546 exierat
297 536 306 547 ‚
320 515 471 551 princtptum
484 517 630 546 dicebatur.
670 517 752 553 Quod
766 523 855 545 autem
870 516 959 553 plures
972 525 1005 544 ex
1017 516 1126 553 triginta
1140 517 1218 543 curiis
1229 517 1357 552 jusserant
1371 540 1378 551 ‚
1396 522 1424 548 id
1440 531 1528 550 ratum
1542 524 1694 554 habebatur.

122 559 213 594 Atque
225 555 245 583 fi
259 555 350 591 primo
363 562 465 583 vocatae
478 555 659 584 consentirent
668 576 674 587 ,
696 556 784 583 statim
799 562 880 591 atque
895 554 1009 582 sedecim
1027 564 1059 582 ex
1075 554 1124 582 illis
1132 552 1289 592 fieffiwgium
1303 557 1436 589 dixerant,
1459 560 1516 588 finis
1531 562 1610 591 fiebat
1623 564 1697 592 comi.

119 593 174 622 tiis.
214 593 285 630 Quia
297 599 356 621 tum
371 600 476 621 certum
491 594 569 626 estet,
590 594 602 622 ὲ
616 594 734 631 pluribus
748 593 824 621 curiis
838 594 865 621 id
878 593 977 630 juffum
993 592 1059 623 effe,
1078 592 1152 629 quod
1165 592 1282 621 sedecim
1296 595 1373 622 curiae
1386 595 1523 631 juffiffent.
1544 601 1588 628 Sin
1602 602 1697 631 diss‘en,

119 632 216 663 tirent.
237 641 257 658 e¹
280 630 361 669 usque
374 630 552 665 vocabantur,
572 633 638 660 dum
653 632 770 660 sedecim
783 632 861 659 curiae
870 630 1064 659 consensissent.

157 669 355 707 observabatur
369 671 395 698 δε
409 669 476 702 hoc,
497 677 528 698 ut
539 671 609 698 curia
622 671 714 708 primo
728 670 760 698 ad
776 669 917 697 ferendum
933 669 1087 706 suffragium
1098 669 1170 703 Jbrte
1182 676 1284 701 vocata,
1305 670 1368 698 esset
1383 671 1447 699 boni
1461 674 1568 703 ominis.
1588 677 1614 704 Si
1629 687 1695 706 con-

117 709 231 737 trarium
251 708 385 735 accideret
397 728 404 739 ,
431 707 532 736 comitia
544 710 572 736 in
585 709 667 753 aliurn
682 709 755 736 diem
766 706 966 744 proferebantur.
1007 708 1089 742 Quod
1109 707 1266 745 intelligitur
1283 717 1314 735 ex
1334 707 1408 736 Livio
1428 709 1446 736 l.
1462 721 1488 746 9.
1507 721 1569 740 cum
1588 714 1694 745 scribit,

117 745 151 775 L.
165 747 309 783 Papyrium
326 746 495 774 metatorem
509 745 615 782 auspicia
626 747 732 783 postero
746 747 789 774 die
802 746 946 782 repetiisse,
968 745 1028 782 quia
1043 745 1100 782 ipso
1111 747 1223 774 comitia
1236 747 1269 774 de
1284 747 1401 783 imperio
1414 748 1498 784 priori
1516 750 1558 777 die
1570 751 1693 786 habente,

117 786 206 822 prima
219 784 319 812 exiisset
332 782 401 811 curia
410 783 515 817 Saucia,
536 794 595 822 quae
606 784 670 812 mali
681 785 781 812 ominis
795 791 864 815 erat,
885 783 984 812 duabus
997 783 1094 811 scilicet
1108 784 1214 821 infignis
1229 784 1362 816 cladibus,
1383 793 1465 821 captae
1475 787 1570 819 Urbis,
1580 792 1606 818 ὅς
1615 794 1686 818 Cau.

115 822 180 852 dina
186 822 269 857 pacis,
292 822 363 859 quod
378 829 492 859 utroque
505 832 575 850 anno
592 822 710 858 ejusdem
725 823 803 851 curiae
816 823 901 850 fuerat
908 821 1074 856 principium,
1083 824 1134 850 ἃς.
1153 823 1275 851 Tandem
1290 824 1363 860 quod
1377 823 1496 860 pluribus
1509 827 1588 854 curiis
1604 829 1688 857 visum

117 861 194 893 esset,
214 861 240 888 id
255 861 286 888 ad
300 869 388 897 patres
401 860 565 888 referebatur
579 868 609 888 ut
623 861 654 888 ab
667 862 704 888 eis
719 861 934 889 confirmaretur.
953 861 1043 895 Qlem
1057 868 1150 888 tamen
1165 870 1272 888 morem
1288 871 1342 888 non
1349 861 1454 898 semper
1462 862 1536 891 fuisse
1543 873 1689 899 retentum,

113 898 160 927 sed
174 898 363 935 posterioribus
376 899 541 934 temporibus
555 907 691 928 mutatum
704 919 711 930 ,
734 899 769 926 ita
785 905 813 925 ut
827 907 933 936 patrum
948 897 1106 926 sententiam
1119 898 1188 925 cume
1202 900 1425 929 confirmaverint
1439 921 1447 932 ,
1468 901 1548 929 docet
1560 902 1691 942 Dionfius

114 938 132 966 1.
143 947 166 964 2.
179 936 219 964 his
231 936 330 964 verbis:
352 937 465 972 Populus
478 935 743 976 ferebatfiffiagium
755 946 811 964 non
825 935 962 964 universus
974 936 1096 967 confuse,
1117 936 1160 964 sed
1171 946 1218 971 per
1230 937 1310 965 curias
1326 946 1445 966 vocatus:
1468 940 1592 977 quodque
1607 936 1689 978 fixuri-

114 975 164 1003 bus
172 974 258 1002 visum
273 975 338 1003 esset
349 975 441 1006 curiis,
461 975 487 1002 id
503 976 535 1003 ad
550 983 637 1012 patres
650 974 813 1003 referebatur
826 987 831 1001 ·.
852 984 924 1002 nunc
937 984 1003 1002 vero
1017 984 1078 1002 mos
1093 983 1210 1003 mutatus
1228 976 1273 1003 est.
1295 977 1317 1002 Ι(
1324 985 1391 1012 eque
1405 978 1479 1005 enim
1493 986 1581 1014 fatres
1596 981 1628 1007 de
1637 980 1691 1016 Jus-

112 1012 145 1041 fis
159 1012 253 1049 populi
261 1013 320 1049 post
330 1013 459 1048 judicant,
478 1013 522 1041 sed
533 1021 625 1041 contra
639 1012 800 1041 sententiam
815 1021 921 1049 patrum
938 1013 1082 1041 confirmat
1095 1013 1191 1040 demde
1206 1013 1331 1051 populna,
1353 1016 1404 1043 ἃς.

154 1051 270 1079 Postulat
284 1050 326 1078 hic
340 1050 413 1078 locus
426 1057 457 1079 ut
469 1052 500 1078 de
505 1050 638 1090 steffiqgiis
651 1052 732 1079 etiam
743 1051 841 1087 aliquid
856 1052 971 1083 dicatur,
995 1051 1137 1087 quomodo
1152 1060 1181 1078 ea
1195 1051 1246 1079 lata
1259 1052 1272 1079 ὲ
1285 1051 1360 1078 curiis
1373 1053 1438 1083 sint,
1457 1054 1616 1089 pertabellas
1625 1078 1632 1089 ‚
1654 1067 1687 1085 an

113 1089 174 1118 viva
186 1099 263 1118 voce.
314 1098 345 1116 ua
360 1089 394 1117 de
409 1098 452 1120 re,
472 1089 525 1118 hoc
539 1100 571 1117 ex
585 1091 758 1127 antiquorum
775 1089 877 1126 scriptis
892 1088 1062 1127 cognoscitur
1080 1089 1157 1116 initio
1172 1089 1247 1116 fuisse
1261 1093 1287 1119 ὃς
1302 1092 1329 1117 in
1343 1090 1381 1117 his
1396 1111 1403 1122 ,
1433 1093 1459 1119 Sc
1474 1093 1501 1118 in
1515 1093 1569 1120 aliis
1581 1096 1685 1122 co'mams

111 1127 219 1165 semper
233 1127 324 1156 ufitata
336 1127 458 1165 suffragia
471 1128 572 1156 vocalia
585 1149 592 1160 ‚
613 1128 693 1165 usque
706 1128 738 1155 ad
750 1127 830 1165 legem
844 1127 916 1155 illam
931 1126 1088 1154 tabellarium
1102 1132 1115 1153 a
1129 1127 1246 1155 Gabinio
1260 1128 1368 1156 tribuno
1382 1129 1464 1165 plebis
1481 1129 1561 1158 latam
1576 1152 1584 1163 ,
1613 1134 1684 1160 Coff.

113 1167 167 1193 Cn.
179 1165 313 1201 Calpurnio
328 1165 414 1200 Prstme
427 1186 434 1197 ,
454 1170 493 1192 M.
508 1165 602 1200 Popilio
615 1170 714 1193 Laniare
724 1186 731 1196 ‚
767 1168 846 1192 Anno
860 1165 891 1192 ab
907 1166 980 1192 Urbe
995 1166 1102 1192 condita
1118 1174 1216 1193 ncxrv.
1236 1174 1286 1202 qua
1301 1175 1406 1193 cautum
1423 1176 1477 1195 erat
1492 1188 1498 1198 ,
1519 1177 1548 1196 ut
1560 1169 1684 1201 comitiis,

112 1203 207 1240 quibus
221 1204 386 1240 magistratus
402 1212 568 1235 crearentur,
590 1203 703 1241 populus
716 1213 771 1230 non
786 1212 870 1235 voce,
890 1202 933 1230 std
948 1202 1042 1229 tabella
1056 1202 1208 1239 fiii-fragium
1224 1202 1313 1231 ferret.
1333 1205 1367 1231 Et
1382 1214 1436 1241 quo
1450 1206 1476 1232 id
1491 1205 1597 1234 liberius
1610 1209 1681 1237 efl‘ct.

111 1250 148 1268 ne
161 1242 219 1278 quis
232 1242 299 1277 inlp.
313 1240 367 1269 tab.
384 1250 417 1268 ne
431 1250 537 1278 rogaret
551 1251 585 1268 ne
598 1240 748 1278 appellaret.
787 1241 828 1268 Ita
846 1241 878 1268 ab
894 1241 970 1268 omni
989 1248 1063 1276 parte
1074 1240 1187 1268 liberum
1202 1241 1334 1276 judicium
1354 1242 1431 1269 suum
1446 1244 1472 1270 in
1488 1245 1682 1280 magistratibus

109 1277 231 1307 creandis
246 1279 358 1315 populus
370 1278 490 1306 habebat.
511 1281 611 1307 Secutae
625 1279 692 1306 hanc
705 1278 792 1315 legem
808 1278 867 1306 sunt
883 1278 987 1309 &aliae,
1002 1286 1030 1306 ut
1045 1277 1141 1312 Caffia,
1163 1278 1285 1314 Papiria,
1307 1281 1333 1307 ἃ
1348 1279 1438 1311 Calin,
1460 1280 1554 1317 quibus
1561 1291 1679 1314 cautum,

110 1323 142 1344 ut
156 1326 211 1344 non
225 1315 312 1344 solum
327 1318 353 1344 in
366 1316 705 1354 creandis-magistratibus,
726 1316 769 1344 sed
781 1317 861 1344 etiam
875 1318 902 1344 in
913 1317 1020 1352 judiciis
1029 1316 1118 1352 populi
1127 1337 1133 1347 ‚
1154 1317 1180 1343 in
1196 1316 1298 1353 legibus
1310 1317 1677 1352 jubendismvetandisurem

110 1355 138 1382 in
150 1355 253 1390 judicio
265 1354 454 1391 perduellionis
467 1354 559 1383 tabulae
577 1354 764 1391 usurparentur
777 1374 784 1382 .
810 1361 839 1381 ut
852 1355 879 1382 in
892 1355 961 1382 libro
981 1354 1012 1381 de
1024 1353 1115 1392 legibus
1135 1353 1277 1388 &judiciis
1295 1354 1477 1391 explicabitur.
1517 1357 1605 1394 Atque
1624 1358 1680 1388 haec

108 1393 137 1420 in
150 1401 249 1429 genere
262 1394 293 1420 de
302 1394 374 1420 modo
383 1391 539 1420 comitiorum
549 1395 703 1420 curiatorum
716 1392 789 1419 dicta
799 1390 867 1420 sunt.
889 1394 986 1420 Praeter
1000 1402 1057 1429 quae
1067 1399 1159 1420 tamen
1173 1393 1255 1420 etiam
1270 1392 1388 1429 specialia
1395 1395 1515 1430 quaedam
1529 1396 1608 1433 digna
1616 1397 1676 1426 sunt

107 1431 327 1459 consideratione.

146 1471 176 1494 In
188 1467 295 1495 comitiis
313 1468 402 1505 legum
419 1467 586 1496 ferendarum
602 1476 696 1504 praeter
708 1477 738 1496 ea
752 1489 760 1500 ‚
787 1477 845 1503 Quae
857 1467 928 1495 dicta
943 1466 1002 1494 sunt
1016 1489 1023 1499 ‚
1050 1467 1116 1495 nihil
1129 1467 1185 1496 fere
1199 1468 1249 1497 fuit
1268 1467 1436 1497 observatum
1451 1490 1458 1501 ,
1485 1468 1532 1497 nifi
1547 1472 1618 1507 quod
1633 1481 1675 1500 eas

107 1507 259 1544 oportuerit
275 1507 429 1534 trinundino
443 1514 505 1533 ante
518 1508 646 1542 proponi,
666 1516 747 1544 quam
761 1506 862 1533 camina
878 1505 1045 1533 haberentur.

147 1545 228 1580 Qod
242 1552 332 1572 autem
347 1545 378 1571 ad
392 1544 492 1572 comitia
508 1553 605 1572 curram
620 1544 654 1572 de
666 1545 871 1572 confirmatione
886 1543 1087 1581 magistratuum
1107 1544 1164 1578 jam
1182 1544 1380 1581 defignatorum
1395 1546 1490 1572 attinet
1504 1566 1510 1576 ‚
1535 1543 1671 1573 sciendum

107 1582 144 1609 est
156 1601 164 1612 ‚
192 1582 287 1618 primis
307 1582 473 1618 temporibus
488 1603 494 1613 ‚
521 1582 675 1610 comitiorum
690 1585 717 1611 &
735 1580 928 1620 magrstratuum
949 1581 1198 1609 confirmandorum
1215 1582 1257 1618 jus
1274 1591 1353 1618 penes
1372 1581 1490 1610 senatum
1513 1583 1587 1610 fuisse
1600 1603 1607 1615 ,
1634 1586 1673 1612 uti

105 1619 184 1656 paulo
198 1626 260 1647 ante
278 1628 309 1645 ex
324 1617 437 1655 Dionyfio
452 1620 624 1647 ostendimus.
663 1621 745 1658 Qod
759 1622 802 1657 jus
820 1619 920 1647 senatui
933 1620 1092 1656 ademptum
1105 1620 1216 1655 populus
1230 1621 1327 1648 deinde
1343 1621 1375 1648 ad
1390 1620 1416 1647 se
1433 1623 1535 1657 rapuit,
1569 1629 1599 1648 ac
1612 1621 1672 1650 bina

105 1658 139 1684 de
151 1655 334 1695 magstratibus
343 1656 457 1691 patriciis
471 1656 571 1685 comitia
584 1657 676 1686 haberi
687 1658 789 1686 voluit:
807 1667 874 1690 una,
895 1658 989 1694 quibus
1003 1665 1154 1685 crearentur
1163 1679 1170 1690 ‚
1191 1660 1216 1686 δί
1231 1659 1274 1686 illa
1290 1658 1332 1686 vel
1348 1658 1500 1690 centuriam,
1521 1658 1562 1685 vel
1575 1659 1673 1688 curiam

106 1694 228 1724 suerunt:
249 1694 342 1726 altera,
363 1695 457 1732 quibus
471 1695 713 1728 confirmarent-ur,
735 1705 791 1732 quae
806 1697 884 1723 etiam
901 1696 1041 1722 centuriata
1058 1698 1085 1724 &
1097 1694 1196 1723 curiam
1216 1697 1331 1725 fuerunt.
1371 1696 1522 1723 Centuriam
1541 1696 1584 1722 lex
1602 1696 1670 1725 fere..

105 1733 183 1761 batur
195 1743 244 1770 pro
258 1733 464 1761 confirmatione
477 1732 618 1761 censorum
629 1735 685 1770 jam
701 1734 914 1772 designatorum:
933 1732 1030 1760 curiam
1048 1742 1138 1762 autem
1161 1743 1211 1769 pro
1224 1735 1387 1772 reliquorum
1412 1735 1610 1771 magistratuum
1625 1744 1671 1770 pe-

102 1771 245 1800 triciorum
258 1771 473 1800 confirmatione.
494 1771 599 1799 Solebat
611 1780 702 1800 autem
717 1773 744 1799 in
758 1772 889 1808 prioribus
902 1773 1029 1803 comitiis,
1043 1781 1100 1809 quae
1113 1773 1307 1810 magistratibus
1321 1772 1484 1809 defignandis
1497 1771 1665 1806 haberentur,

103 1809 216 1845 populus
230 1811 267 1838 ita
278 1810 366 1846 rogari
381 1819 388 1836 z
410 1812 479 1848 Qot
490 1809 569 1836 tultis
584 1810 700 1844 Conffiles
708 1809 772 1848 fieri
789 1812 797 1838 ἓ
818 1808 1007 1838 posterioribus
1020 1831 1027 1841 ‚
1055 1808 1149 1846 quibus
1170 1812 1203 1838 de
1216 1811 1422 1838 confirmatione
1435 1808 1581 1837 Consulum
1596 1830 1603 1841 ‚
1625 1812 1667 1839 vel

105 1847 219 1874 aliorum
232 1849 406 1884 patriciorum
423 1847 623 1885 magistratuum
639 1848 680 1876 lex
694 1849 793 1876 curiata
804 1847 953 1880 ferebatur,
974 1849 1010 1875 ita
1024 1846 1176 1885 rogabatur:
1197 1849 1291 1878 Vultu,
1305 1847 1427 1883 jubetrfhe
1441 1868 1448 1879 ‚
1467 1855 1497 1875 ut
1510 1851 1548 1874 M.
1564 1850 1666 1882 Crtero,

104 1888 267 1912 &Antomus
284 1896 344 1924 quos
363 1884 477 1919 Confhles
487 1885 587 1920 populus
606 1885 759 1924 defigmvit,
778 1886 931 1921 conlislatum
950 1885 1073 1913 habeant?
1094 1885 1330 1913 Confirmabantur
1348 1887 1430 1922 igitur
1442 1885 1608 1922 magistratus
1621 1887 1667 1915 de-

104 1922 197 1959 {ignati
217 1922 276 1960 lege
295 1921 327 1950 ad
344 1923 472 1961 populum
492 1923 558 1955 lata,
578 1933 633 1951 non
651 1933 740 1952 autem
761 1923 964 1961 designabantur
982 1923 1040 1960 lege
1060 1923 1119 1950 lata.
1161 1925 1232 1950 lxam
1254 1922 1348 1960 rogatio
1366 1922 1411 1948 :lla
1427 1943 1434 1953 ,
1461 1932 1512 1959 qua
1531 1924 1562 1950 ad
1582 1933 1668 1960 popu-

103 1960 162 1987 lum
182 1959 328 1991 ferebatur,
348 1968 378 1988 ut
396 1962 560 1998 magistratus
581 1969 700 1989 crearent
718 1962 761 1990 vel
778 1963 944 1999 delignarent
976 1961 1017 1988 lex
1037 1969 1093 1987 non
1111 1960 1255 1989 dicebatur.
1294 1963 1382 1988 Docet
1401 1960 1453 1987 hoc
1472 1961 1505 1988 de
1525 1959 1593 1988 binis
1607 1967 1664 1990 ma-
1682 1978 1686 1979 ν

103 1999 259 2036 gistratuum
278 1999 394 2026 comitiis
413 1999 497 2026 Cicero
513 2020 520 2030 ,
554 2000 628 2036 cujus
647 2000 778 2028 Oratione
799 2010 824 2026 2.
845 2006 937 2027 contra
957 1998 1067 2025 Rullum
1088 1997 1143 2025 haec
1169 1999 1227 2025 runt
1247 1996 1346 2025 verba:
1374 2000 1484 2032 Majores
1501 1999 1533 2024 de
1550 1998 1663 2028 omnibu's

102 2034 290 2073 magstratibus
306 2035 342 2063 bis
361 2046 401 2063 vos
412 2035 527 2070 judicare
546 2037 686 2064 reluerunt.
725 2041 794 2064 Nam
811 2046 866 2064 cum
885 2035 1024 2063 centuriata
1044 2035 1086 2062 lex
1105 2036 1235 2070 cerfimbus
1252 2035 1399 2072 ferebatur,
1432 2045 1488 2062 cum
1506 2036 1603 2064 curiata
1621 2048 1661 2065 τι-

102 2082 163 2101 teus
175 2073 289 2108 patratis
307 2072 503 2112 magstratibus,
524 2084 580 2102 tum
599 2075 693 2102 iterum
711 2076 741 2102 de
759 2074 846 2109 iisdem
857 2073 1030 2108 judicabatur-
1073 2074 1107 2101 Et
1126 2083 1190 2101 mox
1211 2075 1283 2102 addit
1302 2073 1423 2101 causam:
1444 2076 1482 2102 Ut
1496 2074 1558 2101 esset
1570 2085 1660 2112 repre-

101 2111 234 2139 hendendi
248 2112 360 2148 potestas
372 2132 379 2143 ,
398 2111 415 2138 si
429 2113 557 2148 populum
571 2112 690 2141 beneficii
706 2114 740 2140 „ui
752 2114 904 2150 poeniteret.
945 2113 1070 2148 Qwrum
1083 2110 1239 2139 sententiam
1255 2112 1322 2139 hanc
1340 2112 1391 2140 ess'e
1406 2112 1486 2140 docet
1499 2113 1602 2139 Carolus
1617 2114 1657 2141 Si.

95 2150 188 2188 gont'us
204 2148 250 2176 lib.
268 2160 290 2186 3.
311 2150 344 2177 de
357 2150 465 2186 antiquo
477 2151 535 2186 jure
549 2153 747 2187 provinciarum
769 2152 854 2187 capite
875 2160 899 2177 2.
918 2151 960 2177 De
973 2148 1100 2177 omnibus
1119 2149 1311 2187 magistratibus
1325 2171 1332 2182 ,
1359 2150 1444 2187 inquit
1456 2170 1464 2182 ‚
1486 2151 1602 2186 majores
1617 2150 1657 2180 bis

100 2189 278 2223 vosjudicare
297 2187 448 2216 voluerunt.
490 2209 496 2214 .
517 2197 560 2215 am
583 2200 645 2217 cum
663 2188 806 2216 centuriam
825 2189 866 2215 Iex
889 2188 1040 2216 censoribus
1063 2189 1119 2223 jam
1140 2186 1448 2225 deiignatisferebatur,
1475 2197 1537 2215 cum
1557 2188 1657 2217 curiata

99 2224 168 2254 item
181 2226 280 2254 caeteris
294 2226 408 2261 patriciis
421 2225 614 2262 magistratibus
625 2229 724 2264 pariter
737 2229 792 2264 jam
808 2227 946 2264 delignatis
959 2224 1104 2258 terebatur,
1126 2235 1158 2253 eo
1171 2234 1295 2263 ternpore
1312 2226 1457 2254 secuudum
1469 2227 1600 2262 judicium
1619 2228 1657 2255 sa-

100 2263 202 2296 ciebat,
220 2263 334 2300 populus
348 2272 376 2291 ut
389 2264 473 2299 postet
486 2264 677 2299 reprehendere
690 2287 698 2297 ,
725 2266 743 2292 fi
756 2264 877 2293 beneficii
899 2264 935 2291 liri
956 2262 1086 2301 prioribus
1107 2264 1225 2292 comitiis
1241 2264 1319 2292 delati
1339 2265 1489 2300 poeniteret.
1531 2265 1653 2293 Primum

101 2304 174 2330 enim
187 2301 292 2329 conmiis
305 2300 451 2328 centuriatis
470 2303 572 2335 tensare-1
585 2302 701 2340 defignai
709 2312 754 2331 ant
770 2325 778 2335 ,
805 2303 901 2330 deinde
921 2302 1019 2329 eisdem
1039 2301 1126 2339 legem
1149 2303 1322 2331 centuriatam
1344 2300 1471 2330 ferebant.
1511 2304 1580 2330 Item
1600 2313 1655 2330 cen-

98 2340 203 2368 tmiatis
215 2338 321 2368 comitia
333 2340 436 2374 confides
454 2338 638 2377 deirgnabant,
658 2341 754 2370 deinde
773 2342 808 2370 eis
822 2340 910 2378 legem
924 2341 1053 2369 curiatam
1067 2338 1194 2369 ferebant.
1234 2342 1301 2369 Non
1314 2348 1370 2369 erat
1380 2348 1471 2368 autem
1483 2341 1509 2367 id
1523 2340 1655 2377 delignarc

1601 2389 1644 2406 1112
