2075 2734
375 113 430 146 408
603 104 607 106 ’
675 109 1110 140 Aurtmuirnrvm
1151 104 1493 135 Roniuanum
1533 108 1661 139 Limv.

377 160 500 190 militaris
517 158 619 187 habitus
634 180 641 192 ,
669 167 725 196 quo
741 157 868 187 Consules
883 159 910 187 in
923 156 996 186 bello
1008 157 1046 186 ufi
1061 157 1170 186 fuerunt
1183 167 1190 185 t
1216 156 1290 194 quod
1303 155 1350 185 fibi
1366 156 1393 184 in
1410 163 1534 185 mentem
1552 159 1651 187 venisse
1665 160 1702 189 ait
1713 181 1720 192 ,
1745 160 1820 191 illurn
1838 162 1907 192 Livii
1921 165 1960 194 lo-

379 207 443 227 cum
463 197 509 225 lib.
523 207 564 234 32.
580 197 757 225 consideranti
772 207 777 224 :
807 196 906 225 Consul
921 216 928 228 ‚
957 205 1019 224 cum
1035 197 1162 233 Corcyrae
1175 194 1342 231 hybernaffet
1355 214 1362 226 ,
1389 204 1452 222 vere
1466 197 1557 231 primo
1573 197 1599 224 in
1615 198 1769 228 continente
1782 201 1914 230 trabeatus
1927 205 1960 233 ad

379 236 484 265 hostem
507 236 604 263 ducere
622 236 710 273 pergit
727 256 734 266 ,
762 237 813 264 &c.
853 236 973 271 Eamque
993 233 1028 262 ob
1043 233 1146 261 causam
1161 234 1243 261 etiam
1258 232 1379 271 equestres
1393 241 1492 260 turmas
1505 233 1628 262 bellicam
1643 235 1757 271 speciem
1773 241 1961 276 repraesentan-

379 283 418 302 tes
432 294 438 304 ‚
470 273 559 301 Idibus
582 272 762 310 QnCtilibus
782 271 869 300 trabea
887 271 985 310 vestras
1006 271 1169 301 transvetfitos
1189 271 1241 298 esse
1262 271 1335 299 dicit.
1375 272 1503 300 Meminit
1524 272 1599 309 hujus
1613 272 1700 300 trabea
1715 276 1863 306 Consularis
1878 283 1961 315 Aust·

379 311 439 338 nius
452 312 479 338 in
490 312 635 348 gratiarum
650 311 773 343 afflone,
797 319 847 347 pro
862 310 1005 339 Consulatu
1017 331 1024 342 ‚
1043 310 1083 338 his
1098 309 1199 337 verbis:
1220 310 1251 336 In
1266 309 1407 347 pwcinetu
1420 330 1426 340 ,
1449 312 1475 337 &
1490 317 1549 338 tum
1565 312 1683 339 maxime
1697 313 1868 344 dimicaturus
1883 339 1889 350 ‚
1905 319 1962 353 pal..

379 358 453 376 mara
467 349 539 384 vestas
555 358 622 377 meae
636 356 796 378 ornamenta
810 348 928 386 disponis
943 347 1056 376 feliciter
1071 351 1098 377 &
1111 348 1186 375 bono
1202 348 1297 375 omine
1310 357 1315 374 :
1344 357 1461 384 namque
1475 348 1521 376 iste
1534 348 1637 378 habitus
1651 369 1658 381 ‚
1685 359 1716 379 ut
1730 352 1757 379 in
1772 361 1836 388 pace
1850 357 1963 390 Consulis

381 388 418 415 est
432 408 439 418 ,
466 387 499 414 lic
518 388 546 414 in
565 387 677 415 vistoria
696 387 884 422 triumphantis.
924 388 1020 415 Parum
1042 387 1077 414 est
1089 407 1095 417 ‚
1122 385 1140 412 fi
1159 385 1243 422 qualis
1256 386 1289 413 ad
1304 394 1349 413 me
1362 385 1447 412 trabea
1463 388 1585 415 mittatur
1599 408 1606 419 ‚
1633 389 1780 427 interroges
1795 412 1802 422 ‚
1828 398 1855 419 te
1868 402 1960 423 eoram

382 425 472 460 promi
491 424 576 461 jubes.
609 428 673 454 Haec
692 424 828 460 Ausonius.
861 424 965 463 Qbus
989 434 1020 453 ex
1042 424 1129 452 verbis
1148 424 1268 459 primum
1283 422 1347 452 illud
1362 424 1462 452 constat
1476 446 1484 456 ,
1508 424 1685 460 triumphalem
1701 429 1832 456 Romanis
1846 430 1962 459 trabeam

384 462 459 490 r'uiss‘e
472 484 479 494 ‚
508 463 580 500 quod
601 463 661 491 alibi
684 474 739 492 non
754 462 829 491 Facile
841 464 957 491 invenias
972 473 979 493 ;
1006 462 1207 499 triumphabant
1232 463 1306 489 enim
1323 463 1349 489 in
1365 469 1428 499 toga
1442 464 1528 498 Ρίἂαε
1555 464 1652 492 deinde
1667 466 1858 495 Consularem:
1888 471 1962 506 quod

384 500 547 536 Reipublicae
563 502 729 539 temporibus
744 501 894 530 inusitatum
909 501 958 529 fuit
972 513 977 529 z
1007 505 1131 528 Praetexta
1146 501 1219 527 enim
1234 508 1299 528 tunc
1313 502 1340 528 &
1355 499 1481 528 Consules
1493 522 1500 533 ‚
1522 504 1548 529 &
1564 502 1658 539 reliqui
1674 505 1841 541 magistratus
1854 507 1964 536 uteban-

383 546 427 565 tur
441 549 446 564 ·.
467 540 603 575 postremo
617 561 624 572 ‚
650 539 763 568 trabeam
778 541 804 568 ὃς
813 540 960 573 palmatam
974 539 1073 566 vestem
1089 559 1095 570 ,
1118 541 1143 567 ὃς
1157 547 1242 575 togam
1250 537 1348 572 ptc‘iam
1363 539 1475 566 eandem
1490 538 1575 572 facit,
1597 550 1647 578 qua
1662 542 1695 569 de
1709 552 1738 570 re
1753 544 1804 571 vid.
1830 544 1891 572 Alci.
1905 550 1964 573 Μα-

384 575 487 604 maium
500 576 545 605 fib,
555 587 580 604 2,
596 578 629 606 de
644 579 763 617 Qaefitis
777 586 825 614 per
838 578 974 615 epistolam
984 598 990 609 ‚
1011 578 1082 615 epist,
1095 587 1117 604 1.
1136 579 1162 605 ὃς
1177 576 1262 603 Elmm
1277 576 1405 604 Vinetum
1415 597 1423 608 ,
1445 579 1657 607 Commentariis
1669 581 1697 607 in
1713 580 1868 610 Ausonium.
1889 584 1963 620 Quin

384 615 465 642 ctiam
479 614 594 643 trabeam
607 626 670 644 auro
683 616 784 653 pietam
799 615 862 644 facit
878 616 1007 644 Ausonius
1022 637 1028 647 ,
1057 616 1127 652 quod
1141 624 1191 642 nec
1203 614 1352 646 Suetonius,
1372 614 1418 642 ubi
1434 615 1467 642 de
1481 616 1563 644 tribus
1577 616 1726 645 trabearum
1739 620 1878 656 generibus
1892 623 1947 658 agit
1956 643 1963 654 ,

384 661 435 680 nec
449 653 588 690 quisquam
602 654 665 682 alius
676 661 800 682 veterum
814 654 975 691 scriptorum
989 655 1085 681 veteris
1099 655 1124 681 8<
1140 653 1227 680 liberae
1242 653 1366 689 Reipubl.
1381 655 1515 681 meminit.
1557 656 1637 683 Un'de
1651 665 1759 691 apparet
1773 657 1897 686 Gratiano
1911 661 1962 687 im-

384 699 493 728 perante
507 712 514 723 ,
542 694 569 720 δε
590 693 715 720 trabeatos
734 692 861 720 Consules
882 693 957 721 fuisse
970 713 976 723 ‚
1003 693 1048 728 qui
1063 699 1207 725 praetextam
1226 699 1303 719 antea
1316 691 1420 719 fuerant
1432 712 1439 723 ,
1470 694 1495 720 δί
1509 691 1622 720 trabeam
1635 693 1710 721 fuiffe
1723 695 1823 730 pictam
1838 717 1845 728 ‚
1872 706 1965 726 contra

386 735 508 756 veterem
531 730 759 758 consuetudinem.
797 732 840 758 De
859 733 942 758 tertio
963 729 1108 757 trabearum
1127 739 1226 767 genere
1247 728 1376 768 Dmmfim
1398 730 1515 766 loquitur
1535 729 1551 757 l.
1571 741 1594 768 3.
1611 731 1655 759 ubi
1669 732 1702 759 de
1715 733 1843 761 Saliorum
1857 734 1963 772 vestim,

387 766 429 794 vel
452 767 547 795 trabeis
568 768 683 796 scribens
697 789 705 800 ,
732 778 774 796 eas
793 775 959 806 πεμπαςφύμς
978 776 1055 796 vocat
1071 788 1077 799 ‚
1104 769 1130 796 id
1151 768 1186 795 est
1201 788 1207 799 ,
1231 777 1341 802 purpura
1350 776 1481 802 prate-was
1497 780 1504 799 5
1532 769 1646 804 puniceo
1661 769 1751 798 colore
1764 770 1870 800 alternis
1883 775 1965 801 inter-

387 811 471 832 texto.
513 806 555 832 De
573 805 659 833 trabea
679 814 774 842 praeter
795 806 896 834 Aldum
915 812 1078 837 Manusmm,
1099 805 1184 833 Elmm
1206 809 1337 846 thftum,
1359 810 1495 835 Luam-um
1516 806 1647 845 qufitcm',
1669 811 1696 838 ὃς
1708 809 1787 842 alios,
1807 812 1963 850 Woffgangus

386 841 489 871 Lanius·
501 842 518 870 l.
529 845 553 872 8.
575 845 846 873 Commentariorum
862 845 1024 882 Reipublicae
1040 846 1184 876 Romanae,
1205 853 1227 871 c.
1240 855 1265 880 5.

1049 915 1072 941 C
1093 924 1109 941 A
1130 924 1155 941 Ρ.
1193 914 1313 941 XXXV.

972 970 1024 1001 De
1035 968 1234 1012 foeminarum
1247 966 1383 1014 vestibus.

390 1038 568 1099 Explicatis
581 1041 611 1069 iis
625 1041 803 1073 vestimentis,
824 1040 918 1077 quibus
932 1040 983 1068 viri
999 1043 1025 1069 δε
1038 1040 1111 1077 pueri
1126 1041 1231 1077 proprie
1244 1039 1280 1067 ufi
1294 1041 1362 1076 apud
1378 1042 1520 1068 Romanos
1535 1039 1658 1073 fuerunt,
1679 1042 1811 1080 sequitur,
1831 1052 1861 1073 ut
1873 1045 1905 1072 cle
1912 1055 1968 1073 nm.

467 1077 585 1106 liebribm
599 1080 679 1108 etiam
694 1088 776 1115 pauca
789 1078 968 1114 subjiciamus.
999 1077 1136 1105 Muhebria
1151 1088 1214 1106 cum
1229 1078 1345 1115 Ulpiano
1360 1078 1478 1116 appello,
1497 1088 1554 1115 qua:
1571 1079 1776 1109 matrisfamilias
1791 1083 1864 1110 causa
1878 1091 1968 1120 parata.

389 1113 449 1142 sunt
465 1137 471 1147 ,
497 1117 592 1153 quibus
613 1119 652 1145 vir
671 1126 726 1144 non
747 1116 822 1144 facile
840 1118 878 1145 uti
897 1116 983 1153 potest
1001 1116 1054 1143 fine
1075 1116 1289 1152 vituperatione,
1318 1116 1400 1144 veluti
1412 1116 1492 1151 stola,
1512 1115 1609 1150 pallia,
1636 1118 1736 1151 tunica,
1756 1120 1861 1155 capitia,
1881 1131 1966 1151 zonae,

389 1151 469 1180 mitra
478 1175 484 1185 ‚
506 1164 563 1191 quae
576 1156 660 1191 magis
673 1155 765 1190 capitis
779 1155 902 1192 tegendi,
924 1164 1004 1192 quam
1018 1154 1130 1181 ornandi
1144 1153 1216 1181 causa
1232 1163 1386 1190 comparata
1400 1155 1473 1186 sunt,
1489 1155 1606 1191 plagula.
1622 1161 1723 1188 penulae.

427 1191 524 1218 stolam
539 1213 544 1223 ‚
573 1193 659 1230 inquit
672 1191 769 1219 Nonius
782 1193 918 1219 Min-ceum
931 1192 1044 1220 traditam
1057 1192 1090 1219 de
1104 1200 1202 1228 genere
1215 1192 1437 1220 vestimentorum
1450 1213 1456 1223 ‚
1476 1200 1578 1219 veteres
1593 1202 1647 1220 non
1660 1193 1796 1223 honestam
1812 1197 1911 1224 vestem
1927 1197 1968 1225 so-

392 1226 450 1255 lum
467 1250 473 1259 ,
500 1229 543 1257 fied
560 1232 642 1258 etiam
657 1240 771 1258 omnem
785 1240 842 1268 quae
858 1240 953 1268 corpus
966 1237 1069 1267 tegeret
1083 1249 1090 1260 ‚
1118 1229 1282 1265 appellarunt
1295 1241 1301 1256 :
1329 1230 1422 1267 quibus
1435 1229 1521 1257 verbis
1535 1231 1615 1257 docet
1630 1251 1637 1262 ,
1650 1231 1743 1267 stolam
1756 1243 1810 1260 non
1825 1235 1969 1262 mulierum

391 1267 491 1293 vestem
509 1270 645 1305 propriam
660 1290 668 1301 ‚
690 1268 734 1296 sed
749 1270 779 1296 iis
791 1279 854 1296 cum
870 1270 932 1296 viris
947 1277 1124 1296 communem
1140 1266 1191 1295 eise
1204 1278 1210 1298 ς
1238 1269 1280 1294 cui
1291 1268 1329 1295 rei
1341 1268 1484 1304 probanda:
1498 1269 1650 1296 testimonia
1663 1270 1779 1299 Ennii&
1795 1274 1911 1299 Varronis
1924 1273 1969 1300 ad-

391 1304 473 1332 ducit.
499 1305 620 1341 Ulpianus
634 1315 725 1336 tamen
730 1306 824 1344 stolam
839 1317 889 1344 pro
905 1306 1026 1334 muliebri
1041 1313 1147 1333 tantum
1161 1307 1231 1333 veste
1244 1305 1348 1343 usurpat
1362 1327 1369 1338 ,
1387 1315 1444 1343 qux
1457 1306 1565 1346 dernissa
1581 1315 1635 1335 erat
1647 1309 1679 1335 ad
1694 1309 1764 1336 imos
1778 1308 1859 1347 usque
1872 1311 1969 1346 pedes,

392 1343 419 1369 &
433 1343 506 1378 cujus
519 1352 670 1373 extremam
683 1354 790 1382 partem
804 1346 890 1373 instita
903 1345 996 1376 affusa,
1018 1352 1074 1382 qum
1089 1352 1144 1372 erat
1158 1343 1262 1371 fasciola
1275 1345 1396 1381 quaedam
1411 1344 1464 1371 sive
1476 1344 1582 1376 hmbus,
1603 1346 1746 1375 ambiebat.
1784 1349 1863 1375 DiCta
1878 1356 1968 1376 autem

392 1379 497 1408 videtur
502 1381 569 1419 stola
582 1388 626 1411 xm*
638 1392 667 1412 τὲ
681 1390 798 1420 emmas,
826 1383 912 1420 quod,
932 1382 1022 1414 induo,
1043 1382 1178 1418 fignificat.
1219 1384 1277 1409 Hac
1297 1390 1427 1410 matronae
1448 1383 1578 1410 Romana:
1598 1383 1751 1413 utebantur.
1773 1395 1828 1414 non
1842 1386 1918 1415 aliter
1931 1393 1971 1415 at-

393 1426 445 1454 que
459 1419 509 1447 viri
521 1420 614 1448 tunica.
637 1423 678 1450 Sic
692 1422 766 1449 enim
780 1431 822 1448 eas
836 1423 957 1449 virorum
971 1423 996 1449 ὃς
1012 1420 1157 1447 mulierum
1172 1420 1254 1447 vestes
1267 1419 1373 1447 confert
1387 1419 1520 1447 Terentius
1539 1424 1614 1447 Varro
1628 1422 1671 1450 lib.
1682 1433 1706 1458 7.
1719 1424 1752 1450 de
1765 1423 1828 1462 ling.
1839 1427 1968 1453 Lat.cum

391 1456 491 1484 scribit.
526 1459 557 1486 In
574 1459 666 1487 vestitu
679 1469 761 1496 quum
777 1459 952 1487 dissimillima
965 1459 995 1485 iit
1010 1458 1089 1485 virilis
1107 1466 1164 1494 toga
1179 1458 1274 1485 tunicae
1288 1478 1296 1489 ,
1322 1457 1439 1485 mulieris
1447 1456 1513 1494 stola
1527 1458 1606 1494 pallio
1621 1481 1628 1491 ‚
1655 1468 1747 1487 tamen
1764 1462 1969 1498 inaequalitatem

392 1492 460 1520 hanc
472 1493 607 1532 sequimur
619 1497 807 1528 nihilominus,
829 1500 880 1526 ἃς.
916 1497 1019 1533 Qibus
1034 1495 1120 1522 verbis
1133 1504 1218 1531 togam
1234 1497 1260 1523 ἃ
1274 1494 1385 1522 tunicam
1400 1498 1459 1523 viro
1472 1495 1579 1527 tribuit,
1594 1496 1702 1531 pallium
1717 1498 1842 1536 &storiam
1856 1501 1972 1528 mulieri.

394 1530 494 1558 Stolatae
506 1533 618 1560 maliem
632 1536 708 1562 icona
722 1536 803 1563 talem
818 1544 849 1562 ex
864 1535 970 1562 vetustis
984 1534 1168 1561 monumentis
1182 1532 1228 1561 suo
1243 1533 1312 1561 libro
1326 1535 1360 1561 de
1373 1543 1402 1561 re
1417 1534 1533 1561 vestiaria
1548 1534 1654 1563 inscruit
1669 1539 1738 1564 Lim.
1753 1537 1871 1576 Etyma,
1887 1547 1968 1575 quam

394 1570 421 1596 ὃ(
435 1578 484 1596 nos
498 1569 541 1599 hic
553 1572 719 1607 adjiciemus.
1782 1572 1793 1575 ”

435 1607 548 1636 Pallium
563 1611 680 1637 virorum
697 1613 722 1639 δε
737 1620 883 1647 puerorum
897 1616 953 1637 erat
963 1630 969 1641 ,
1001 1617 1056 1637 erat
1071 1612 1097 1638 δε
1112 1609 1255 1638 mulierum
1271 1621 1276 1637 z
1304 1610 1356 1638 hoc
1370 1618 1461 1639 tamen
1474 1609 1505 1636 ab
1519 1609 1565 1638 illo
1579 1611 1679 1643 altero,
1704 1612 1776 1648 quod
1792 1613 1843 1640 viri
1858 1615 1884 1641 ὃς
1897 1614 1974 1650 pueri

396 1643 555 1681 usurpabant
567 1668 574 1679 ‚
602 1656 657 1676 erat
670 1649 815 1677 diversum.
853 1649 998 1676 Dicebatur
1005 1647 1115 1681 pallrum
1130 1669 1138 1680 ,
1166 1650 1226 1685 quia
1239 1648 1325 1685 palam
1340 1648 1503 1686 gestabatur,
1525 1651 1551 1676 &
1565 1650 1650 1676 tunica
1665 1649 1788 1685 livestolae.
1802 1651 1971 1679 circumdaba-

397 1689 439 1710 tur
452 1703 459 1714 ‚
486 1692 531 1712 aut
544 1687 640 1713 tunicae
652 1688 852 1722 operimentum
867 1695 922 1714 erat
937 1708 943 1719 ‚
971 1687 997 1713 id
1013 1686 1084 1722 quod
1099 1697 1130 1714 ex
1146 1687 1260 1713 Varrone&
1274 1687 1359 1714 verbis
1372 1708 1378 1718 ‚
1400 1696 1456 1723 qux
1469 1687 1554 1714 modo
1567 1685 1737 1715 recitavi'mus
1749 1709 1756 1720 ‚
1777 1689 1868 1726 liquet.
1907 1692 1972 1717 Haec

398 1721 479 1748 etiam
488 1723 559 1756 palla
574 1724 642 1751 dieta
657 1725 719 1756 fuit,
740 1733 770 1753 ut
784 1729 858 1753 Varro
874 1725 954 1760 lib.4.
968 1725 1001 1752 de
1014 1724 1078 1761 ling.
1095 1728 1152 1753 Lat.
1168 1725 1260 1757 docet,
1285 1726 1356 1762 quod
1371 1725 1434 1752 foris
1449 1734 1479 1753 ac
1492 1724 1579 1761 palam
1593 1726 1666 1754 esset.
1706 1727 1822 1754 Nonius:
1846 1726 1921 1753 Palla
1936 1728 1972 1754 est

395 1758 511 1787 honestae
531 1762 650 1789 mulieris
663 1764 852 1791 vestimentum
862 1785 868 1795 ‚
889 1763 941 1791 hoc
954 1763 989 1790 cst
998 1782 1005 1793 ‚
1026 1762 1112 1790 tunica
1121 1762 1236 1796 pallium.
1277 1764 1347 1791 Vide
1361 1763 1393 1790 de
1407 1762 1447 1790 his
1460 1764 1681 1791 vestimentorum
1695 1764 1836 1800 generibus
1850 1764 1975 1793 disseren-

398 1804 455 1825 tem
471 1798 568 1827 Aldum
581 1799 745 1830 Man-utiam,
768 1801 839 1829 Pauli
855 1802 937 1830 filium
947 1822 953 1832 ‚
974 1801 1042 1827 libro
1056 1811 1080 1829 2.
1095 1802 1127 1828 de
1144 1801 1264 1836 Qaeiitis
1277 1810 1324 1838 per
1337 1800 1490 1837 epistolam,
1511 1801 1617 1836 epistola
1630 1811 1653 1829 2.
1667 1801 1712 1828 sui)
1728 1802 1819 1830 finem.

436 1835 533 1864 Tunicae
548 1848 602 1866 non
616 1846 722 1867 tantum
735 1839 870 1871 virorum,
891 1839 934 1867 sed
951 1841 977 1866 ἃ
992 1837 1165 1867 foeminarum
1182 1847 1270 1871 erant,
1292 1841 1364 1877 quod
1379 1848 1409 1866 ex
1427 1842 1531 1866 Varrone
1544 1838 1744 1876 cognoscimus,
1765 1841 1810 1878 qui
1822 1851 1864 1869 eas
1880 1841 1968 1869 foemi-

397 1874 438 1901 nis
451 1875 552 1904 tribuit.
578 1878 655 1905 Idem
670 1877 714 1904 lib.
724 1888 750 1913 9.
765 1877 798 1905 de
812 1878 875 1915 ling.
891 1880 949 1905 Lat.
968 1876 1117 1905 Muliebrem
1129 1876 1242 1905 tunicam
1257 1888 1317 1905 eam
1331 1878 1443 1905 dicimus
1457 1886 1513 1914 quae
1527 1877 1560 1905 de
1575 1887 1607 1904 eo
1620 1886 1716 1914 genere
1729 1879 1766 1906 est
1778 1899 1784 1907 ,
1805 1889 1859 1916 quo
1876 1880 1971 1908 indutu

397 1912 522 1941 mulieres
544 1922 573 1943 ut
594 1922 732 1943 uterentur
752 1916 787 1942 est
804 1916 962 1944 institutum.
1002 1915 1042 1941 Ita
1060 1925 1150 1945 autem
1171 1916 1306 1943 dicebatur
1324 1924 1431 1942 extermi-
1445 1914 1618 1943 foeminarum
1632 1918 1719 1943 tunica
1735 1927 1739 1943 :
1765 1916 1890 1956 imitfium
1904 1920 1971 1945 inte-

396 1951 464 1981 rior,
486 1961 596 1989 quaeque
611 1954 682 1980 carni
696 1952 819 1981 haerebat.
858 1955 899 1981 Sic
913 1955 986 1981 enim
1003 1955 1078 1980 Varro
1091 1954 1171 1990 lib.4.
1186 1956 1219 1981 de
1232 1954 1295 1991 ling.
1311 1956 1368 1981 Lat.
1382 1964 1444 1981 cum
1458 1953 1489 1980 cle
1501 1954 1590 1988 capitto
1603 1954 1706 1982 locutus
1719 1955 1782 1983 effet
1795 1975 1801 1986 ,
1822 1955 1969 1992 iubjungit:

398 1988 512 2016 Alterius
532 1992 636 2026 generis
656 1992 721 2018 item
743 1991 816 2019 duo:
837 2001 938 2024 unum,
962 1992 1034 2026 quod
1055 1991 1132 2024 foris,
1159 2001 1188 2019 ac
1208 1993 1312 2028 palam,
1331 1993 1344 2019 a
1364 2001 1417 2029 quo
1430 1991 1515 2026 palla:
1535 1992 1662 2023 alterum,
1683 1993 1755 2029 quod
1776 1994 1862 2025 intus,
1882 1994 1895 2021 a
1915 2003 1970 2030 quo

396 2026 528 2063 rndusz'um.
570 2030 688 2056 Nonius:
710 2028 838 2067 Indufium
859 2031 894 2057 est
915 2030 1118 2062 vestimentum,
1138 2031 1211 2067 quod
1231 2031 1338 2066 corpori
1358 2031 1426 2057 intra
1444 2030 1569 2065 plurimas
1589 2031 1671 2057 vestes
1690 2031 1821 2064 adhaeret,
1842 2040 1969 2068 tanquam

398 2063 526 2101 mmst'um.
551 2067 629 2103 Apud
643 2067 759 2095 eundem
774 2071 850 2094 Varro
863 2068 907 2095 lib.
922 2079 942 2095 1.
957 2067 991 2094 de
1003 2069 1057 2094 vita
1069 2077 1132 2104 pop.
1147 2070 1231 2095 Rom.
1261 2069 1400 2105 Postquam
1415 2068 1490 2094 binas
1502 2069 1602 2095 tunicas
1615 2069 1712 2096 habere
1726 2078 1876 2107 coeperunt,
1900 2070 1969 2097 insti-

397 2107 503 2130 tuerunt
521 2113 616 2132 vocare
627 2105 774 2138 Jishucuhzm
795 2108 819 2134 δε
839 2104 972 2144 industum.
1013 2106 1051 2132 Ex
1071 2115 1126 2143 quo
1144 2114 1251 2143 apparet
1262 2105 1409 2142 stibna-ulam
1429 2106 1583 2133 interiorem
1604 2108 1723 2134 virorum
1742 2110 1876 2138 tunicam,
1895 2106 1967 2134 indu-

388 2133 460 2171 sium
481 2140 623 2170 mulierum
643 2143 726 2173 fuisse⁴
767 2143 955 2172 Posterioribus
972 2151 1064 2171 tamen
1084 2145 1250 2181 temporibus
1261 2143 1381 2180 ffibuctcla
1400 2153 1506 2180 quoque
1527 2144 1699 2173 foeminarum
1721 2146 1770 2174 fuit
1784 2166 1790 2177 ‚
1811 2155 1867 2183 quae
1886 2146 1966 2172 etiam

388 2175 510 2208 fi‘PPffl‘m
530 2179 607 2207 didia.
647 2182 686 2209 Ita
706 2183 779 2209 enirn
802 2181 904 2219 Festus:
930 2186 1056 2216 Suppurm
1077 2183 1266 2211 vestimentum
1288 2181 1433 2220 puellarum
1447 2182 1542 2210 [meum
1549 2184 1671 2220 femorale
1686 2183 1766 2221 usque
1779 2185 1811 2211 ad
1825 2182 1889 2210 talos
1901 2191 1965 2218 pen-

398 2213 462 2240 dens
483 2215 583 2243 diftum
599 2238 606 2248 ‚
634 2220 704 2254 quod
726 2219 814 2247 subtus
835 2228 965 2257 appareat.
1007 2221 1040 2248 Et
1060 2221 1096 2248 ita
1116 2230 1229 2258 quatuor
1245 2220 1384 2249 muliebres
1398 2221 1479 2248 vestes
1494 2222 1601 2250 fuerunt
1614 2221 1740 2262 indusium
1752 2242 1760 2252 ‚
1785 2223 1853 2249 intra
1864 2221 1965 2248 tunicas

397 2260 505 2282 omne5‚
516 2253 665 2286 supparum,
681 2256 756 2291 stola,
777 2257 905 2292 &palla
933 2259 1003 2286 Vide
1017 2258 1112 2287 Aldum
1125 2258 1274 2286 Altinatium
1288 2260 1348 2286 loco
1362 2258 1439 2295 paulo
1452 2268 1513 2287 ante
1525 2261 1617 2290 citato,

435 2294 537 2324 Capnm
555 2292 671 2327 capitum
689 2297 809 2330 tegmina
824 2316 830 2327 ,
855 2297 940 2334 inquit
959 2301 1055 2323 Nomus
1067 2318 1074 2329 ‚
1102 2297 1147 2325 ubi
1162 2298 1269 2325 adducit
1288 2297 1379 2325 locum
1403 2299 1518 2324 Varronis
1535 2298 1603 2326 libro
1615 2308 1641 2335 4.
1656 2300 1689 2327 de
1701 2298 1763 2325 Vita
1775 2297 1864 2334 popul·
1880 2299 1963 2326 Rom·

398 2329 495 2364 Neque
514 2327 540 2354 id
557 2328 588 2355 ab
602 2329 688 2358 orbita
703 2333 932 2362 matrumfamilias
945 2335 1070 2367 instituti,
1089 2335 1160 2373 quod
1177 2345 1212 2363 eae
1224 2336 1334 2372 Ρεᾶοῑε
1346 2345 1377 2363 ac
1390 2335 1493 2363 lacertis
1506 2344 1580 2364 erant
1591 2339 1702 2373 apertis,
1719 2345 1768 2363 nee
1779 2335 1868 2370 capitia
1885 2335 1964 2364 habe-

396 2366 467 2395 bant.
509 2366 548 2392 Ex
566 2375 619 2404 quo
631 2375 722 2396 tamen
734 2369 795 2398 loco
809 2371 899 2407 capitm
912 2383 966 2401 non
981 2374 1074 2410 capitis
1084 2395 1092 2407 ,
1119 2373 1162 2402 sed
1177 2374 1292 2411 pe6toris
1306 2381 1495 2413 tegumentum
1509 2374 1584 2403 fuiffe
1595 2374 1751 2412 intelligitur
1762 2394 1771 2406 ³
1792 2375 1864 2411 quod
1880 2375 1963 2401 esiam

1891 2413 1964 2440 idem
