<?xml version="1.0" encoding="UTF-8"?>
<!DOCTYPE html PUBLIC "-//W3C//DTD XHTML 1.0 Transitional//EN"
    "http://www.w3.org/TR/xhtml1/DTD/xhtml1-transitional.dtd">
<html xmlns="http://www.w3.org/1999/xhtml" xml:lang="en" lang="en">
 <head>
  <title>
</title>
<meta http-equiv="Content-Type" content="text/html;charset=utf-8" />
  <meta name='ocr-system' content='tesseract 3.04.00' />
  <meta name='ocr-capabilities' content='ocr_page ocr_carea ocr_par ocr_line ocrx_word'/>
</head>
<body>
  <div class='ocr_page' id='page_1' title='image "./johannisrosinian00rosi/johannisrosinian00rosi_0458.png"; bbox 0 0 2075 2734; ppageno 0'>
   <div class='ocr_carea' id='block_1_1' title="bbox 336 113 1648 160">
    <p class='ocr_par' dir='ltr' id='par_1_1' title="bbox 336 113 1648 160">
     <span class='ocr_line' id='line_1_1' title="bbox 336 113 1648 160; baseline 0.001 -14"><span class='ocrx_word' id='word_1_1' title='bbox 336 130 394 160; x_wconf 67' lang='lat'>424</span> <span class='ocrx_word' id='word_1_2' title='bbox 659 113 1648 151; x_wconf 40' lang='lat' dir='ltr'>AN⁷T1QU1TATUMROMANARUML18.V·</span> 
     </span>
    </p>
   </div>
   <div class='ocr_carea' id='block_1_2' title="bbox 319 162 1953 2176">
    <p class='ocr_par' dir='ltr' id='par_1_2' title="bbox 334 162 1953 431">
     <span class='ocr_line' id='line_1_2' title="bbox 334 162 1916 207; baseline -0.003 -11"><span class='ocrx_word' id='word_1_3' title='bbox 334 179 414 207; x_wconf 75' lang='lat' dir='ltr'>quam</span> <span class='ocrx_word' id='word_1_4' title='bbox 427 167 495 195; x_wconf 69' lang='lat' dir='ltr'>binos</span> <span class='ocrx_word' id='word_1_5' title='bbox 509 176 595 194; x_wconf 75' lang='lat' dir='ltr'>aureos</span> <span class='ocrx_word' id='word_1_6' title='bbox 607 167 634 193; x_wconf 89' lang='lat' dir='ltr'>in</span> <span class='ocrx_word' id='word_1_7' title='bbox 649 165 740 202; x_wconf 81' lang='lat' dir='ltr'>digitis</span> <span class='ocrx_word' id='word_1_8' title='bbox 753 165 850 193; x_wconf 89' lang='lat' dir='ltr'>habere</span> <span class='ocrx_word' id='word_1_9' title='bbox 865 163 994 192; x_wconf 75' lang='lat' dir='ltr'>solebant.</span> <span class='ocrx_word' id='word_1_10' title='bbox 1010 163 1093 191; x_wconf 81' lang='lat' dir='ltr'>Idem</span> <span class='ocrx_word' id='word_1_11' title='bbox 1107 162 1153 191; x_wconf 86' lang='lat' dir='ltr'>lib.</span> <span class='ocrx_word' id='word_1_12' title='bbox 1165 173 1189 190; x_wconf 88' lang='lat'>2.</span> <span class='ocrx_word' id='word_1_13' title='bbox 1204 163 1237 190; x_wconf 91' lang='lat' dir='ltr'>de</span> <span class='ocrx_word' id='word_1_14' title='bbox 1244 162 1348 190; x_wconf 85' lang='lat' dir='ltr'>Divinis</span> <span class='ocrx_word' id='word_1_15' title='bbox 1355 162 1452 190; x_wconf 85' lang='lat' dir='ltr'>officiis</span> <span class='ocrx_word' id='word_1_16' title='bbox 1461 183 1468 194; x_wconf 91' lang='lat'><strong>,</strong></span> <span class='ocrx_word' id='word_1_17' title='bbox 1483 172 1540 200; x_wconf 89' lang='lat' dir='ltr'>cap.</span> <span class='ocrx_word' id='word_1_18' title='bbox 1551 173 1591 200; x_wconf 86' lang='lat'>15.</span> <span class='ocrx_word' id='word_1_19' title='bbox 1614 165 1695 202; x_wconf 85' lang='lat' dir='ltr'>Qod</span> <span class='ocrx_word' id='word_1_20' title='bbox 1704 165 1849 202; x_wconf 85' lang='lat' dir='ltr'>inprimis,</span> <span class='ocrx_word' id='word_1_21' title='bbox 1863 166 1916 197; x_wconf 85' lang='lat' dir='ltr'>ait,</span> 
     </span>
     <span class='ocr_line' id='line_1_3' title="bbox 335 200 1917 244; baseline -0.002 -10"><span class='ocrx_word' id='word_1_22' title='bbox 335 208 447 244; x_wconf 85' lang='lat' dir='ltr'>nuptiis,</span> <span class='ocrx_word' id='word_1_23' title='bbox 466 204 576 232; x_wconf 61' lang='lat' dir='ltr'>urinalia</span> <span class='ocrx_word' id='word_1_24' title='bbox 587 203 602 230; x_wconf 73' lang='lat' dir='ltr'>a</span> <span class='ocrx_word' id='word_1_25' title='bbox 614 202 709 239; x_wconf 75' lang='lat' dir='ltr'>sponio</span> <span class='ocrx_word' id='word_1_26' title='bbox 723 202 822 240; x_wconf 69' lang='lat' dir='ltr'>sponfiae</span> <span class='ocrx_word' id='word_1_27' title='bbox 834 203 926 234; x_wconf 83' lang='lat' dir='ltr'>datur,</span> <span class='ocrx_word' id='word_1_28' title='bbox 948 202 1122 229; x_wconf 63' lang='lat' dir='ltr'>fit‘nimirum</span> <span class='ocrx_word' id='word_1_29' title='bbox 1138 200 1179 228; x_wconf 84' lang='lat' dir='ltr'>vel</span> <span class='ocrx_word' id='word_1_30' title='bbox 1193 208 1302 238; x_wconf 88' lang='lat' dir='ltr'>propter</span> <span class='ocrx_word' id='word_1_31' title='bbox 1316 208 1414 229; x_wconf 80' lang='lat' dir='ltr'>mutuae</span> <span class='ocrx_word' id='word_1_32' title='bbox 1427 201 1576 230; x_wconf 68' lang='lat' dir='ltr'>dilectionis</span> <span class='ocrx_word' id='word_1_33' title='bbox 1584 201 1686 238; x_wconf 75' lang='lat' dir='ltr'>iignum</span> <span class='ocrx_word' id='word_1_34' title='bbox 1696 223 1703 234; x_wconf 98' lang='lat'>‚</span> <span class='ocrx_word' id='word_1_35' title='bbox 1722 203 1764 232; x_wconf 90' lang='lat' dir='ltr'>vel</span> <span class='ocrx_word' id='word_1_36' title='bbox 1771 211 1882 240; x_wconf 89' lang='lat' dir='ltr'>propter</span> <span class='ocrx_word' id='word_1_37' title='bbox 1889 204 1917 231; x_wconf 86' lang='lat' dir='ltr'>id</span> 
     </span>
     <span class='ocr_line' id='line_1_4' title="bbox 337 238 1916 281; baseline -0.001 -11"><span class='ocrx_word' id='word_1_38' title='bbox 337 245 436 281; x_wconf 81' lang='lat' dir='ltr'>magis,</span> <span class='ocrx_word' id='word_1_39' title='bbox 455 252 484 272; x_wconf 81' lang='lat' dir='ltr'>ut</span> <span class='ocrx_word' id='word_1_40' title='bbox 496 243 580 270; x_wconf 80' lang='lat' dir='ltr'>eodem</span> <span class='ocrx_word' id='word_1_41' title='bbox 587 241 689 278; x_wconf 81' lang='lat' dir='ltr'>pignore</span> <span class='ocrx_word' id='word_1_42' title='bbox 703 251 798 269; x_wconf 87' lang='lat' dir='ltr'>eorum</span> <span class='ocrx_word' id='word_1_43' title='bbox 813 241 894 269; x_wconf 88' lang='lat' dir='ltr'>corda</span> <span class='ocrx_word' id='word_1_44' title='bbox 905 240 1058 277; x_wconf 85' lang='lat' dir='ltr'>jungantur.</span> <span class='ocrx_word' id='word_1_45' title='bbox 1077 240 1157 267; x_wconf 82' lang='lat' dir='ltr'><strong>Unde</strong></span> <span class='ocrx_word' id='word_1_46' title='bbox 1172 241 1198 267; x_wconf 62' lang='grc' dir='ltr'>ἃ</span> <span class='ocrx_word' id='word_1_47' title='bbox 1211 247 1302 278; x_wconf 70' lang='lat' dir='ltr'>quarto</span> <span class='ocrx_word' id='word_1_48' title='bbox 1314 238 1423 266; x_wconf 89' lang='lat' dir='ltr'>annulus</span> <span class='ocrx_word' id='word_1_49' title='bbox 1436 238 1515 276; x_wconf 79' lang='lat' dir='ltr'>digito</span> <span class='ocrx_word' id='word_1_50' title='bbox 1529 238 1663 267; x_wconf 86' lang='lat' dir='ltr'>inseritur:</span> <span class='ocrx_word' id='word_1_51' title='bbox 1685 240 1760 273; x_wconf 87' lang='lat' dir='ltr'>ideo,</span> <span class='ocrx_word' id='word_1_52' title='bbox 1779 242 1840 279; x_wconf 88' lang='lat' dir='ltr'>quia</span> <span class='ocrx_word' id='word_1_53' title='bbox 1848 242 1874 269; x_wconf 92' lang='lat' dir='ltr'>in</span> <span class='ocrx_word' id='word_1_54' title='bbox 1882 251 1916 269; x_wconf 87' lang='lat' dir='ltr'>eo</span> 
     </span>
     <span class='ocr_line' id='line_1_5' title="bbox 337 277 1953 318; baseline -0.001 -9"><span class='ocrx_word' id='word_1_55' title='bbox 337 291 405 309; x_wconf 78' lang='lat' dir='ltr'>vena</span> <span class='ocrx_word' id='word_1_56' title='bbox 417 282 537 318; x_wconf 62' lang='lat' dir='ltr'>quaedam</span> <span class='ocrx_word' id='word_1_57' title='bbox 546 302 552 312; x_wconf 91' lang='lat'>‚</span> <span class='ocrx_word' id='word_1_58' title='bbox 572 286 602 307; x_wconf 88' lang='lat' dir='ltr'>ut</span> <span class='ocrx_word' id='word_1_59' title='bbox 617 279 716 311; x_wconf 79' lang='lat' dir='ltr'>fertur,</span> <span class='ocrx_word' id='word_1_60' title='bbox 737 278 867 316; x_wconf 71' lang='lat' dir='ltr'>sanguinis</span> <span class='ocrx_word' id='word_1_61' title='bbox 879 280 911 306; x_wconf 83' lang='lat' dir='ltr'>ad</span> <span class='ocrx_word' id='word_1_62' title='bbox 925 288 972 306; x_wconf 91' lang='lat' dir='ltr'>cor</span> <span class='ocrx_word' id='word_1_63' title='bbox 985 277 1065 314; x_wconf 86' lang='lat' dir='ltr'>usque</span> <span class='ocrx_word' id='word_1_64' title='bbox 1079 278 1225 314; x_wconf 84' lang='lat' dir='ltr'>perveniat.</span> <span class='ocrx_word' id='word_1_65' title='bbox 1246 277 1338 313; x_wconf 88' lang='lat' dir='ltr'>Qam</span> <span class='ocrx_word' id='word_1_66' title='bbox 1349 278 1461 305; x_wconf 87' lang='lat' dir='ltr'>eandem</span> <span class='ocrx_word' id='word_1_67' title='bbox 1471 277 1603 305; x_wconf 83' lang='lat' dir='ltr'>rationem</span> <span class='ocrx_word' id='word_1_68' title='bbox 1611 278 1744 315; x_wconf 79' lang='lat' dir='ltr'>Agell.1ib.</span> <span class='ocrx_word' id='word_1_69' title='bbox 1756 288 1862 315; x_wconf 84' lang='lat' dir='ltr'>10.cap.</span> <span class='ocrx_word' id='word_1_70' title='bbox 1875 290 1917 307; x_wconf 87' lang='lat'>10.</span> <span class='ocrx_word' id='word_1_71' title='bbox 1947 290 1953 293; x_wconf 48' lang='lat'>⁵</span> 
     </span>
     <span class='ocr_line' id='line_1_6' title="bbox 339 315 1917 354; baseline -0.002 -7"><span class='ocrx_word' id='word_1_72' title='bbox 339 321 365 347; x_wconf 69' lang='lat'>8&lt;</span> <span class='ocrx_word' id='word_1_73' title='bbox 379 319 487 346; x_wconf 64' lang='lat' dir='ltr'>Macrob.</span> <span class='ocrx_word' id='word_1_74' title='bbox 500 318 545 346; x_wconf 82' lang='lat' dir='ltr'>lib.</span> <span class='ocrx_word' id='word_1_75' title='bbox 554 329 578 354; x_wconf 82' lang='lat'>7.</span> <span class='ocrx_word' id='word_1_76' title='bbox 591 326 648 353; x_wconf 85' lang='lat' dir='ltr'>cap.</span> <span class='ocrx_word' id='word_1_77' title='bbox 663 327 701 353; x_wconf 83' lang='lat'>13·</span> <span class='ocrx_word' id='word_1_78' title='bbox 715 326 748 345; x_wconf 86' lang='lat' dir='ltr'>ex</span> <span class='ocrx_word' id='word_1_79' title='bbox 761 317 883 353; x_wconf 81' lang='lat' dir='ltr'>Appione</span> <span class='ocrx_word' id='word_1_80' title='bbox 898 319 925 345; x_wconf 63' lang='grc' dir='ltr'>ὃς</span> <span class='ocrx_word' id='word_1_81' title='bbox 940 316 1023 351; x_wconf 86' lang='lat' dir='ltr'>Atejo</span> <span class='ocrx_word' id='word_1_82' title='bbox 1037 317 1170 351; x_wconf 81' lang='lat' dir='ltr'>Capitone</span> <span class='ocrx_word' id='word_1_83' title='bbox 1184 315 1314 344; x_wconf 85' lang='lat' dir='ltr'>reddunt,</span> <span class='ocrx_word' id='word_1_84' title='bbox 1336 325 1382 344; x_wconf 93' lang='lat' dir='ltr'>cur</span> <span class='ocrx_word' id='word_1_85' title='bbox 1394 315 1462 351; x_wconf 86' lang='lat' dir='ltr'>apud</span> <span class='ocrx_word' id='word_1_86' title='bbox 1477 317 1617 343; x_wconf 83' lang='lat' dir='ltr'>Romanos</span> <span class='ocrx_word' id='word_1_87' title='bbox 1625 316 1767 343; x_wconf 87' lang='lat' dir='ltr'>communi</span> <span class='ocrx_word' id='word_1_88' title='bbox 1773 316 1870 346; x_wconf 75' lang='lat' dir='ltr'>assensu</span> <span class='ocrx_word' id='word_1_89' title='bbox 1877 327 1917 345; x_wconf 92' lang='lat' dir='ltr'>re-</span> 
     </span>
     <span class='ocr_line' id='line_1_7' title="bbox 342 351 1920 393; baseline -0.001 -10"><span class='ocrx_word' id='word_1_90' title='bbox 342 365 451 393; x_wconf 87' lang='lat' dir='ltr'>ceptum</span> <span class='ocrx_word' id='word_1_91' title='bbox 465 358 527 384; x_wconf 81' lang='lat' dir='ltr'>effet</span> <span class='ocrx_word' id='word_1_92' title='bbox 536 376 542 386; x_wconf 90' lang='lat'><strong><em>‚</em></strong></span> <span class='ocrx_word' id='word_1_93' title='bbox 563 355 687 382; x_wconf 75' lang='lat' dir='ltr'>annulum</span> <span class='ocrx_word' id='word_1_94' title='bbox 700 355 728 382; x_wconf 88' lang='lat' dir='ltr'>in</span> <span class='ocrx_word' id='word_1_95' title='bbox 741 355 843 392; x_wconf 85' lang='lat' dir='ltr'>digito,</span> <span class='ocrx_word' id='word_1_96' title='bbox 863 355 908 392; x_wconf 90' lang='lat' dir='ltr'>qui</span> <span class='ocrx_word' id='word_1_97' title='bbox 923 355 1040 381; x_wconf 85' lang='lat' dir='ltr'>minimo</span> <span class='ocrx_word' id='word_1_98' title='bbox 1053 355 1153 381; x_wconf 77' lang='lat' dir='ltr'>vicinus</span> <span class='ocrx_word' id='word_1_99' title='bbox 1169 353 1218 384; x_wconf 87' lang='lat' dir='ltr'>est,</span> <span class='ocrx_word' id='word_1_100' title='bbox 1241 361 1322 389; x_wconf 89' lang='lat' dir='ltr'>quem</span> <span class='ocrx_word' id='word_1_101' title='bbox 1332 351 1539 381; x_wconf 77' lang='lat' dir='ltr'>&amp;medicinalem</span> <span class='ocrx_word' id='word_1_102' title='bbox 1547 361 1657 387; x_wconf 79' lang='lat' dir='ltr'>vocant,</span> <span class='ocrx_word' id='word_1_103' title='bbox 1678 355 1830 392; x_wconf 79' lang='lat' dir='ltr'>atqueadeo</span> <span class='ocrx_word' id='word_1_104' title='bbox 1839 364 1920 383; x_wconf 86' lang='lat' dir='ltr'>manu</span> 
     </span>
     <span class='ocr_line' id='line_1_8' title="bbox 339 389 1584 431; baseline -0.002 -9"><span class='ocrx_word' id='word_1_105' title='bbox 339 396 469 431; x_wconf 75' lang='lat' dir='ltr'>praecipue</span> <span class='ocrx_word' id='word_1_106' title='bbox 486 393 598 425; x_wconf 80' lang='lat' dir='ltr'>sinistra,</span> <span class='ocrx_word' id='word_1_107' title='bbox 619 393 727 430; x_wconf 82' lang='lat' dir='ltr'>gestare.</span> <span class='ocrx_word' id='word_1_108' title='bbox 748 394 839 430; x_wconf 84' lang='lat' dir='ltr'>Qem</span> <span class='ocrx_word' id='word_1_109' title='bbox 855 402 962 420; x_wconf 89' lang='lat' dir='ltr'>morem</span> <span class='ocrx_word' id='word_1_110' title='bbox 976 393 1059 419; x_wconf 85' lang='lat' dir='ltr'>etiam</span> <span class='ocrx_word' id='word_1_111' title='bbox 1073 391 1204 424; x_wconf 54' lang='lat' dir='ltr'>juve-nala</span> <span class='ocrx_word' id='word_1_112' title='bbox 1218 389 1306 417; x_wconf 88' lang='lat' dir='ltr'>versus</span> <span class='ocrx_word' id='word_1_113' title='bbox 1318 390 1403 427; x_wconf 84' lang='lat' dir='ltr'>satyra</span> <span class='ocrx_word' id='word_1_114' title='bbox 1414 395 1438 419; x_wconf 83' lang='lat'>6.</span> <span class='ocrx_word' id='word_1_115' title='bbox 1451 391 1584 420; x_wconf 79' lang='lat' dir='ltr'>indicant:</span> 
     </span>
    </p>

    <p class='ocr_par' dir='ltr' id='par_1_3' title="bbox 648 428 1370 464">
     <span class='ocr_line' id='line_1_9' title="bbox 648 428 1370 464; baseline -0.003 -6"><span class='ocrx_word' id='word_1_116' title='bbox 648 436 806 458; x_wconf 72' lang='lat' dir='ltr'>conventum</span> <span class='ocrx_word' id='word_1_117' title='bbox 817 440 872 458; x_wconf 76' lang='lat' dir='ltr'>tam</span> <span class='ocrx_word' id='word_1_118' title='bbox 877 441 907 457; x_wconf 79' lang='lat' dir='ltr'>en</span> <span class='ocrx_word' id='word_1_119' title='bbox 922 430 963 462; x_wconf 51' lang='grc' dir='ltr'>ἐς</span> <span class='ocrx_word' id='word_1_120' title='bbox 972 429 1092 464; x_wconf 54' lang='lat' dir='ltr'>pucilam,</span> <span class='ocrx_word' id='word_1_121' title='bbox 1113 429 1147 462; x_wconf 68' lang='lat'>(5⁸</span> <span class='ocrx_word' id='word_1_122' title='bbox 1152 428 1276 463; x_wconf 70' lang='lat' dir='ltr'>spon-fiilia</span> <span class='ocrx_word' id='word_1_123' title='bbox 1288 428 1370 464; x_wconf 73' lang='lat' dir='ltr'>nostra</span> 
     </span>
    </p>

    <p class='ocr_par' dir='ltr' id='par_1_4' title="bbox 648 465 1292 507">
     <span class='ocr_line' id='line_1_10' title="bbox 648 465 1292 507; baseline -0.006 -10"><span class='ocrx_word' id='word_1_124' title='bbox 648 467 802 507; x_wconf 59' lang='lat' dir='ltr'>Tempestate</span> <span class='ocrx_word' id='word_1_125' title='bbox 810 477 901 504; x_wconf 69' lang='lat' dir='ltr'>paras,</span> <span class='ocrx_word' id='word_1_126' title='bbox 913 470 1021 507; x_wconf 76' lang='lat' dir='ltr'>jamque</span> <span class='ocrx_word' id='word_1_127' title='bbox 1036 468 1055 495; x_wconf 75' lang='grc' dir='ltr'><em>ὰ</em></span> <span class='ocrx_word' id='word_1_128' title='bbox 1069 472 1160 502; x_wconf 54' lang='lat' dir='ltr'>tonsore</span> <span class='ocrx_word' id='word_1_129' title='bbox 1173 465 1292 503; x_wconf 69' lang='lat' dir='ltr'>magistro</span> 
     </span>
    </p>

    <p class='ocr_par' dir='ltr' id='par_1_5' title="bbox 650 503 1252 544">
     <span class='ocr_line' id='line_1_11' title="bbox 650 503 1252 544; baseline -0.003 -10"><span class='ocrx_word' id='word_1_130' title='bbox 650 506 759 534; x_wconf 59' lang='grc' dir='ltr'>Ρεέῗενιὲ</span> <span class='ocrx_word' id='word_1_131' title='bbox 768 528 776 539; x_wconf 87' lang='grc'>,</span> <span class='ocrx_word' id='word_1_132' title='bbox 796 507 837 540; x_wconf 66' lang='grc' dir='ltr'>ζῇ·</span> <span class='ocrx_word' id='word_1_133' title='bbox 850 506 929 544; x_wconf 79' lang='lat' dir='ltr'>digito</span> <span class='ocrx_word' id='word_1_134' title='bbox 936 505 1027 543; x_wconf 66' lang='lat' dir='ltr'>pignus</span> <span class='ocrx_word' id='word_1_135' title='bbox 1033 503 1140 542; x_wconf 51' lang='lat' dir='ltr'>forta-ff}⁷</span> <span class='ocrx_word' id='word_1_136' title='bbox 1153 503 1252 542; x_wconf 64' lang='lat' dir='ltr'>dedisti.</span> 
     </span>
    </p>

    <p class='ocr_par' dir='ltr' id='par_1_6' title="bbox 319 541 1933 1038">
     <span class='ocr_line' id='line_1_12' title="bbox 384 541 1920 582; baseline -0.003 -8"><span class='ocrx_word' id='word_1_137' title='bbox 384 550 504 574; x_wconf 70' lang='lat' dir='ltr'>ferreum</span> <span class='ocrx_word' id='word_1_138' title='bbox 526 555 592 573; x_wconf 90' lang='lat' dir='ltr'>vero</span> <span class='ocrx_word' id='word_1_139' title='bbox 605 545 729 572; x_wconf 74' lang='lat' dir='ltr'>annulum</span> <span class='ocrx_word' id='word_1_140' title='bbox 745 566 752 577; x_wconf 91' lang='lat'>‚</span> <span class='ocrx_word' id='word_1_141' title='bbox 781 554 898 582; x_wconf 88' lang='lat' dir='ltr'>eumque</span> <span class='ocrx_word' id='word_1_142' title='bbox 911 544 964 571; x_wconf 81' lang='lat' dir='ltr'>fine</span> <span class='ocrx_word' id='word_1_143' title='bbox 977 553 1088 580; x_wconf 84' lang='lat' dir='ltr'>gemma</span> <span class='ocrx_word' id='word_1_144' title='bbox 1102 542 1199 579; x_wconf 73' lang='lat' dir='ltr'>iponfae</span> <span class='ocrx_word' id='word_1_145' title='bbox 1213 542 1286 571; x_wconf 88' lang='lat' dir='ltr'>mitti</span> <span class='ocrx_word' id='word_1_146' title='bbox 1302 548 1378 571; x_wconf 81' lang='lat' dir='ltr'>aetate</span> <span class='ocrx_word' id='word_1_147' title='bbox 1390 541 1433 570; x_wconf 88' lang='lat' dir='ltr'>sua</span> <span class='ocrx_word' id='word_1_148' title='bbox 1446 542 1607 572; x_wconf 78' lang='lat' dir='ltr'>consuevisse</span> <span class='ocrx_word' id='word_1_149' title='bbox 1620 543 1687 572; x_wconf 74' lang='lat' dir='ltr'>plin.</span> <span class='ocrx_word' id='word_1_150' title='bbox 1700 543 1770 573; x_wconf 89' lang='lat' dir='ltr'>libro</span> <span class='ocrx_word' id='word_1_151' title='bbox 1804 553 1827 581; x_wconf 81' lang='lat'>3.</span> <span class='ocrx_word' id='word_1_152' title='bbox 1854 544 1920 571; x_wconf 87' lang='lat' dir='ltr'>Nat.</span> 
     </span>
     <span class='ocr_line' id='line_1_13' title="bbox 342 580 1924 621; baseline -0.002 -8"><span class='ocrx_word' id='word_1_153' title='bbox 342 585 431 613; x_wconf 85' lang='lat' dir='ltr'>histor.</span> <span class='ocrx_word' id='word_1_154' title='bbox 449 594 504 621; x_wconf 90' lang='lat' dir='ltr'>cap.</span> <span class='ocrx_word' id='word_1_155' title='bbox 517 595 539 612; x_wconf 89' lang='lat'>1.</span> <span class='ocrx_word' id='word_1_156' title='bbox 555 583 651 612; x_wconf 83' lang='lat' dir='ltr'>author</span> <span class='ocrx_word' id='word_1_157' title='bbox 665 583 710 611; x_wconf 88' lang='lat' dir='ltr'>est.</span> <span class='ocrx_word' id='word_1_158' title='bbox 742 584 827 611; x_wconf 87' lang='lat' dir='ltr'>Porro</span> <span class='ocrx_word' id='word_1_159' title='bbox 841 582 854 610; x_wconf 67' lang='grc' dir='ltr'>ὲ</span> <span class='ocrx_word' id='word_1_160' title='bbox 867 592 918 619; x_wconf 88' lang='lat' dir='ltr'>qua</span> <span class='ocrx_word' id='word_1_161' title='bbox 932 581 1134 617; x_wconf 69' lang='lat' dir='ltr'>aetatesponffilm</span> <span class='ocrx_word' id='word_1_162' title='bbox 1148 581 1215 608; x_wconf 88' lang='lat' dir='ltr'>olim</span> <span class='ocrx_word' id='word_1_163' title='bbox 1232 580 1352 608; x_wconf 86' lang='lat' dir='ltr'>contrahi</span> <span class='ocrx_word' id='word_1_164' title='bbox 1365 582 1503 617; x_wconf 85' lang='lat' dir='ltr'>potuerint</span> <span class='ocrx_word' id='word_1_165' title='bbox 1515 591 1548 609; x_wconf 89' lang='lat' dir='ltr'>ex</span> <span class='ocrx_word' id='word_1_166' title='bbox 1563 584 1716 611; x_wconf 83' lang='lat' dir='ltr'>Modestino</span> <span class='ocrx_word' id='word_1_167' title='bbox 1729 582 1773 610; x_wconf 81' lang='lat' dir='ltr'>lib.</span> <span class='ocrx_word' id='word_1_168' title='bbox 1788 592 1815 614; x_wconf 84' lang='lat'>4.</span> <span class='ocrx_word' id='word_1_169' title='bbox 1840 580 1924 620; x_wconf 66' lang='lat' dir='ltr'>Dff-</span> 
     </span>
     <span class='ocr_line' id='line_1_14' title="bbox 341 618 1922 660; baseline -0.003 -9"><span class='ocrx_word' id='word_1_170' title='bbox 341 623 484 651; x_wconf 76' lang='lat' dir='ltr'>rentiarum</span> <span class='ocrx_word' id='word_1_171' title='bbox 502 622 519 649; x_wconf 88' lang='lat' dir='ltr'>l.</span> <span class='ocrx_word' id='word_1_172' title='bbox 532 621 559 650; x_wconf 82' lang='lat' dir='ltr'>in</span> <span class='ocrx_word' id='word_1_173' title='bbox 566 620 722 656; x_wconf 68' lang='lat' dir='ltr'>sponfiilibus.</span> <span class='ocrx_word' id='word_1_174' title='bbox 729 619 764 660; x_wconf 82' lang='lat' dir='ltr'><em>ff</em></span> <span class='ocrx_word' id='word_1_175' title='bbox 781 622 811 648; x_wconf 77' lang='lat' dir='ltr'>de</span> <span class='ocrx_word' id='word_1_176' title='bbox 824 629 877 647; x_wconf 80' lang='lat' dir='ltr'>ritu</span> <span class='ocrx_word' id='word_1_177' title='bbox 891 619 1036 655; x_wconf 70' lang='lat' dir='ltr'>meptiarum</span> <span class='ocrx_word' id='word_1_178' title='bbox 1048 641 1055 651; x_wconf 87' lang='lat'>‚</span> <span class='ocrx_word' id='word_1_179' title='bbox 1079 619 1161 656; x_wconf 90' lang='lat' dir='ltr'>liquet</span> <span class='ocrx_word' id='word_1_180' title='bbox 1174 640 1181 651; x_wconf 92' lang='lat'><em>,</em></span> <span class='ocrx_word' id='word_1_181' title='bbox 1211 620 1284 655; x_wconf 83' lang='lat' dir='ltr'>cujus</span> <span class='ocrx_word' id='word_1_182' title='bbox 1298 618 1353 646; x_wconf 85' lang='lat' dir='ltr'>haec</span> <span class='ocrx_word' id='word_1_183' title='bbox 1364 619 1444 646; x_wconf 85' lang='lat' dir='ltr'>verba</span> <span class='ocrx_word' id='word_1_184' title='bbox 1456 618 1514 647; x_wconf 78' lang='lat' dir='ltr'>sunt</span> <span class='ocrx_word' id='word_1_185' title='bbox 1529 630 1535 646; x_wconf 88' lang='grc'>;</span> <span class='ocrx_word' id='word_1_186' title='bbox 1561 621 1592 647; x_wconf 84' lang='lat' dir='ltr'>In</span> <span class='ocrx_word' id='word_1_187' title='bbox 1600 620 1748 656; x_wconf 61' lang='lat' dir='ltr'>sponſsxlibus</span> <span class='ocrx_word' id='word_1_188' title='bbox 1765 619 1922 649; x_wconf 78' lang='lat' dir='ltr'>contrahen-</span> 
     </span>
     <span class='ocr_line' id='line_1_15' title="bbox 343 657 1924 693; baseline -0.004 -3"><span class='ocrx_word' id='word_1_189' title='bbox 343 663 382 690; x_wconf 87' lang='lat' dir='ltr'>dis</span> <span class='ocrx_word' id='word_1_190' title='bbox 397 669 456 689; x_wconf 70' lang='lat' dir='ltr'>aztas</span> <span class='ocrx_word' id='word_1_191' title='bbox 469 659 685 690; x_wconf 78' lang='lat' dir='ltr'>contrahentium</span> <span class='ocrx_word' id='word_1_192' title='bbox 700 659 808 687; x_wconf 82' lang='lat' dir='ltr'>definita</span> <span class='ocrx_word' id='word_1_193' title='bbox 822 668 877 686; x_wconf 91' lang='lat' dir='ltr'>non</span> <span class='ocrx_word' id='word_1_194' title='bbox 891 659 942 690; x_wconf 86' lang='lat' dir='ltr'>est,</span> <span class='ocrx_word' id='word_1_195' title='bbox 963 665 993 685; x_wconf 87' lang='lat' dir='ltr'>ut</span> <span class='ocrx_word' id='word_1_196' title='bbox 1006 658 1033 685; x_wconf 89' lang='lat' dir='ltr'>in</span> <span class='ocrx_word' id='word_1_197' title='bbox 1050 658 1242 685; x_wconf 76' lang='lat' dir='ltr'>matrimoniis:</span> <span class='ocrx_word' id='word_1_198' title='bbox 1265 658 1435 693; x_wconf 75' lang='lat' dir='ltr'>Quapropter</span> <span class='ocrx_word' id='word_1_199' title='bbox 1447 657 1460 684; x_wconf 75' lang='lat' dir='ltr'>a</span> <span class='ocrx_word' id='word_1_200' title='bbox 1475 658 1626 692; x_wconf 88' lang='lat' dir='ltr'>primordio</span> <span class='ocrx_word' id='word_1_201' title='bbox 1635 660 1716 687; x_wconf 80' lang='lat' dir='ltr'>aetatis</span> <span class='ocrx_word' id='word_1_202' title='bbox 1719 657 1842 692; x_wconf 74' lang='lat' dir='ltr'>sponfiilia</span> <span class='ocrx_word' id='word_1_203' title='bbox 1852 657 1924 685; x_wconf 87' lang='lat' dir='ltr'>effici</span> 
     </span>
     <span class='ocr_line' id='line_1_16' title="bbox 343 695 1925 737; baseline -0.004 -10"><span class='ocrx_word' id='word_1_204' title='bbox 343 701 464 737; x_wconf 77' lang='lat' dir='ltr'>poliunt,</span> <span class='ocrx_word' id='word_1_205' title='bbox 484 699 502 726; x_wconf 88' lang='lat' dir='ltr'>fi</span> <span class='ocrx_word' id='word_1_206' title='bbox 522 699 608 726; x_wconf 87' lang='lat' dir='ltr'>modo</span> <span class='ocrx_word' id='word_1_207' title='bbox 628 699 654 725; x_wconf 90' lang='lat' dir='ltr'>id</span> <span class='ocrx_word' id='word_1_208' title='bbox 668 697 726 725; x_wconf 81' lang='lat' dir='ltr'>fieri</span> <span class='ocrx_word' id='word_1_209' title='bbox 737 698 770 724; x_wconf 87' lang='lat' dir='ltr'>ab</span> <span class='ocrx_word' id='word_1_210' title='bbox 783 705 893 734; x_wconf 70' lang='lat' dir='ltr'>utraque</span> <span class='ocrx_word' id='word_1_211' title='bbox 907 695 1017 733; x_wconf 86' lang='lat' dir='ltr'>persona</span> <span class='ocrx_word' id='word_1_212' title='bbox 1030 695 1200 732; x_wconf 83' lang='lat' dir='ltr'>intelligitur:</span> <span class='ocrx_word' id='word_1_213' title='bbox 1222 696 1248 723; x_wconf 91' lang='lat' dir='ltr'>id</span> <span class='ocrx_word' id='word_1_214' title='bbox 1263 696 1314 726; x_wconf 84' lang='lat' dir='ltr'>est,</span> <span class='ocrx_word' id='word_1_215' title='bbox 1336 696 1354 722; x_wconf 83' lang='lat' dir='ltr'>fi</span> <span class='ocrx_word' id='word_1_216' title='bbox 1367 705 1422 723; x_wconf 83' lang='lat' dir='ltr'>non</span> <span class='ocrx_word' id='word_1_217' title='bbox 1440 695 1489 722; x_wconf 81' lang='lat' dir='ltr'>sint</span> <span class='ocrx_word' id='word_1_218' title='bbox 1502 696 1633 727; x_wconf 87' lang='lat' dir='ltr'>minores,</span> <span class='ocrx_word' id='word_1_219' title='bbox 1653 706 1733 733; x_wconf 88' lang='lat' dir='ltr'>quam</span> <span class='ocrx_word' id='word_1_220' title='bbox 1746 697 1834 730; x_wconf 60' lang='lat' dir='ltr'>kptem</span> <span class='ocrx_word' id='word_1_221' title='bbox 1847 705 1925 725; x_wconf 71' lang='lat' dir='ltr'>asmo,—</span> 
     </span>
     <span class='ocr_line' id='line_1_17' title="bbox 319 733 1925 773; baseline -0.002 -8"><span class='ocrx_word' id='word_1_222' title='bbox 319 739 326 744; x_wconf 89' lang='lat'>&#39;</span> <span class='ocrx_word' id='word_1_223' title='bbox 344 748 412 765; x_wconf 81' lang='lat' dir='ltr'>rum.</span> <span class='ocrx_word' id='word_1_224' title='bbox 453 738 520 773; x_wconf 86' lang='lat' dir='ltr'>Qae</span> <span class='ocrx_word' id='word_1_225' title='bbox 539 735 620 764; x_wconf 79' lang='lat' dir='ltr'>verba</span> <span class='ocrx_word' id='word_1_226' title='bbox 639 744 740 764; x_wconf 87' lang='lat' dir='ltr'>certam</span> <span class='ocrx_word' id='word_1_227' title='bbox 754 735 917 763; x_wconf 85' lang='lat' dir='ltr'>nominatim</span> <span class='ocrx_word' id='word_1_228' title='bbox 928 733 1080 768; x_wconf 64' lang='lat' dir='ltr'>sponfizlie&#39;ncs</span> <span class='ocrx_word' id='word_1_229' title='bbox 1092 734 1279 761; x_wconf 77' lang='lat' dir='ltr'>contrahendis</span> <span class='ocrx_word' id='word_1_230' title='bbox 1294 734 1474 770; x_wconf 67' lang='lat' dir='ltr'>praescriptam</span> <span class='ocrx_word' id='word_1_231' title='bbox 1488 741 1593 762; x_wconf 76' lang='lat' dir='ltr'>aetatem</span> <span class='ocrx_word' id='word_1_232' title='bbox 1610 743 1666 762; x_wconf 80' lang='lat' dir='ltr'>non</span> <span class='ocrx_word' id='word_1_233' title='bbox 1681 733 1756 761; x_wconf 78' lang='lat' dir='ltr'>fuiss&#39;e</span> <span class='ocrx_word' id='word_1_234' title='bbox 1769 734 1925 771; x_wconf 78' lang='lat' dir='ltr'>significant.</span> 
     </span>
     <span class='ocr_line' id='line_1_18' title="bbox 349 771 1924 813; baseline -0.004 -9"><span class='ocrx_word' id='word_1_235' title='bbox 349 776 432 813; x_wconf 80' lang='lat' dir='ltr'>Qud</span> <span class='ocrx_word' id='word_1_236' title='bbox 452 783 543 803; x_wconf 87' lang='lat' dir='ltr'>autem</span> <span class='ocrx_word' id='word_1_237' title='bbox 557 795 564 805; x_wconf 91' lang='lat'>‚</span> <span class='ocrx_word' id='word_1_238' title='bbox 584 782 714 811; x_wconf 82' lang='lat' dir='ltr'>quantum</span> <span class='ocrx_word' id='word_1_239' title='bbox 727 774 759 800; x_wconf 86' lang='lat' dir='ltr'>ad</span> <span class='ocrx_word' id='word_1_240' title='bbox 773 774 882 810; x_wconf 82' lang='lat' dir='ltr'>praemia</span> <span class='ocrx_word' id='word_1_241' title='bbox 894 773 953 810; x_wconf 55' lang='lat' dir='ltr'>legis</span> <span class='ocrx_word' id='word_1_242' title='bbox 963 771 1035 804; x_wconf 71' lang='lat' dir='ltr'>Juliae</span> <span class='ocrx_word' id='word_1_243' title='bbox 1049 774 1075 800; x_wconf 56' lang='grc' dir='ltr'>ὃς</span> <span class='ocrx_word' id='word_1_244' title='bbox 1090 771 1169 805; x_wconf 71' lang='lat' dir='ltr'>Papi-c</span> <span class='ocrx_word' id='word_1_245' title='bbox 1183 774 1277 800; x_wconf 76' lang='lat' dir='ltr'>attinet</span> <span class='ocrx_word' id='word_1_246' title='bbox 1291 793 1298 804; x_wconf 90' lang='lat'>‚</span> <span class='ocrx_word' id='word_1_247' title='bbox 1319 781 1349 798; x_wconf 88' lang='lat' dir='ltr'>ea</span> <span class='ocrx_word' id='word_1_248' title='bbox 1363 772 1475 799; x_wconf 89' lang='lat' dir='ltr'>demum</span> <span class='ocrx_word' id='word_1_249' title='bbox 1481 771 1606 807; x_wconf 69' lang='lat' dir='ltr'>sponfizlia</span> <span class='ocrx_word' id='word_1_250' title='bbox 1619 771 1744 808; x_wconf 88' lang='lat' dir='ltr'>probari,</span> <span class='ocrx_word' id='word_1_251' title='bbox 1763 772 1924 808; x_wconf 76' lang='lat' dir='ltr'>admittique</span> 
     </span>
     <span class='ocr_line' id='line_1_19' title="bbox 347 809 1928 851; baseline -0.003 -11"><span class='ocrx_word' id='word_1_252' title='bbox 347 812 479 851; x_wconf 80' lang='lat' dir='ltr'>Augustus</span> <span class='ocrx_word' id='word_1_253' title='bbox 493 812 629 840; x_wconf 86' lang='lat' dir='ltr'>constituit</span> <span class='ocrx_word' id='word_1_254' title='bbox 641 832 651 844; x_wconf 90' lang='lat'><strong><em>,</em></strong></span> <span class='ocrx_word' id='word_1_255' title='bbox 677 811 771 848; x_wconf 90' lang='lat' dir='ltr'>quibus</span> <span class='ocrx_word' id='word_1_256' title='bbox 783 811 892 838; x_wconf 90' lang='lat' dir='ltr'>biennio</span> <span class='ocrx_word' id='word_1_257' title='bbox 904 810 961 848; x_wconf 84' lang='lat' dir='ltr'>post</span> <span class='ocrx_word' id='word_1_258' title='bbox 974 810 1046 845; x_wconf 81' lang='lat' dir='ltr'>justae</span> <span class='ocrx_word' id='word_1_259' title='bbox 1058 830 1065 841; x_wconf 88' lang='lat'>,</span> <span class='ocrx_word' id='word_1_260' title='bbox 1090 819 1120 836; x_wconf 84' lang='lat' dir='ltr'>ac</span> <span class='ocrx_word' id='word_1_261' title='bbox 1134 809 1259 846; x_wconf 59' lang='lat' dir='ltr'>legium-g</span> <span class='ocrx_word' id='word_1_262' title='bbox 1272 810 1370 845; x_wconf 74' lang='lat' dir='ltr'>nuptiae</span> <span class='ocrx_word' id='word_1_263' title='bbox 1386 810 1512 837; x_wconf 72' lang='lat' dir='ltr'>accedere</span> <span class='ocrx_word' id='word_1_264' title='bbox 1524 810 1644 847; x_wconf 72' lang='lat' dir='ltr'>possent,</span> <span class='ocrx_word' id='word_1_265' title='bbox 1664 817 1695 837; x_wconf 91' lang='lat' dir='ltr'>ut</span> <span class='ocrx_word' id='word_1_266' title='bbox 1708 811 1822 846; x_wconf 88' lang='lat' dir='ltr'>proinde</span> <span class='ocrx_word' id='word_1_267' title='bbox 1835 811 1928 837; x_wconf 88' lang='lat' dir='ltr'>mino-</span> 
     </span>
     <span class='ocr_line' id='line_1_20' title="bbox 347 847 1926 886; baseline -0.003 -7"><span class='ocrx_word' id='word_1_268' title='bbox 347 861 390 879; x_wconf 88' lang='lat' dir='ltr'>res</span> <span class='ocrx_word' id='word_1_269' title='bbox 409 858 473 879; x_wconf 88' lang='lat' dir='ltr'>natu</span> <span class='ocrx_word' id='word_1_270' title='bbox 491 861 532 878; x_wconf 92' lang='lat'>10.</span> <span class='ocrx_word' id='word_1_271' title='bbox 552 859 684 877; x_wconf 89' lang='lat' dir='ltr'>annorum</span> <span class='ocrx_word' id='word_1_272' title='bbox 705 849 819 886; x_wconf 79' lang='lat' dir='ltr'>virgines</span> <span class='ocrx_word' id='word_1_273' title='bbox 836 849 928 876; x_wconf 77' lang='lat' dir='ltr'>frustra</span> <span class='ocrx_word' id='word_1_274' title='bbox 942 848 1030 882; x_wconf 65' lang='lat' dir='ltr'>sponfic</span> <span class='ocrx_word' id='word_1_275' title='bbox 1047 847 1224 875; x_wconf 80' lang='lat' dir='ltr'>haberentur:</span> <span class='ocrx_word' id='word_1_276' title='bbox 1250 849 1312 875; x_wconf 89' lang='lat' dir='ltr'>ideo</span> <span class='ocrx_word' id='word_1_277' title='bbox 1326 847 1428 874; x_wconf 61' lang='lat' dir='ltr'>fastum</span> <span class='ocrx_word' id='word_1_278' title='bbox 1443 848 1479 874; x_wconf 92' lang='lat' dir='ltr'>est</span> <span class='ocrx_word' id='word_1_279' title='bbox 1492 869 1500 879; x_wconf 90' lang='lat'>‚</span> <span class='ocrx_word' id='word_1_280' title='bbox 1527 849 1599 885; x_wconf 87' lang='lat' dir='ltr'>quod</span> <span class='ocrx_word' id='word_1_281' title='bbox 1604 847 1781 882; x_wconf 65' lang='lat' dir='ltr'>Jpozgfizliorum</span> <span class='ocrx_word' id='word_1_282' title='bbox 1798 848 1926 878; x_wconf 89' lang='lat' dir='ltr'>obtentu,</span> 
     </span>
     <span class='ocr_line' id='line_1_21' title="bbox 347 886 1925 926; baseline -0.003 -9"><span class='ocrx_word' id='word_1_283' title='bbox 347 899 406 926; x_wconf 84' lang='lat' dir='ltr'>quae</span> <span class='ocrx_word' id='word_1_284' title='bbox 425 890 458 917; x_wconf 87' lang='lat' dir='ltr'>ad</span> <span class='ocrx_word' id='word_1_285' title='bbox 479 889 580 917; x_wconf 79' lang='lat' dir='ltr'>exitum</span> <span class='ocrx_word' id='word_1_286' title='bbox 596 890 622 915; x_wconf 85' lang='lat'>&amp;</span> <span class='ocrx_word' id='word_1_287' title='bbox 636 886 763 914; x_wconf 64' lang='lat' dir='ltr'>effectum</span> <span class='ocrx_word' id='word_1_288' title='bbox 776 887 852 915; x_wconf 87' lang='lat' dir='ltr'>brevi</span> <span class='ocrx_word' id='word_1_289' title='bbox 864 886 975 923; x_wconf 85' lang='lat' dir='ltr'>perduci</span> <span class='ocrx_word' id='word_1_290' title='bbox 987 894 1032 919; x_wconf 85' lang='lat' dir='ltr'>per</span> <span class='ocrx_word' id='word_1_291' title='bbox 1036 886 1182 920; x_wconf 54' lang='lat' dir='ltr'>spon-finum</span> <span class='ocrx_word' id='word_1_292' title='bbox 1195 887 1371 913; x_wconf 83' lang='lat' dir='ltr'>immaturam</span> <span class='ocrx_word' id='word_1_293' title='bbox 1384 894 1483 913; x_wconf 69' lang='lat' dir='ltr'>aetatem</span> <span class='ocrx_word' id='word_1_294' title='bbox 1495 895 1551 913; x_wconf 89' lang='lat' dir='ltr'>non</span> <span class='ocrx_word' id='word_1_295' title='bbox 1564 893 1688 921; x_wconf 77' lang='lat' dir='ltr'>poterant</span> <span class='ocrx_word' id='word_1_296' title='bbox 1701 906 1708 916; x_wconf 88' lang='lat'>‚</span> <span class='ocrx_word' id='word_1_297' title='bbox 1736 886 1789 924; x_wconf 83' lang='lat' dir='ltr'>legi</span> <span class='ocrx_word' id='word_1_298' title='bbox 1803 887 1925 914; x_wconf 84' lang='lat' dir='ltr'>fraudem</span> 
     </span>
     <span class='ocr_line' id='line_1_22' title="bbox 349 922 1925 960; baseline -0.003 -6"><span class='ocrx_word' id='word_1_299' title='bbox 349 928 407 954; x_wconf 84' lang='lat' dir='ltr'>fieri</span> <span class='ocrx_word' id='word_1_300' title='bbox 425 925 649 954; x_wconf 77' lang='lat' dir='ltr'>animadvertiffet</span> <span class='ocrx_word' id='word_1_301' title='bbox 662 935 668 952; x_wconf 74' lang='lat' dir='ltr'>z</span> <span class='ocrx_word' id='word_1_302' title='bbox 694 932 723 952; x_wconf 86' lang='lat' dir='ltr'>ut</span> <span class='ocrx_word' id='word_1_303' title='bbox 744 924 795 952; x_wconf 84' lang='lat' dir='ltr'>Dio</span> <span class='ocrx_word' id='word_1_304' title='bbox 814 925 860 952; x_wconf 83' lang='lat' dir='ltr'>lib.</span> <span class='ocrx_word' id='word_1_305' title='bbox 873 934 917 960; x_wconf 80' lang='lat'>54.</span> <span class='ocrx_word' id='word_1_306' title='bbox 944 927 1054 951; x_wconf 63' lang='lat' dir='ltr'>Zonaras</span> <span class='ocrx_word' id='word_1_307' title='bbox 1071 926 1097 951; x_wconf 63' lang='grc' dir='ltr'>ἃ</span> <span class='ocrx_word' id='word_1_308' title='bbox 1109 922 1242 950; x_wconf 75' lang='lat' dir='ltr'>Suetonius</span> <span class='ocrx_word' id='word_1_309' title='bbox 1256 924 1363 952; x_wconf 82' lang='lat' dir='ltr'>docent.</span> <span class='ocrx_word' id='word_1_310' title='bbox 1403 925 1467 959; x_wconf 83' lang='lat' dir='ltr'>Qo</span> <span class='ocrx_word' id='word_1_311' title='bbox 1482 924 1591 960; x_wconf 85' lang='lat' dir='ltr'>quidem</span> <span class='ocrx_word' id='word_1_312' title='bbox 1607 923 1774 960; x_wconf 86' lang='lat' dir='ltr'>prohibitum</span> <span class='ocrx_word' id='word_1_313' title='bbox 1787 934 1844 952; x_wconf 84' lang='lat' dir='ltr'>non</span> <span class='ocrx_word' id='word_1_314' title='bbox 1859 924 1925 956; x_wconf 89' lang='lat' dir='ltr'>fuit,</span> 
     </span>
     <span class='ocr_line' id='line_1_23' title="bbox 350 961 1933 1001; baseline -0.003 -9"><span class='ocrx_word' id='word_1_315' title='bbox 350 975 413 993; x_wconf 89' lang='lat' dir='ltr'>cum</span> <span class='ocrx_word' id='word_1_316' title='bbox 433 965 476 992; x_wconf 87' lang='lat' dir='ltr'>illa</span> <span class='ocrx_word' id='word_1_317' title='bbox 488 974 545 1001; x_wconf 86' lang='lat' dir='ltr'>quae</span> <span class='ocrx_word' id='word_1_318' title='bbox 559 963 660 999; x_wconf 82' lang='lat' dir='ltr'>septem</span> <span class='ocrx_word' id='word_1_319' title='bbox 675 969 781 990; x_wconf 87' lang='lat' dir='ltr'>tantum</span> <span class='ocrx_word' id='word_1_320' title='bbox 795 971 877 990; x_wconf 85' lang='lat' dir='ltr'>annos</span> <span class='ocrx_word' id='word_1_321' title='bbox 890 961 1002 989; x_wconf 83' lang='lat' dir='ltr'>habebat</span> <span class='ocrx_word' id='word_1_322' title='bbox 1015 979 1022 991; x_wconf 90' lang='lat'>‚</span> <span class='ocrx_word' id='word_1_323' title='bbox 1035 961 1159 995; x_wconf 69' lang='lat' dir='ltr'>sponsalia</span> <span class='ocrx_word' id='word_1_324' title='bbox 1173 962 1330 989; x_wconf 83' lang='lat' dir='ltr'>contrahere</span> <span class='ocrx_word' id='word_1_325' title='bbox 1343 973 1349 989; x_wconf 82' lang='lat'>2</span> <span class='ocrx_word' id='word_1_326' title='bbox 1369 961 1414 988; x_wconf 88' lang='lat' dir='ltr'>sed</span> <span class='ocrx_word' id='word_1_327' title='bbox 1427 961 1491 989; x_wconf 86' lang='lat' dir='ltr'>illud</span> <span class='ocrx_word' id='word_1_328' title='bbox 1506 962 1696 993; x_wconf 80' lang='lat' dir='ltr'>constitutum,</span> <span class='ocrx_word' id='word_1_329' title='bbox 1716 972 1750 990; x_wconf 87' lang='lat' dir='ltr'>ne</span> <span class='ocrx_word' id='word_1_330' title='bbox 1765 963 1853 990; x_wconf 84' lang='lat' dir='ltr'>statim</span> <span class='ocrx_word' id='word_1_331' title='bbox 1867 961 1933 989; x_wconf 72' lang='lat' dir='ltr'>illo-</span> 
     </span>
     <span class='ocr_line' id='line_1_24' title="bbox 350 999 1311 1038; baseline -0.003 -8"><span class='ocrx_word' id='word_1_332' title='bbox 350 1013 413 1031; x_wconf 88' lang='lat' dir='ltr'>rum</span> <span class='ocrx_word' id='word_1_333' title='bbox 417 1001 595 1038; x_wconf 52' lang='lat' dir='ltr'>sponsaliorum</span> <span class='ocrx_word' id='word_1_334' title='bbox 607 1002 721 1028; x_wconf 87' lang='lat' dir='ltr'>nomine</span> <span class='ocrx_word' id='word_1_335' title='bbox 735 1001 892 1031; x_wconf 84' lang='lat' dir='ltr'>commodi,</span> <span class='ocrx_word' id='word_1_336' title='bbox 912 999 1013 1026; x_wconf 83' lang='lat' dir='ltr'>lucrive</span> <span class='ocrx_word' id='word_1_337' title='bbox 1026 999 1089 1036; x_wconf 88' lang='lat' dir='ltr'>quid</span> <span class='ocrx_word' id='word_1_338' title='bbox 1103 1000 1203 1036; x_wconf 85' lang='lat' dir='ltr'>percipi</span> <span class='ocrx_word' id='word_1_339' title='bbox 1217 999 1311 1036; x_wconf 61' lang='lat' dir='ltr'>posset.</span> 
     </span>
    </p>

    <p class='ocr_par' dir='ltr' id='par_1_7' title="bbox 351 1037 1938 1986">
     <span class='ocr_line' id='line_1_25' title="bbox 389 1037 1928 1079; baseline -0.002 -10"><span class='ocrx_word' id='word_1_340' title='bbox 389 1044 452 1079; x_wconf 88' lang='lat' dir='ltr'>Jam</span> <span class='ocrx_word' id='word_1_341' title='bbox 473 1040 619 1068; x_wconf 87' lang='lat' dir='ltr'>videndum</span> <span class='ocrx_word' id='word_1_342' title='bbox 640 1039 707 1066; x_wconf 85' lang='lat' dir='ltr'>inter</span> <span class='ocrx_word' id='word_1_343' title='bbox 722 1047 784 1077; x_wconf 73' lang='lat' dir='ltr'>quas</span> <span class='ocrx_word' id='word_1_344' title='bbox 798 1039 911 1072; x_wconf 60' lang='lat' dir='ltr'>perstant&amp;</span> <span class='ocrx_word' id='word_1_345' title='bbox 928 1046 1006 1064; x_wconf 86' lang='lat' dir='ltr'>more</span> <span class='ocrx_word' id='word_1_346' title='bbox 1025 1037 1162 1073; x_wconf 88' lang='lat' dir='ltr'>majorum</span> <span class='ocrx_word' id='word_1_347' title='bbox 1181 1037 1270 1072; x_wconf 69' lang='lat' dir='ltr'>nuptia</span> <span class='ocrx_word' id='word_1_348' title='bbox 1290 1038 1346 1065; x_wconf 84' lang='lat' dir='ltr'>fieri</span> <span class='ocrx_word' id='word_1_349' title='bbox 1362 1038 1508 1075; x_wconf 84' lang='lat' dir='ltr'>potuerint.</span> <span class='ocrx_word' id='word_1_350' title='bbox 1547 1038 1588 1065; x_wconf 90' lang='lat' dir='ltr'>Ad</span> <span class='ocrx_word' id='word_1_351' title='bbox 1608 1046 1687 1074; x_wconf 84' lang='lat' dir='ltr'>quam</span> <span class='ocrx_word' id='word_1_352' title='bbox 1710 1039 1882 1075; x_wconf 79' lang='lat' dir='ltr'>quaestionem</span> <span class='ocrx_word' id='word_1_353' title='bbox 1898 1044 1928 1066; x_wconf 87' lang='lat' dir='ltr'>ut</span> 
     </span>
     <span class='ocr_line' id='line_1_26' title="bbox 351 1075 1930 1116; baseline -0.003 -9"><span class='ocrx_word' id='word_1_354' title='bbox 351 1080 528 1116; x_wconf 81' lang='lat' dir='ltr'>respondeam</span> <span class='ocrx_word' id='word_1_355' title='bbox 540 1098 548 1110; x_wconf 90' lang='lat'>‚</span> <span class='ocrx_word' id='word_1_356' title='bbox 572 1078 694 1113; x_wconf 88' lang='lat' dir='ltr'>primum</span> <span class='ocrx_word' id='word_1_357' title='bbox 708 1077 760 1104; x_wconf 88' lang='lat' dir='ltr'>hoc</span> <span class='ocrx_word' id='word_1_358' title='bbox 773 1075 909 1103; x_wconf 90' lang='lat' dir='ltr'>sciendum</span> <span class='ocrx_word' id='word_1_359' title='bbox 923 1096 930 1107; x_wconf 95' lang='lat'><em>‚</em></span> <span class='ocrx_word' id='word_1_360' title='bbox 956 1078 1099 1102; x_wconf 75' lang='lat' dir='ltr'>Romanum</span> <span class='ocrx_word' id='word_1_361' title='bbox 1113 1085 1168 1102; x_wconf 90' lang='lat' dir='ltr'>non</span> <span class='ocrx_word' id='word_1_362' title='bbox 1180 1076 1228 1102; x_wconf 81' lang='lat' dir='ltr'>niii</span> <span class='ocrx_word' id='word_1_363' title='bbox 1241 1080 1382 1103; x_wconf 72' lang='lat' dir='ltr'>Romanam</span> <span class='ocrx_word' id='word_1_364' title='bbox 1396 1076 1492 1103; x_wconf 88' lang='lat' dir='ltr'>ducere</span> <span class='ocrx_word' id='word_1_365' title='bbox 1506 1076 1618 1112; x_wconf 75' lang='lat' dir='ltr'>potuiss&#39;e</span> <span class='ocrx_word' id='word_1_366' title='bbox 1632 1096 1638 1106; x_wconf 89' lang='lat'>,</span> <span class='ocrx_word' id='word_1_367' title='bbox 1668 1077 1740 1113; x_wconf 89' lang='lat' dir='ltr'>quod</span> <span class='ocrx_word' id='word_1_368' title='bbox 1754 1078 1781 1104; x_wconf 72' lang='grc' dir='ltr'>δι</span> <span class='ocrx_word' id='word_1_369' title='bbox 1795 1075 1930 1113; x_wconf 73' lang='lat' dir='ltr'>Justmia-</span> 
     </span>
     <span class='ocr_line' id='line_1_27' title="bbox 353 1113 1929 1151; baseline -0.002 -6"><span class='ocrx_word' id='word_1_370' title='bbox 353 1128 401 1145; x_wconf 81' lang='lat' dir='ltr'>nus</span> <span class='ocrx_word' id='word_1_371' title='bbox 413 1119 441 1145; x_wconf 85' lang='lat' dir='ltr'>in</span> <span class='ocrx_word' id='word_1_372' title='bbox 456 1117 541 1145; x_wconf 84' lang='lat' dir='ltr'>Instit.</span> <span class='ocrx_word' id='word_1_373' title='bbox 556 1115 663 1142; x_wconf 88' lang='lat' dir='ltr'>indicat.</span> <span class='ocrx_word' id='word_1_374' title='bbox 703 1119 828 1141; x_wconf 78' lang='lat' dir='ltr'>Romanos</span> <span class='ocrx_word' id='word_1_375' title='bbox 841 1113 885 1141; x_wconf 88' lang='lat' dir='ltr'>hic</span> <span class='ocrx_word' id='word_1_376' title='bbox 899 1113 1074 1150; x_wconf 80' lang='lat' dir='ltr'>intelligimus</span> <span class='ocrx_word' id='word_1_377' title='bbox 1088 1123 1144 1140; x_wconf 88' lang='lat' dir='ltr'>non</span> <span class='ocrx_word' id='word_1_378' title='bbox 1157 1123 1201 1140; x_wconf 89' lang='lat' dir='ltr'>eos</span> <span class='ocrx_word' id='word_1_379' title='bbox 1217 1120 1322 1140; x_wconf 86' lang='lat' dir='ltr'>tantum</span> <span class='ocrx_word' id='word_1_380' title='bbox 1336 1134 1344 1145; x_wconf 87' lang='lat'>,</span> <span class='ocrx_word' id='word_1_381' title='bbox 1364 1115 1408 1151; x_wconf 89' lang='lat' dir='ltr'>qui</span> <span class='ocrx_word' id='word_1_382' title='bbox 1421 1114 1448 1140; x_wconf 87' lang='lat' dir='ltr'>in</span> <span class='ocrx_word' id='word_1_383' title='bbox 1463 1114 1528 1142; x_wconf 84' lang='lat' dir='ltr'>urbe</span> <span class='ocrx_word' id='word_1_384' title='bbox 1544 1116 1635 1141; x_wconf 82' lang='lat' dir='ltr'>Roma</span> <span class='ocrx_word' id='word_1_385' title='bbox 1648 1113 1818 1142; x_wconf 88' lang='lat' dir='ltr'>domicilium</span> <span class='ocrx_word' id='word_1_386' title='bbox 1831 1114 1929 1142; x_wconf 85' lang='lat' dir='ltr'>habue-</span> 
     </span>
     <span class='ocr_line' id='line_1_28' title="bbox 353 1151 1927 1188; baseline -0.003 -4"><span class='ocrx_word' id='word_1_387' title='bbox 353 1163 417 1184; x_wconf 83' lang='lat' dir='ltr'>runt</span> <span class='ocrx_word' id='word_1_388' title='bbox 430 1176 438 1187; x_wconf 93' lang='lat'><em>,</em></span> <span class='ocrx_word' id='word_1_389' title='bbox 464 1157 492 1183; x_wconf 60' lang='grc' dir='ltr'>ὃς</span> <span class='ocrx_word' id='word_1_390' title='bbox 505 1155 645 1182; x_wconf 84' lang='lat' dir='ltr'>vixerunt:</span> <span class='ocrx_word' id='word_1_391' title='bbox 675 1151 719 1179; x_wconf 88' lang='lat' dir='ltr'>sed</span> <span class='ocrx_word' id='word_1_392' title='bbox 734 1161 779 1180; x_wconf 91' lang='lat' dir='ltr'>eos</span> <span class='ocrx_word' id='word_1_393' title='bbox 793 1153 875 1180; x_wconf 81' lang='lat' dir='ltr'>etiarn</span> <span class='ocrx_word' id='word_1_394' title='bbox 889 1173 897 1184; x_wconf 94' lang='lat'>‚</span> <span class='ocrx_word' id='word_1_395' title='bbox 917 1152 962 1188; x_wconf 89' lang='lat' dir='ltr'>qui</span> <span class='ocrx_word' id='word_1_396' title='bbox 975 1151 1033 1187; x_wconf 85' lang='lat' dir='ltr'>jure</span> <span class='ocrx_word' id='word_1_397' title='bbox 1049 1152 1160 1178; x_wconf 84' lang='lat' dir='ltr'>civitatis</span> <span class='ocrx_word' id='word_1_398' title='bbox 1174 1151 1265 1178; x_wconf 79' lang='lat' dir='ltr'>donati</span> <span class='ocrx_word' id='word_1_399' title='bbox 1280 1172 1287 1182; x_wconf 92' lang='lat'>,</span> <span class='ocrx_word' id='word_1_400' title='bbox 1308 1153 1448 1188; x_wconf 85' lang='lat' dir='ltr'>rogatione</span> <span class='ocrx_word' id='word_1_401' title='bbox 1463 1152 1548 1188; x_wconf 86' lang='lat' dir='ltr'>aliqua</span> <span class='ocrx_word' id='word_1_402' title='bbox 1561 1152 1613 1179; x_wconf 89' lang='lat' dir='ltr'>hoc</span> <span class='ocrx_word' id='word_1_403' title='bbox 1625 1152 1667 1188; x_wconf 87' lang='lat' dir='ltr'>jus</span> <span class='ocrx_word' id='word_1_404' title='bbox 1680 1153 1857 1188; x_wconf 80' lang='lat' dir='ltr'>impetrarunt</span> <span class='ocrx_word' id='word_1_405' title='bbox 1869 1173 1877 1184; x_wconf 86' lang='lat'>‚</span> <span class='ocrx_word' id='word_1_406' title='bbox 1897 1159 1927 1179; x_wconf 87' lang='lat' dir='ltr'>ut</span> 
     </span>
     <span class='ocr_line' id='line_1_29' title="bbox 354 1188 1931 1230; baseline -0.003 -9"><span class='ocrx_word' id='word_1_407' title='bbox 354 1193 415 1230; x_wconf 85' lang='lat' dir='ltr'>ipfis</span> <span class='ocrx_word' id='word_1_408' title='bbox 434 1197 559 1220; x_wconf 79' lang='lat' dir='ltr'>Romanas</span> <span class='ocrx_word' id='word_1_409' title='bbox 578 1191 665 1217; x_wconf 80' lang='lat' dir='ltr'>ducere</span> <span class='ocrx_word' id='word_1_410' title='bbox 677 1210 685 1221; x_wconf 90' lang='lat'><strong><em>,</em></strong></span> <span class='ocrx_word' id='word_1_411' title='bbox 712 1192 739 1218; x_wconf 63' lang='grc' dir='ltr'>ὃς</span> <span class='ocrx_word' id='word_1_412' title='bbox 759 1190 872 1218; x_wconf 76' lang='lat' dir='ltr'>vicissim</span> <span class='ocrx_word' id='word_1_413' title='bbox 887 1189 951 1217; x_wconf 84' lang='lat' dir='ltr'>filias</span> <span class='ocrx_word' id='word_1_414' title='bbox 964 1189 1020 1216; x_wconf 76' lang='lat' dir='ltr'>suas</span> <span class='ocrx_word' id='word_1_415' title='bbox 1032 1188 1150 1215; x_wconf 61' lang='lat' dir='ltr'>Romanis</span> <span class='ocrx_word' id='word_1_416' title='bbox 1164 1197 1269 1223; x_wconf 79' lang='lat' dir='ltr'>nuptum</span> <span class='ocrx_word' id='word_1_417' title='bbox 1281 1189 1342 1215; x_wconf 81' lang='lat' dir='ltr'>dare</span> <span class='ocrx_word' id='word_1_418' title='bbox 1355 1190 1447 1217; x_wconf 85' lang='lat' dir='ltr'>liceret</span> <span class='ocrx_word' id='word_1_419' title='bbox 1460 1209 1467 1220; x_wconf 88' lang='lat'>‚</span> <span class='ocrx_word' id='word_1_420' title='bbox 1494 1190 1566 1226; x_wconf 89' lang='lat' dir='ltr'>quod</span> <span class='ocrx_word' id='word_1_421' title='bbox 1578 1200 1633 1217; x_wconf 92' lang='lat' dir='ltr'>non</span> <span class='ocrx_word' id='word_1_422' title='bbox 1647 1190 1682 1216; x_wconf 89' lang='lat' dir='ltr'>est</span> <span class='ocrx_word' id='word_1_423' title='bbox 1697 1190 1848 1217; x_wconf 85' lang='lat' dir='ltr'>obscurum.</span> <span class='ocrx_word' id='word_1_424' title='bbox 1887 1190 1931 1217; x_wconf 83' lang='lat' dir='ltr'>Sic</span> 
     </span>
     <span class='ocr_line' id='line_1_30' title="bbox 353 1226 1932 1260; baseline -0.003 -1"><span class='ocrx_word' id='word_1_425' title='bbox 353 1232 428 1259; x_wconf 89' lang='lat' dir='ltr'>enim</span> <span class='ocrx_word' id='word_1_426' title='bbox 444 1229 531 1257; x_wconf 70' lang='lat' dir='ltr'>strabo</span> <span class='ocrx_word' id='word_1_427' title='bbox 545 1228 626 1256; x_wconf 85' lang='lat' dir='ltr'>refert</span> <span class='ocrx_word' id='word_1_428' title='bbox 638 1249 645 1260; x_wconf 90' lang='lat'>‚</span> <span class='ocrx_word' id='word_1_429' title='bbox 675 1231 796 1255; x_wconf 78' lang='lat' dir='ltr'>Romanos</span> <span class='ocrx_word' id='word_1_430' title='bbox 813 1229 840 1256; x_wconf 71' lang='lat' dir='ltr'>Sc</span> <span class='ocrx_word' id='word_1_431' title='bbox 853 1227 965 1255; x_wconf 66' lang='lat' dir='ltr'>Albanos</span> <span class='ocrx_word' id='word_1_432' title='bbox 976 1226 1082 1253; x_wconf 88' lang='lat' dir='ltr'>summa</span> <span class='ocrx_word' id='word_1_433' title='bbox 1095 1227 1164 1254; x_wconf 83' lang='lat' dir='ltr'>inter</span> <span class='ocrx_word' id='word_1_434' title='bbox 1178 1232 1203 1254; x_wconf 72' lang='lat' dir='ltr'>ie</span> <span class='ocrx_word' id='word_1_435' title='bbox 1216 1226 1351 1254; x_wconf 70' lang='lat' dir='ltr'>iacrorum</span> <span class='ocrx_word' id='word_1_436' title='bbox 1365 1227 1562 1254; x_wconf 83' lang='lat' dir='ltr'>connubiorum</span> <span class='ocrx_word' id='word_1_437' title='bbox 1575 1248 1583 1259; x_wconf 89' lang='lat'>,</span> <span class='ocrx_word' id='word_1_438' title='bbox 1611 1230 1637 1255; x_wconf 56' lang='grc' dir='ltr'>ἃ</span> <span class='ocrx_word' id='word_1_439' title='bbox 1649 1227 1780 1254; x_wconf 82' lang='lat' dir='ltr'>sermonis</span> <span class='ocrx_word' id='word_1_440' title='bbox 1793 1228 1932 1255; x_wconf 83' lang='lat' dir='ltr'>neceffitu-</span> 
     </span>
     <span class='ocr_line' id='line_1_31' title="bbox 355 1264 1933 1302; baseline -0.003 -6"><span class='ocrx_word' id='word_1_441' title='bbox 355 1270 418 1297; x_wconf 84' lang='lat' dir='ltr'>dine</span> <span class='ocrx_word' id='word_1_442' title='bbox 437 1268 511 1295; x_wconf 79' lang='lat' dir='ltr'>fuiffe</span> <span class='ocrx_word' id='word_1_443' title='bbox 530 1266 670 1294; x_wconf 71' lang='lat' dir='ltr'>devinCtos</span> <span class='ocrx_word' id='word_1_444' title='bbox 685 1277 690 1293; x_wconf 89' lang='lat'>:</span> <span class='ocrx_word' id='word_1_445' title='bbox 718 1268 744 1294; x_wconf 68' lang='grc' dir='ltr'>ὅ(</span> <span class='ocrx_word' id='word_1_446' title='bbox 765 1267 865 1302; x_wconf 60' lang='grc' dir='ltr'>ΒιοηνῙ.</span> <span class='ocrx_word' id='word_1_447' title='bbox 878 1265 922 1293; x_wconf 86' lang='lat' dir='ltr'>lib.</span> <span class='ocrx_word' id='word_1_448' title='bbox 934 1268 958 1292; x_wconf 87' lang='lat'>6.</span> <span class='ocrx_word' id='word_1_449' title='bbox 979 1264 1076 1293; x_wconf 87' lang='lat' dir='ltr'>multas</span> <span class='ocrx_word' id='word_1_450' title='bbox 1090 1267 1217 1291; x_wconf 76' lang='lat' dir='ltr'>Romanas</span> <span class='ocrx_word' id='word_1_451' title='bbox 1232 1264 1356 1292; x_wconf 83' lang='lat' dir='ltr'>mulieres</span> <span class='ocrx_word' id='word_1_452' title='bbox 1369 1266 1438 1302; x_wconf 84' lang='lat' dir='ltr'>apud</span> <span class='ocrx_word' id='word_1_453' title='bbox 1452 1265 1556 1292; x_wconf 74' lang='lat' dir='ltr'>Latinos</span> <span class='ocrx_word' id='word_1_454' title='bbox 1570 1269 1595 1293; x_wconf 61' lang='grc' dir='ltr'>ἃ</span> <span class='ocrx_word' id='word_1_455' title='bbox 1608 1264 1714 1291; x_wconf 62' lang='lat' dir='ltr'>Latinas</span> <span class='ocrx_word' id='word_1_456' title='bbox 1726 1266 1794 1301; x_wconf 83' lang='lat' dir='ltr'>apud</span> <span class='ocrx_word' id='word_1_457' title='bbox 1810 1268 1933 1292; x_wconf 69' lang='lat' dir='ltr'>Romanos</span> 
     </span>
     <span class='ocr_line' id='line_1_32' title="bbox 355 1302 1932 1341; baseline -0.002 -7"><span class='ocrx_word' id='word_1_458' title='bbox 355 1306 442 1335; x_wconf 81' lang='lat' dir='ltr'>fuiffe:</span> <span class='ocrx_word' id='word_1_459' title='bbox 464 1308 490 1333; x_wconf 67' lang='grc' dir='ltr'>ὃς</span> <span class='ocrx_word' id='word_1_460' title='bbox 504 1303 593 1332; x_wconf 76' lang='lat' dir='ltr'>Livius</span> <span class='ocrx_word' id='word_1_461' title='bbox 607 1304 653 1332; x_wconf 85' lang='lat' dir='ltr'>lib.</span> <span class='ocrx_word' id='word_1_462' title='bbox 666 1306 709 1341; x_wconf 85' lang='lat'>38.</span> <span class='ocrx_word' id='word_1_463' title='bbox 722 1304 756 1331; x_wconf 92' lang='lat' dir='ltr'>de</span> <span class='ocrx_word' id='word_1_464' title='bbox 769 1305 911 1340; x_wconf 81' lang='lat' dir='ltr'>Campanis</span> <span class='ocrx_word' id='word_1_465' title='bbox 925 1302 1020 1331; x_wconf 82' lang='lat' dir='ltr'>author</span> <span class='ocrx_word' id='word_1_466' title='bbox 1035 1303 1086 1334; x_wconf 86' lang='lat' dir='ltr'>est,</span> <span class='ocrx_word' id='word_1_467' title='bbox 1107 1303 1180 1339; x_wconf 85' lang='lat' dir='ltr'>quod</span> <span class='ocrx_word' id='word_1_468' title='bbox 1193 1303 1314 1339; x_wconf 87' lang='lat' dir='ltr'>primum</span> <span class='ocrx_word' id='word_1_469' title='bbox 1327 1303 1466 1332; x_wconf 85' lang='lat' dir='ltr'>habuerint</span> <span class='ocrx_word' id='word_1_470' title='bbox 1479 1304 1520 1339; x_wconf 88' lang='lat' dir='ltr'>jus</span> <span class='ocrx_word' id='word_1_471' title='bbox 1531 1302 1659 1331; x_wconf 90' lang='lat' dir='ltr'>connubii</span> <span class='ocrx_word' id='word_1_472' title='bbox 1673 1313 1735 1331; x_wconf 89' lang='lat' dir='ltr'>cum</span> <span class='ocrx_word' id='word_1_473' title='bbox 1749 1302 1882 1335; x_wconf 58' lang='lat' dir='ltr'>Romanis,</span> <span class='ocrx_word' id='word_1_474' title='bbox 1904 1305 1932 1331; x_wconf 66' lang='grc' dir='ltr'>ὅτ.</span> 
     </span>
     <span class='ocr_line' id='line_1_33' title="bbox 356 1340 1932 1382; baseline -0.002 -10"><span class='ocrx_word' id='word_1_475' title='bbox 356 1345 415 1382; x_wconf 83' lang='lat' dir='ltr'>post</span> <span class='ocrx_word' id='word_1_476' title='bbox 437 1343 620 1371; x_wconf 61' lang='lat' dir='ltr'>defectionem</span> <span class='ocrx_word' id='word_1_477' title='bbox 634 1363 642 1374; x_wconf 90' lang='lat'><strong><em>,</em></strong></span> <span class='ocrx_word' id='word_1_478' title='bbox 668 1351 732 1369; x_wconf 92' lang='lat' dir='ltr'>cum</span> <span class='ocrx_word' id='word_1_479' title='bbox 745 1343 844 1369; x_wconf 87' lang='lat' dir='ltr'>iterum</span> <span class='ocrx_word' id='word_1_480' title='bbox 862 1342 926 1369; x_wconf 62' lang='lat' dir='ltr'>vieti</span> <span class='ocrx_word' id='word_1_481' title='bbox 938 1341 951 1368; x_wconf 66' lang='lat' dir='ltr'>a</span> <span class='ocrx_word' id='word_1_482' title='bbox 966 1340 1087 1367; x_wconf 65' lang='lat' dir='ltr'>Romanis</span> <span class='ocrx_word' id='word_1_483' title='bbox 1102 1341 1184 1368; x_wconf 80' lang='lat' dir='ltr'>client</span> <span class='ocrx_word' id='word_1_484' title='bbox 1195 1361 1202 1372; x_wconf 89' lang='lat'>‚</span> <span class='ocrx_word' id='word_1_485' title='bbox 1227 1345 1266 1368; x_wconf 84' lang='lat' dir='ltr'>M.</span> <span class='ocrx_word' id='word_1_486' title='bbox 1284 1341 1336 1369; x_wconf 71' lang='lat' dir='ltr'>Val.</span> <span class='ocrx_word' id='word_1_487' title='bbox 1350 1341 1456 1378; x_wconf 72' lang='lat' dir='ltr'>Meffizla</span> <span class='ocrx_word' id='word_1_488' title='bbox 1470 1363 1477 1374; x_wconf 91' lang='lat'>‚</span> <span class='ocrx_word' id='word_1_489' title='bbox 1503 1344 1529 1370; x_wconf 63' lang='grc' dir='ltr'>ἃ</span> <span class='ocrx_word' id='word_1_490' title='bbox 1545 1344 1576 1368; x_wconf 94' lang='lat' dir='ltr'>C.</span> <span class='ocrx_word' id='word_1_491' title='bbox 1592 1340 1663 1368; x_wconf 77' lang='lat' dir='ltr'>Livio</span> <span class='ocrx_word' id='word_1_492' title='bbox 1677 1341 1818 1368; x_wconf 68' lang='lat' dir='ltr'>Salinatore</span> <span class='ocrx_word' id='word_1_493' title='bbox 1832 1340 1903 1368; x_wconf 77' lang='lat' dir='ltr'>Coss.</span> <span class='ocrx_word' id='word_1_494' title='bbox 1918 1340 1932 1369; x_wconf 74' lang='grc' dir='ltr'>ὲ</span> 
     </span>
     <span class='ocr_line' id='line_1_34' title="bbox 357 1379 1932 1417; baseline -0.003 -7"><span class='ocrx_word' id='word_1_495' title='bbox 357 1383 448 1410; x_wconf 85' lang='lat' dir='ltr'>senatu</span> <span class='ocrx_word' id='word_1_496' title='bbox 462 1382 589 1417; x_wconf 86' lang='lat' dir='ltr'>petierint</span> <span class='ocrx_word' id='word_1_497' title='bbox 603 1401 610 1412; x_wconf 89' lang='lat'><strong><em>‚</em></strong></span> <span class='ocrx_word' id='word_1_498' title='bbox 636 1389 666 1408; x_wconf 85' lang='lat' dir='ltr'>ut</span> <span class='ocrx_word' id='word_1_499' title='bbox 678 1379 724 1407; x_wconf 86' lang='lat' dir='ltr'>fibi</span> <span class='ocrx_word' id='word_1_500' title='bbox 740 1381 811 1408; x_wconf 89' lang='lat' dir='ltr'>cives</span> <span class='ocrx_word' id='word_1_501' title='bbox 826 1384 951 1406; x_wconf 71' lang='lat' dir='ltr'>Romanas</span> <span class='ocrx_word' id='word_1_502' title='bbox 965 1380 1060 1406; x_wconf 88' lang='lat' dir='ltr'>ducere</span> <span class='ocrx_word' id='word_1_503' title='bbox 1072 1388 1160 1405; x_wconf 71' lang='lat' dir='ltr'>uxores</span> <span class='ocrx_word' id='word_1_504' title='bbox 1180 1379 1270 1406; x_wconf 82' lang='lat' dir='ltr'>liceret</span> <span class='ocrx_word' id='word_1_505' title='bbox 1283 1399 1289 1409; x_wconf 91' lang='lat'>‚</span> <span class='ocrx_word' id='word_1_506' title='bbox 1316 1381 1342 1407; x_wconf 63' lang='grc' dir='ltr'>ὃ(</span> <span class='ocrx_word' id='word_1_507' title='bbox 1357 1379 1376 1406; x_wconf 90' lang='lat' dir='ltr'>fi</span> <span class='ocrx_word' id='word_1_508' title='bbox 1390 1381 1434 1416; x_wconf 92' lang='lat' dir='ltr'>qui</span> <span class='ocrx_word' id='word_1_509' title='bbox 1447 1381 1518 1416; x_wconf 92' lang='lat' dir='ltr'>prius</span> <span class='ocrx_word' id='word_1_510' title='bbox 1531 1379 1661 1407; x_wconf 82' lang='lat' dir='ltr'>duxiffent</span> <span class='ocrx_word' id='word_1_511' title='bbox 1677 1400 1683 1410; x_wconf 88' lang='lat'>‚</span> <span class='ocrx_word' id='word_1_512' title='bbox 1713 1387 1743 1407; x_wconf 90' lang='lat' dir='ltr'>ut</span> <span class='ocrx_word' id='word_1_513' title='bbox 1755 1379 1851 1407; x_wconf 77' lang='lat' dir='ltr'>habere</span> <span class='ocrx_word' id='word_1_514' title='bbox 1870 1388 1932 1411; x_wconf 80' lang='lat' dir='ltr'>eas3</span> 
     </span>
     <span class='ocr_line' id='line_1_35' title="bbox 358 1415 1932 1455; baseline -0.002 -8"><span class='ocrx_word' id='word_1_515' title='bbox 358 1423 385 1450; x_wconf 75' lang='grc' dir='ltr'>ὅ(</span> <span class='ocrx_word' id='word_1_516' title='bbox 398 1427 458 1447; x_wconf 86' lang='lat' dir='ltr'>ante</span> <span class='ocrx_word' id='word_1_517' title='bbox 472 1429 531 1447; x_wconf 88' lang='lat' dir='ltr'>eam</span> <span class='ocrx_word' id='word_1_518' title='bbox 545 1420 618 1447; x_wconf 86' lang='lat' dir='ltr'>diem</span> <span class='ocrx_word' id='word_1_519' title='bbox 632 1419 703 1449; x_wconf 81' lang='lat' dir='ltr'>nati,</span> <span class='ocrx_word' id='word_1_520' title='bbox 722 1426 750 1446; x_wconf 84' lang='lat' dir='ltr'>ut</span> <span class='ocrx_word' id='word_1_521' title='bbox 763 1418 824 1453; x_wconf 84' lang='lat' dir='ltr'>justi</span> <span class='ocrx_word' id='word_1_522' title='bbox 836 1417 882 1445; x_wconf 82' lang='lat' dir='ltr'>fibi</span> <span class='ocrx_word' id='word_1_523' title='bbox 896 1417 972 1444; x_wconf 89' lang='lat' dir='ltr'>hberi</span> <span class='ocrx_word' id='word_1_524' title='bbox 985 1415 1150 1453; x_wconf 84' lang='lat' dir='ltr'>haeredesque</span> <span class='ocrx_word' id='word_1_525' title='bbox 1164 1417 1260 1445; x_wconf 74' lang='lat' dir='ltr'>estem,</span> <span class='ocrx_word' id='word_1_526' title='bbox 1281 1417 1359 1454; x_wconf 89' lang='lat' dir='ltr'>idque</span> <span class='ocrx_word' id='word_1_527' title='bbox 1371 1418 1552 1454; x_wconf 73' lang='lat' dir='ltr'>impetrarint.</span> <span class='ocrx_word' id='word_1_528' title='bbox 1587 1417 1669 1455; x_wconf 85' lang='lat' dir='ltr'>Qod</span> <span class='ocrx_word' id='word_1_529' title='bbox 1682 1418 1763 1445; x_wconf 86' lang='lat' dir='ltr'>etiam</span> <span class='ocrx_word' id='word_1_530' title='bbox 1777 1417 1871 1444; x_wconf 71' lang='lat' dir='ltr'>civibus</span> <span class='ocrx_word' id='word_1_531' title='bbox 1883 1421 1932 1444; x_wconf 77' lang='lat' dir='ltr'>Ro-</span> 
     </span>
     <span class='ocr_line' id='line_1_36' title="bbox 357 1453 1933 1493; baseline -0.002 -8"><span class='ocrx_word' id='word_1_532' title='bbox 357 1457 441 1486; x_wconf 60' lang='lat' dir='ltr'>manis</span> <span class='ocrx_word' id='word_1_533' title='bbox 455 1467 518 1485; x_wconf 88' lang='lat' dir='ltr'>cum</span> <span class='ocrx_word' id='word_1_534' title='bbox 534 1455 712 1491; x_wconf 86' lang='lat' dir='ltr'>municipibus</span> <span class='ocrx_word' id='word_1_535' title='bbox 725 1455 827 1482; x_wconf 71' lang='lat' dir='ltr'>Latinis</span> <span class='ocrx_word' id='word_1_536' title='bbox 838 1455 881 1491; x_wconf 88' lang='lat' dir='ltr'>jus</span> <span class='ocrx_word' id='word_1_537' title='bbox 893 1454 1020 1493; x_wconf 80' lang='lat' dir='ltr'>connubii</span> <span class='ocrx_word' id='word_1_538' title='bbox 1033 1453 1127 1493; x_wconf 63' lang='lat' dir='ltr'>fuerit,</span> <span class='ocrx_word' id='word_1_539' title='bbox 1147 1454 1216 1482; x_wconf 84' lang='lat' dir='ltr'>testis</span> <span class='ocrx_word' id='word_1_540' title='bbox 1229 1455 1265 1481; x_wconf 89' lang='lat' dir='ltr'>est</span> <span class='ocrx_word' id='word_1_541' title='bbox 1275 1458 1326 1482; x_wconf 71' lang='grc' dir='ltr'>σιτ.</span> <span class='ocrx_word' id='word_1_542' title='bbox 1339 1456 1367 1483; x_wconf 84' lang='lat' dir='ltr'>in</span> <span class='ocrx_word' id='word_1_543' title='bbox 1382 1455 1473 1492; x_wconf 79' lang='lat' dir='ltr'>Philip.</span> <span class='ocrx_word' id='word_1_544' title='bbox 1485 1455 1530 1482; x_wconf 88' lang='lat' dir='ltr'>ubi</span> <span class='ocrx_word' id='word_1_545' title='bbox 1543 1455 1577 1482; x_wconf 91' lang='lat' dir='ltr'>de</span> <span class='ocrx_word' id='word_1_546' title='bbox 1591 1455 1711 1482; x_wconf 89' lang='lat' dir='ltr'>Antonio</span> <span class='ocrx_word' id='word_1_547' title='bbox 1726 1455 1806 1482; x_wconf 83' lang='lat' dir='ltr'>verba</span> <span class='ocrx_word' id='word_1_548' title='bbox 1820 1455 1933 1486; x_wconf 80' lang='lat' dir='ltr'>faciens,</span> 
     </span>
     <span class='ocr_line' id='line_1_37' title="bbox 359 1491 1934 1528; baseline -0.003 -3"><span class='ocrx_word' id='word_1_549' title='bbox 359 1495 490 1525; x_wconf 86' lang='lat' dir='ltr'>meminit</span> <span class='ocrx_word' id='word_1_550' title='bbox 511 1499 542 1522; x_wconf 90' lang='lat' dir='ltr'>L.</span> <span class='ocrx_word' id='word_1_551' title='bbox 559 1493 698 1528; x_wconf 74' lang='lat' dir='ltr'>Philippum</span> <span class='ocrx_word' id='word_1_552' title='bbox 717 1496 743 1522; x_wconf 86' lang='lat'>&amp;</span> <span class='ocrx_word' id='word_1_553' title='bbox 760 1497 791 1520; x_wconf 86' lang='lat' dir='ltr'>C.</span> <span class='ocrx_word' id='word_1_554' title='bbox 805 1493 953 1520; x_wconf 76' lang='lat' dir='ltr'>Marcellum</span> <span class='ocrx_word' id='word_1_555' title='bbox 968 1495 1086 1520; x_wconf 63' lang='lat' dir='ltr'>Aricina</span> <span class='ocrx_word' id='word_1_556' title='bbox 1101 1502 1190 1518; x_wconf 81' lang='lat' dir='ltr'>uxores</span> <span class='ocrx_word' id='word_1_557' title='bbox 1203 1491 1317 1520; x_wconf 87' lang='lat' dir='ltr'>habuisse</span> <span class='ocrx_word' id='word_1_558' title='bbox 1331 1503 1336 1519; x_wconf 90' lang='lat'>:</span> <span class='ocrx_word' id='word_1_559' title='bbox 1359 1494 1482 1521; x_wconf 85' lang='lat' dir='ltr'>Aricinos</span> <span class='ocrx_word' id='word_1_560' title='bbox 1495 1500 1587 1520; x_wconf 83' lang='lat' dir='ltr'>autem</span> <span class='ocrx_word' id='word_1_561' title='bbox 1602 1493 1748 1528; x_wconf 86' lang='lat' dir='ltr'>municipes</span> <span class='ocrx_word' id='word_1_562' title='bbox 1762 1492 1836 1520; x_wconf 89' lang='lat' dir='ltr'>fuisse</span> <span class='ocrx_word' id='word_1_563' title='bbox 1849 1494 1934 1520; x_wconf 85' lang='lat' dir='ltr'>mani-</span> 
     </span>
     <span class='ocr_line' id='line_1_38' title="bbox 360 1529 1935 1567; baseline -0.002 -6"><span class='ocrx_word' id='word_1_564' title='bbox 360 1534 457 1563; x_wconf 89' lang='lat' dir='ltr'>festum</span> <span class='ocrx_word' id='word_1_565' title='bbox 474 1533 518 1560; x_wconf 90' lang='lat' dir='ltr'>est.</span> <span class='ocrx_word' id='word_1_566' title='bbox 553 1533 584 1559; x_wconf 90' lang='lat' dir='ltr'>In</span> <span class='ocrx_word' id='word_1_567' title='bbox 602 1532 655 1567; x_wconf 72' lang='lat' dir='ltr'>ipia</span> <span class='ocrx_word' id='word_1_568' title='bbox 668 1538 760 1559; x_wconf 83' lang='lat' dir='ltr'>tamen</span> <span class='ocrx_word' id='word_1_569' title='bbox 774 1531 847 1558; x_wconf 90' lang='lat' dir='ltr'>Urbe</span> <span class='ocrx_word' id='word_1_570' title='bbox 860 1530 1003 1558; x_wconf 85' lang='lat' dir='ltr'>discrimen</span> <span class='ocrx_word' id='word_1_571' title='bbox 1018 1529 1124 1566; x_wconf 82' lang='lat' dir='ltr'>aliquod</span> <span class='ocrx_word' id='word_1_572' title='bbox 1139 1531 1334 1558; x_wconf 85' lang='lat' dir='ltr'>connubiorum</span> <span class='ocrx_word' id='word_1_573' title='bbox 1344 1551 1352 1564; x_wconf 94' lang='lat'>‚</span> <span class='ocrx_word' id='word_1_574' title='bbox 1372 1532 1442 1559; x_wconf 89' lang='lat' dir='ltr'>inter</span> <span class='ocrx_word' id='word_1_575' title='bbox 1451 1539 1571 1565; x_wconf 65' lang='lat' dir='ltr'>patricios</span> <span class='ocrx_word' id='word_1_576' title='bbox 1585 1533 1611 1558; x_wconf 56' lang='grc' dir='ltr'>ἃ</span> <span class='ocrx_word' id='word_1_577' title='bbox 1619 1529 1722 1564; x_wconf 75' lang='lat' dir='ltr'>plebejos</span> <span class='ocrx_word' id='word_1_578' title='bbox 1737 1530 1824 1562; x_wconf 81' lang='lat' dir='ltr'>fuiffe,</span> <span class='ocrx_word' id='word_1_579' title='bbox 1844 1540 1879 1557; x_wconf 85' lang='lat' dir='ltr'>ne</span> <span class='ocrx_word' id='word_1_580' title='bbox 1896 1531 1935 1558; x_wconf 87' lang='lat' dir='ltr'>vi-</span> 
     </span>
     <span class='ocr_line' id='line_1_39' title="bbox 357 1566 1934 1605; baseline -0.003 -5"><span class='ocrx_word' id='word_1_581' title='bbox 357 1571 458 1601; x_wconf 76' lang='lat' dir='ltr'>,delicet</span> <span class='ocrx_word' id='word_1_582' title='bbox 472 1568 586 1604; x_wconf 81' lang='lat' dir='ltr'>patriciis</span> <span class='ocrx_word' id='word_1_583' title='bbox 604 1578 666 1597; x_wconf 89' lang='lat' dir='ltr'>cum</span> <span class='ocrx_word' id='word_1_584' title='bbox 682 1568 783 1603; x_wconf 77' lang='lat' dir='ltr'>plebejis</span> <span class='ocrx_word' id='word_1_585' title='bbox 803 1570 900 1596; x_wconf 61' lang='lat' dir='ltr'>Romz</span> <span class='ocrx_word' id='word_1_586' title='bbox 920 1567 1084 1595; x_wconf 85' lang='lat' dir='ltr'>connubium</span> <span class='ocrx_word' id='word_1_587' title='bbox 1100 1568 1163 1596; x_wconf 81' lang='lat' dir='ltr'>effet</span> <span class='ocrx_word' id='word_1_588' title='bbox 1176 1589 1183 1600; x_wconf 90' lang='lat'>,</span> <span class='ocrx_word' id='word_1_589' title='bbox 1210 1576 1270 1596; x_wconf 85' lang='lat' dir='ltr'>tum</span> <span class='ocrx_word' id='word_1_590' title='bbox 1283 1568 1324 1596; x_wconf 85' lang='lat' dir='ltr'>lex</span> <span class='ocrx_word' id='word_1_591' title='bbox 1339 1579 1370 1596; x_wconf 75' lang='lat' dir='ltr'>xx</span> <span class='ocrx_word' id='word_1_592' title='bbox 1380 1580 1401 1597; x_wconf 87' lang='lat'>1.</span> <span class='ocrx_word' id='word_1_593' title='bbox 1416 1569 1483 1597; x_wconf 89' lang='lat' dir='ltr'>Tab.</span> <span class='ocrx_word' id='word_1_594' title='bbox 1497 1577 1554 1605; x_wconf 85' lang='lat' dir='ltr'>quae</span> <span class='ocrx_word' id='word_1_595' title='bbox 1568 1569 1582 1595; x_wconf 71' lang='grc' dir='ltr'>’ἐι</span> <span class='ocrx_word' id='word_1_596' title='bbox 1595 1566 1706 1605; x_wconf 66' lang='lat' dir='ltr'>Dionysio</span> <span class='ocrx_word' id='word_1_597' title='bbox 1721 1568 1765 1596; x_wconf 86' lang='lat' dir='ltr'>lib.</span> <span class='ocrx_word' id='word_1_598' title='bbox 1785 1579 1825 1596; x_wconf 83' lang='lat'>11.</span> <span class='ocrx_word' id='word_1_599' title='bbox 1837 1569 1934 1598; x_wconf 82' lang='lat' dir='ltr'>recita-</span> 
     </span>
     <span class='ocr_line' id='line_1_40' title="bbox 360 1604 1935 1643; baseline -0.001 -6"><span class='ocrx_word' id='word_1_600' title='bbox 360 1618 405 1638; x_wconf 84' lang='lat' dir='ltr'>tur</span> <span class='ocrx_word' id='word_1_601' title='bbox 419 1620 424 1636; x_wconf 90' lang='grc'>;</span> <span class='ocrx_word' id='word_1_602' title='bbox 453 1617 513 1637; x_wconf 87' lang='lat' dir='ltr'>tum</span> <span class='ocrx_word' id='word_1_603' title='bbox 526 1609 613 1635; x_wconf 89' lang='lat' dir='ltr'>oratio</span> <span class='ocrx_word' id='word_1_604' title='bbox 627 1608 660 1634; x_wconf 88' lang='lat' dir='ltr'>C.</span> <span class='ocrx_word' id='word_1_605' title='bbox 676 1607 787 1634; x_wconf 89' lang='lat' dir='ltr'>Canulei</span> <span class='ocrx_word' id='word_1_606' title='bbox 801 1627 808 1639; x_wconf 85' lang='lat'>‚</span> <span class='ocrx_word' id='word_1_607' title='bbox 835 1607 897 1634; x_wconf 85' lang='lat' dir='ltr'>trib.</span> <span class='ocrx_word' id='word_1_608' title='bbox 917 1606 987 1642; x_wconf 87' lang='lat' dir='ltr'>pleb.</span> <span class='ocrx_word' id='word_1_609' title='bbox 1008 1606 1115 1633; x_wconf 83' lang='lat' dir='ltr'>testatur</span> <span class='ocrx_word' id='word_1_610' title='bbox 1129 1626 1137 1638; x_wconf 96' lang='lat'>‚</span> <span class='ocrx_word' id='word_1_611' title='bbox 1163 1607 1207 1643; x_wconf 86' lang='lat' dir='ltr'>qui</span> <span class='ocrx_word' id='word_1_612' title='bbox 1223 1607 1290 1642; x_wconf 88' lang='lat' dir='ltr'>apud</span> <span class='ocrx_word' id='word_1_613' title='bbox 1304 1604 1408 1634; x_wconf 81' lang='lat' dir='ltr'>Livium</span> <span class='ocrx_word' id='word_1_614' title='bbox 1421 1607 1500 1642; x_wconf 78' lang='lat' dir='ltr'>lib.4.</span> <span class='ocrx_word' id='word_1_615' title='bbox 1514 1607 1593 1633; x_wconf 85' lang='lat' dir='ltr'>initio</span> <span class='ocrx_word' id='word_1_616' title='bbox 1607 1607 1643 1634; x_wconf 88' lang='lat' dir='ltr'>ita</span> <span class='ocrx_word' id='word_1_617' title='bbox 1656 1606 1846 1634; x_wconf 82' lang='lat' dir='ltr'>concionatur:</span> <span class='ocrx_word' id='word_1_618' title='bbox 1872 1609 1935 1635; x_wconf 88' lang='lat' dir='ltr'>Hoc</span> 
     </span>
     <span class='ocr_line' id='line_1_41' title="bbox 361 1643 1937 1684; baseline -0.001 -9"><span class='ocrx_word' id='word_1_619' title='bbox 361 1647 449 1684; x_wconf 86' lang='lat' dir='ltr'>ipsum</span> <span class='ocrx_word' id='word_1_620' title='bbox 462 1667 469 1678; x_wconf 92' lang='lat'>,</span> <span class='ocrx_word' id='word_1_621' title='bbox 495 1656 529 1673; x_wconf 89' lang='lat' dir='ltr'>ne</span> <span class='ocrx_word' id='word_1_622' title='bbox 549 1645 713 1673; x_wconf 90' lang='lat' dir='ltr'>connubium</span> <span class='ocrx_word' id='word_1_623' title='bbox 726 1643 841 1678; x_wconf 76' lang='lat' dir='ltr'>partibus</span> <span class='ocrx_word' id='word_1_624' title='bbox 860 1654 923 1672; x_wconf 90' lang='lat' dir='ltr'>cum</span> <span class='ocrx_word' id='word_1_625' title='bbox 942 1644 1018 1681; x_wconf 86' lang='lat' dir='ltr'>plebe</span> <span class='ocrx_word' id='word_1_626' title='bbox 1037 1643 1099 1671; x_wconf 84' lang='lat' dir='ltr'>esset</span> <span class='ocrx_word' id='word_1_627' title='bbox 1111 1665 1117 1675; x_wconf 90' lang='lat'>,</span> <span class='ocrx_word' id='word_1_628' title='bbox 1143 1654 1199 1672; x_wconf 89' lang='lat' dir='ltr'>non</span> <span class='ocrx_word' id='word_1_629' title='bbox 1218 1645 1363 1672; x_wconf 85' lang='lat' dir='ltr'>decemviri</span> <span class='ocrx_word' id='word_1_630' title='bbox 1384 1646 1500 1673; x_wconf 80' lang='lat' dir='ltr'>tulerunt</span> <span class='ocrx_word' id='word_1_631' title='bbox 1512 1666 1521 1677; x_wconf 92' lang='lat'><em>‚</em></span> <span class='ocrx_word' id='word_1_632' title='bbox 1547 1645 1634 1681; x_wconf 80' lang='lat' dir='ltr'>paucis</span> <span class='ocrx_word' id='word_1_633' title='bbox 1653 1643 1692 1671; x_wconf 85' lang='lat' dir='ltr'>his</span> <span class='ocrx_word' id='word_1_634' title='bbox 1711 1645 1800 1676; x_wconf 80' lang='lat' dir='ltr'>annis,</span> <span class='ocrx_word' id='word_1_635' title='bbox 1821 1645 1937 1680; x_wconf 83' lang='lat' dir='ltr'>pcffimo</span> 
     </span>
     <span class='ocr_line' id='line_1_42' title="bbox 363 1681 1935 1722; baseline -0.003 -9"><span class='ocrx_word' id='word_1_636' title='bbox 363 1683 490 1722; x_wconf 84' lang='lat' dir='ltr'>exemplo</span> <span class='ocrx_word' id='word_1_637' title='bbox 502 1683 623 1721; x_wconf 90' lang='lat' dir='ltr'>publico,</span> <span class='ocrx_word' id='word_1_638' title='bbox 645 1692 708 1711; x_wconf 91' lang='lat' dir='ltr'>cum</span> <span class='ocrx_word' id='word_1_639' title='bbox 721 1682 827 1710; x_wconf 87' lang='lat' dir='ltr'>summa</span> <span class='ocrx_word' id='word_1_640' title='bbox 842 1683 937 1718; x_wconf 85' lang='lat' dir='ltr'>injuria</span> <span class='ocrx_word' id='word_1_641' title='bbox 951 1682 1052 1718; x_wconf 76' lang='lat' dir='ltr'>plebis?</span> <span class='ocrx_word' id='word_1_642' title='bbox 1070 1691 1103 1709; x_wconf 81' lang='lat' dir='ltr'>an</span> <span class='ocrx_word' id='word_1_643' title='bbox 1117 1682 1167 1710; x_wconf 83' lang='lat' dir='ltr'>esse</span> <span class='ocrx_word' id='word_1_644' title='bbox 1179 1682 1231 1710; x_wconf 85' lang='lat' dir='ltr'>ulla</span> <span class='ocrx_word' id='word_1_645' title='bbox 1244 1683 1346 1718; x_wconf 86' lang='lat' dir='ltr'>major,</span> <span class='ocrx_word' id='word_1_646' title='bbox 1367 1691 1412 1711; x_wconf 82' lang='lat' dir='ltr'>aut</span> <span class='ocrx_word' id='word_1_647' title='bbox 1426 1683 1552 1720; x_wconf 60' lang='lat' dir='ltr'>insignior</span> <span class='ocrx_word' id='word_1_648' title='bbox 1566 1681 1833 1719; x_wconf 85' lang='lat' dir='ltr'>contumeliapotest‚</span> <span class='ocrx_word' id='word_1_649' title='bbox 1853 1692 1935 1719; x_wconf 79' lang='lat' dir='ltr'>quam</span> 
     </span>
     <span class='ocr_line' id='line_1_43' title="bbox 364 1718 1937 1760; baseline -0.001 -11"><span class='ocrx_word' id='word_1_650' title='bbox 364 1731 470 1760; x_wconf 83' lang='lat' dir='ltr'>partem</span> <span class='ocrx_word' id='word_1_651' title='bbox 484 1722 596 1750; x_wconf 84' lang='lat' dir='ltr'>civitatis</span> <span class='ocrx_word' id='word_1_652' title='bbox 609 1742 618 1755; x_wconf 86' lang='lat'><em>,</em></span> <span class='ocrx_word' id='word_1_653' title='bbox 644 1720 715 1749; x_wconf 90' lang='lat' dir='ltr'>velut</span> <span class='ocrx_word' id='word_1_654' title='bbox 731 1722 941 1748; x_wconf 75' lang='lat' dir='ltr'>contaminatam</span> <span class='ocrx_word' id='word_1_655' title='bbox 951 1740 958 1751; x_wconf 90' lang='lat'>‚</span> <span class='ocrx_word' id='word_1_656' title='bbox 983 1720 1121 1756; x_wconf 81' lang='lat' dir='ltr'>indignam</span> <span class='ocrx_word' id='word_1_657' title='bbox 1135 1721 1269 1748; x_wconf 87' lang='lat' dir='ltr'>connubio</span> <span class='ocrx_word' id='word_1_658' title='bbox 1282 1720 1371 1748; x_wconf 87' lang='lat' dir='ltr'>haberi</span> <span class='ocrx_word' id='word_1_659' title='bbox 1385 1724 1394 1749; x_wconf 90' lang='lat'>?</span> <span class='ocrx_word' id='word_1_660' title='bbox 1416 1722 1479 1760; x_wconf 88' lang='lat' dir='ltr'>quid</span> <span class='ocrx_word' id='word_1_661' title='bbox 1495 1722 1529 1748; x_wconf 86' lang='lat' dir='ltr'>est</span> <span class='ocrx_word' id='word_1_662' title='bbox 1544 1721 1613 1748; x_wconf 82' lang='lat' dir='ltr'>aliud</span> <span class='ocrx_word' id='word_1_663' title='bbox 1622 1741 1629 1751; x_wconf 92' lang='lat'>,</span> <span class='ocrx_word' id='word_1_664' title='bbox 1652 1729 1733 1756; x_wconf 87' lang='lat' dir='ltr'>quam</span> <span class='ocrx_word' id='word_1_665' title='bbox 1747 1718 1854 1746; x_wconf 78' lang='lat' dir='ltr'>exilium</span> <span class='ocrx_word' id='word_1_666' title='bbox 1867 1722 1937 1748; x_wconf 78' lang='lat' dir='ltr'>intra</span> 
     </span>
     <span class='ocr_line' id='line_1_44' title="bbox 363 1757 1936 1797; baseline -0.003 -8"><span class='ocrx_word' id='word_1_667' title='bbox 363 1761 459 1789; x_wconf 88' lang='lat' dir='ltr'>eadem</span> <span class='ocrx_word' id='word_1_668' title='bbox 473 1761 576 1788; x_wconf 69' lang='lat' dir='ltr'>moenia</span> <span class='ocrx_word' id='word_1_669' title='bbox 589 1780 596 1790; x_wconf 93' lang='lat'><em>‚</em></span> <span class='ocrx_word' id='word_1_670' title='bbox 620 1768 701 1796; x_wconf 91' lang='lat' dir='ltr'>quam</span> <span class='ocrx_word' id='word_1_671' title='bbox 712 1758 886 1796; x_wconf 72' lang='lat' dir='ltr'>relegationem</span> <span class='ocrx_word' id='word_1_672' title='bbox 899 1759 952 1795; x_wconf 83' lang='lat' dir='ltr'>pati</span> <span class='ocrx_word' id='word_1_673' title='bbox 967 1761 976 1785; x_wconf 92' lang='lat'>?</span> <span class='ocrx_word' id='word_1_674' title='bbox 1001 1768 1034 1785; x_wconf 87' lang='lat' dir='ltr'>ne</span> <span class='ocrx_word' id='word_1_675' title='bbox 1047 1758 1218 1787; x_wconf 83' lang='lat' dir='ltr'>affinitatibus</span> <span class='ocrx_word' id='word_1_676' title='bbox 1230 1778 1239 1788; x_wconf 83' lang='lat'><em>,</em></span> <span class='ocrx_word' id='word_1_677' title='bbox 1266 1769 1299 1786; x_wconf 90' lang='lat' dir='ltr'>ne</span> <span class='ocrx_word' id='word_1_678' title='bbox 1316 1760 1557 1797; x_wconf 80' lang='lat' dir='ltr'>propinquitatibus</span> <span class='ocrx_word' id='word_1_679' title='bbox 1576 1757 1778 1786; x_wconf 81' lang='lat' dir='ltr'>immisceamur</span> <span class='ocrx_word' id='word_1_680' title='bbox 1790 1778 1797 1789; x_wconf 89' lang='lat'>‚</span> <span class='ocrx_word' id='word_1_681' title='bbox 1824 1766 1936 1786; x_wconf 82' lang='lat' dir='ltr'>cavent:</span> 
     </span>
     <span class='ocr_line' id='line_1_45' title="bbox 362 1795 1938 1834; baseline -0.003 -7"><span class='ocrx_word' id='word_1_682' title='bbox 362 1809 402 1829; x_wconf 64' lang='lat' dir='ltr'>‚ne</span> <span class='ocrx_word' id='word_1_683' title='bbox 419 1799 535 1827; x_wconf 86' lang='lat' dir='ltr'>societur</span> <span class='ocrx_word' id='word_1_684' title='bbox 553 1797 666 1834; x_wconf 87' lang='lat' dir='ltr'>sanguis,</span> <span class='ocrx_word' id='word_1_685' title='bbox 686 1804 796 1834; x_wconf 85' lang='lat' dir='ltr'>cavent,</span> <span class='ocrx_word' id='word_1_686' title='bbox 817 1799 869 1826; x_wconf 62' lang='grc' dir='ltr'>δίς.</span> <span class='ocrx_word' id='word_1_687' title='bbox 910 1797 1082 1824; x_wconf 85' lang='lat' dir='ltr'>Pervicerunt</span> <span class='ocrx_word' id='word_1_688' title='bbox 1099 1805 1190 1824; x_wconf 84' lang='lat' dir='ltr'>autem</span> <span class='ocrx_word' id='word_1_689' title='bbox 1202 1795 1395 1832; x_wconf 76' lang='lat' dir='ltr'>tribuniplebis,</span> <span class='ocrx_word' id='word_1_690' title='bbox 1415 1799 1478 1825; x_wconf 85' lang='lat' dir='ltr'>licet</span> <span class='ocrx_word' id='word_1_691' title='bbox 1497 1797 1600 1832; x_wconf 81' lang='lat' dir='ltr'>magnis</span> <span class='ocrx_word' id='word_1_692' title='bbox 1619 1795 1846 1826; x_wconf 88' lang='lat' dir='ltr'>contentionibus,</span> <span class='ocrx_word' id='word_1_693' title='bbox 1867 1805 1938 1823; x_wconf 84' lang='lat' dir='ltr'>anno</span> 
     </span>
     <span class='ocr_line' id='line_1_46' title="bbox 365 1832 1937 1870; baseline -0.003 -5"><span class='ocrx_word' id='word_1_694' title='bbox 365 1840 401 1865; x_wconf 88' lang='lat' dir='ltr'>U.</span> <span class='ocrx_word' id='word_1_695' title='bbox 415 1839 447 1865; x_wconf 91' lang='lat' dir='ltr'>C.</span> <span class='ocrx_word' id='word_1_696' title='bbox 460 1845 551 1865; x_wconf 80' lang='lat' dir='ltr'>cccxx.</span> <span class='ocrx_word' id='word_1_697' title='bbox 570 1832 635 1865; x_wconf 80' lang='lat' dir='ltr'>teste</span> <span class='ocrx_word' id='word_1_698' title='bbox 646 1834 720 1862; x_wconf 73' lang='lat' dir='ltr'>Livio</span> <span class='ocrx_word' id='word_1_699' title='bbox 732 1834 749 1861; x_wconf 87' lang='lat' dir='ltr'>l.</span> <span class='ocrx_word' id='word_1_700' title='bbox 760 1843 787 1870; x_wconf 93' lang='lat'>4.</span> <span class='ocrx_word' id='word_1_701' title='bbox 802 1842 831 1862; x_wconf 90' lang='lat' dir='ltr'>ut</span> <span class='ocrx_word' id='word_1_702' title='bbox 844 1834 974 1862; x_wconf 91' lang='lat' dir='ltr'>connubia</span> <span class='ocrx_word' id='word_1_703' title='bbox 986 1837 1056 1861; x_wconf 87' lang='lat' dir='ltr'>inter</span> <span class='ocrx_word' id='word_1_704' title='bbox 1062 1833 1182 1867; x_wconf 73' lang='lat' dir='ltr'>patricios</span> <span class='ocrx_word' id='word_1_705' title='bbox 1191 1837 1222 1863; x_wconf 71' lang='grc' dir='ltr'>ὅ(</span> <span class='ocrx_word' id='word_1_706' title='bbox 1230 1834 1334 1870; x_wconf 72' lang='lat' dir='ltr'>plebejos</span> <span class='ocrx_word' id='word_1_707' title='bbox 1347 1836 1503 1863; x_wconf 90' lang='lat' dir='ltr'>communia</span> <span class='ocrx_word' id='word_1_708' title='bbox 1515 1835 1604 1862; x_wconf 72' lang='lat' dir='ltr'>client.</span> <span class='ocrx_word' id='word_1_709' title='bbox 1645 1833 1726 1869; x_wconf 85' lang='lat' dir='ltr'>Qod</span> <span class='ocrx_word' id='word_1_710' title='bbox 1740 1834 1821 1861; x_wconf 87' lang='lat' dir='ltr'>etiam</span> <span class='ocrx_word' id='word_1_711' title='bbox 1836 1843 1886 1861; x_wconf 82' lang='lat' dir='ltr'>nec</span> <span class='ocrx_word' id='word_1_712' title='bbox 1898 1834 1937 1860; x_wconf 80' lang='lat' dir='ltr'>in-</span> 
     </span>
     <span class='ocr_line' id='line_1_47' title="bbox 358 1871 1936 1913; baseline -0.002 -11"><span class='ocrx_word' id='word_1_713' title='bbox 358 1886 458 1913; x_wconf 79' lang='lat' dir='ltr'>genuus</span> <span class='ocrx_word' id='word_1_714' title='bbox 475 1873 620 1902; x_wconf 80' lang='lat' dir='ltr'>libertinam</span> <span class='ocrx_word' id='word_1_715' title='bbox 632 1894 641 1904; x_wconf 94' lang='lat'><em>‚</em></span> <span class='ocrx_word' id='word_1_716' title='bbox 667 1882 716 1902; x_wconf 87' lang='lat' dir='ltr'>nec</span> <span class='ocrx_word' id='word_1_717' title='bbox 728 1872 864 1900; x_wconf 79' lang='lat' dir='ltr'>libertinus</span> <span class='ocrx_word' id='word_1_718' title='bbox 879 1874 1024 1909; x_wconf 81' lang='lat' dir='ltr'>ingenuam</span> <span class='ocrx_word' id='word_1_719' title='bbox 1037 1872 1134 1899; x_wconf 86' lang='lat' dir='ltr'>ducere</span> <span class='ocrx_word' id='word_1_720' title='bbox 1146 1873 1264 1908; x_wconf 84' lang='lat' dir='ltr'>potuerit</span> <span class='ocrx_word' id='word_1_721' title='bbox 1277 1882 1390 1901; x_wconf 81' lang='lat' dir='ltr'>uxorem</span> <span class='ocrx_word' id='word_1_722' title='bbox 1405 1884 1436 1901; x_wconf 83' lang='lat' dir='ltr'>ex</span> <span class='ocrx_word' id='word_1_723' title='bbox 1448 1873 1499 1910; x_wconf 80' lang='lat' dir='ltr'>lege</span> <span class='ocrx_word' id='word_1_724' title='bbox 1514 1877 1592 1906; x_wconf 68' lang='lat' dir='ltr'>Papia</span> <span class='ocrx_word' id='word_1_725' title='bbox 1607 1874 1700 1905; x_wconf 65' lang='lat' dir='ltr'>Poppaea</span> <span class='ocrx_word' id='word_1_726' title='bbox 1714 1891 1722 1901; x_wconf 92' lang='lat'><em>‚</em></span> <span class='ocrx_word' id='word_1_727' title='bbox 1749 1880 1807 1907; x_wconf 78' lang='lat' dir='ltr'>quae</span> <span class='ocrx_word' id='word_1_728' title='bbox 1819 1871 1871 1898; x_wconf 83' lang='lat' dir='ltr'>hoc</span> <span class='ocrx_word' id='word_1_729' title='bbox 1884 1873 1936 1909; x_wconf 86' lang='lat' dir='ltr'>pri-</span> 
     </span>
     <span class='ocr_line' id='line_1_48' title="bbox 366 1909 1938 1948; baseline -0.003 -8"><span class='ocrx_word' id='word_1_730' title='bbox 366 1923 443 1942; x_wconf 81' lang='lat' dir='ltr'>mum</span> <span class='ocrx_word' id='word_1_731' title='bbox 458 1912 599 1943; x_wconf 84' lang='lat' dir='ltr'>conceffit,</span> <span class='ocrx_word' id='word_1_732' title='bbox 619 1918 738 1947; x_wconf 85' lang='lat' dir='ltr'>apparet:</span> <span class='ocrx_word' id='word_1_733' title='bbox 759 1919 840 1947; x_wconf 86' lang='lat' dir='ltr'>quam</span> <span class='ocrx_word' id='word_1_734' title='bbox 854 1911 957 1947; x_wconf 85' lang='lat' dir='ltr'>legem,</span> <span class='ocrx_word' id='word_1_735' title='bbox 977 1909 1043 1937; x_wconf 85' lang='lat' dir='ltr'>ficut</span> <span class='ocrx_word' id='word_1_736' title='bbox 1056 1912 1083 1938; x_wconf 62' lang='grc' dir='ltr'>ὃς</span> <span class='ocrx_word' id='word_1_737' title='bbox 1095 1917 1183 1938; x_wconf 82' lang='lat' dir='ltr'>totam</span> <span class='ocrx_word' id='word_1_738' title='bbox 1195 1910 1262 1938; x_wconf 74' lang='lat' dir='ltr'>hanc</span> <span class='ocrx_word' id='word_1_739' title='bbox 1277 1912 1448 1947; x_wconf 65' lang='lat' dir='ltr'>quaestionem</span> <span class='ocrx_word' id='word_1_740' title='bbox 1461 1910 1664 1939; x_wconf 82' lang='lat' dir='ltr'>luculentissime</span> <span class='ocrx_word' id='word_1_741' title='bbox 1677 1909 1819 1945; x_wconf 79' lang='lat' dir='ltr'>explicavit</span> <span class='ocrx_word' id='word_1_742' title='bbox 1833 1909 1938 1948; x_wconf 84' lang='lat' dir='ltr'>elegan-</span> 
     </span>
     <span class='ocr_line' id='line_1_49' title="bbox 366 1946 1339 1986; baseline -0.004 -7"><span class='ocrx_word' id='word_1_743' title='bbox 366 1952 415 1979; x_wconf 70' lang='lat' dir='ltr'>tiss]</span> <span class='ocrx_word' id='word_1_744' title='bbox 429 1953 476 1979; x_wconf 88' lang='lat' dir='ltr'>lC.</span> <span class='ocrx_word' id='word_1_745' title='bbox 490 1952 566 1978; x_wconf 66' lang='lat' dir='ltr'>Baz‘n.</span> <span class='ocrx_word' id='word_1_746' title='bbox 581 1949 721 1977; x_wconf 73' lang='lat' dir='ltr'>Briss‘onius</span> <span class='ocrx_word' id='word_1_747' title='bbox 734 1946 776 1976; x_wconf 77' lang='lat' dir='ltr'>lib.</span> <span class='ocrx_word' id='word_1_748' title='bbox 779 1947 906 1986; x_wconf 71' lang='lat' dir='ltr'>singulari</span> <span class='ocrx_word' id='word_1_749' title='bbox 919 1949 950 1974; x_wconf 82' lang='lat' dir='ltr'>de</span> <span class='ocrx_word' id='word_1_750' title='bbox 964 1946 1038 1983; x_wconf 83' lang='lat' dir='ltr'>Jure</span> <span class='ocrx_word' id='word_1_751' title='bbox 1050 1948 1148 1976; x_wconf 73' lang='lat' dir='ltr'>cannah.</span> <span class='ocrx_word' id='word_1_752' title='bbox 1162 1957 1244 1985; x_wconf 86' lang='lat' dir='ltr'>quem</span> <span class='ocrx_word' id='word_1_753' title='bbox 1259 1952 1339 1986; x_wconf 80' lang='lat' dir='ltr'>leges.</span> 
     </span>
    </p>

    <p class='ocr_par' dir='ltr' id='par_1_8' title="bbox 365 1984 1939 2176">
     <span class='ocr_line' id='line_1_50' title="bbox 405 1984 1939 2026; baseline -0.003 -10"><span class='ocrx_word' id='word_1_754' title='bbox 405 1990 528 2026; x_wconf 87' lang='lat' dir='ltr'>Sequitur</span> <span class='ocrx_word' id='word_1_755' title='bbox 541 1988 648 2024; x_wconf 83' lang='lat' dir='ltr'>quaestio</span> <span class='ocrx_word' id='word_1_756' title='bbox 661 1987 739 2015; x_wconf 85' lang='lat' dir='ltr'>tertia</span> <span class='ocrx_word' id='word_1_757' title='bbox 751 1987 782 2013; x_wconf 83' lang='lat' dir='ltr'>de</span> <span class='ocrx_word' id='word_1_758' title='bbox 795 1996 903 2021; x_wconf 78' lang='lat' dir='ltr'>tempore</span> <span class='ocrx_word' id='word_1_759' title='bbox 915 1985 1065 2013; x_wconf 80' lang='lat' dir='ltr'>celebrandis</span> <span class='ocrx_word' id='word_1_760' title='bbox 1075 1985 1166 2021; x_wconf 74' lang='lat' dir='ltr'>nuptiis</span> <span class='ocrx_word' id='word_1_761' title='bbox 1180 1987 1287 2015; x_wconf 83' lang='lat' dir='ltr'>idoneo.</span> <span class='ocrx_word' id='word_1_762' title='bbox 1318 1984 1469 2022; x_wconf 69' lang='lat' dir='ltr'>sponsalibus</span> <span class='ocrx_word' id='word_1_763' title='bbox 1481 1985 1556 2013; x_wconf 67' lang='lat' dir='ltr'>fastis</span> <span class='ocrx_word' id='word_1_764' title='bbox 1568 2007 1575 2016; x_wconf 93' lang='lat'>,</span> <span class='ocrx_word' id='word_1_765' title='bbox 1601 1984 1763 2022; x_wconf 84' lang='lat' dir='ltr'>consequens</span> <span class='ocrx_word' id='word_1_766' title='bbox 1776 1993 1832 2013; x_wconf 83' lang='lat' dir='ltr'>erat</span> <span class='ocrx_word' id='word_1_767' title='bbox 1847 1984 1939 2020; x_wconf 74' lang='lat' dir='ltr'>nuptiis</span> 
     </span>
     <span class='ocr_line' id='line_1_51' title="bbox 365 2022 1939 2061; baseline -0.001 -7"><span class='ocrx_word' id='word_1_768' title='bbox 365 2027 439 2054; x_wconf 88' lang='lat' dir='ltr'>diem</span> <span class='ocrx_word' id='word_1_769' title='bbox 452 2028 516 2054; x_wconf 87' lang='lat' dir='ltr'>dici:</span> <span class='ocrx_word' id='word_1_770' title='bbox 536 2034 587 2053; x_wconf 88' lang='lat' dir='ltr'>nec</span> <span class='ocrx_word' id='word_1_771' title='bbox 600 2035 664 2053; x_wconf 89' lang='lat' dir='ltr'>vero</span> <span class='ocrx_word' id='word_1_772' title='bbox 677 2033 794 2056; x_wconf 83' lang='lat' dir='ltr'>temere,</span> <span class='ocrx_word' id='word_1_773' title='bbox 815 2027 842 2052; x_wconf 68' lang='grc' dir='ltr'>δε</span> <span class='ocrx_word' id='word_1_774' title='bbox 856 2023 871 2051; x_wconf 75' lang='grc' dir='ltr'>ὲ</span> <span class='ocrx_word' id='word_1_775' title='bbox 885 2034 913 2052; x_wconf 88' lang='lat' dir='ltr'>re</span> <span class='ocrx_word' id='word_1_776' title='bbox 927 2032 1002 2056; x_wconf 88' lang='lat' dir='ltr'>nata,</span> <span class='ocrx_word' id='word_1_777' title='bbox 1023 2034 1054 2052; x_wconf 89' lang='lat' dir='ltr'>ac</span> <span class='ocrx_word' id='word_1_778' title='bbox 1067 2024 1199 2060; x_wconf 88' lang='lat' dir='ltr'>quolibet,</span> <span class='ocrx_word' id='word_1_779' title='bbox 1220 2033 1302 2061; x_wconf 86' lang='lat' dir='ltr'>prout</span> <span class='ocrx_word' id='word_1_780' title='bbox 1313 2025 1454 2056; x_wconf 76' lang='lat' dir='ltr'>incidisset,</span> <span class='ocrx_word' id='word_1_781' title='bbox 1475 2025 1516 2052; x_wconf 88' lang='lat' dir='ltr'>die</span> <span class='ocrx_word' id='word_1_782' title='bbox 1531 2023 1677 2051; x_wconf 80' lang='lat' dir='ltr'>nubebant:</span> <span class='ocrx_word' id='word_1_783' title='bbox 1699 2022 1742 2050; x_wconf 69' lang='lat' dir='ltr'>led</span> <span class='ocrx_word' id='word_1_784' title='bbox 1755 2024 1782 2050; x_wconf 91' lang='lat' dir='ltr'>in</span> <span class='ocrx_word' id='word_1_785' title='bbox 1795 2032 1825 2050; x_wconf 84' lang='lat' dir='ltr'>ea</span> <span class='ocrx_word' id='word_1_786' title='bbox 1839 2033 1868 2051; x_wconf 87' lang='lat' dir='ltr'>re</span> <span class='ocrx_word' id='word_1_787' title='bbox 1883 2034 1939 2052; x_wconf 90' lang='lat' dir='ltr'>non</span> 
     </span>
     <span class='ocr_line' id='line_1_52' title="bbox 365 2062 1939 2101; baseline -0.001 -10"><span class='ocrx_word' id='word_1_788' title='bbox 365 2064 454 2091; x_wconf 85' lang='lat' dir='ltr'>levem</span> <span class='ocrx_word' id='word_1_789' title='bbox 472 2062 605 2101; x_wconf 63' lang='lat' dir='ltr'>inmiſsum,</span> <span class='ocrx_word' id='word_1_790' title='bbox 624 2071 778 2098; x_wconf 83' lang='lat' dir='ltr'>temporum,</span> <span class='ocrx_word' id='word_1_791' title='bbox 799 2072 828 2091; x_wconf 88' lang='lat' dir='ltr'>ac</span> <span class='ocrx_word' id='word_1_792' title='bbox 840 2062 939 2089; x_wconf 77' lang='lat' dir='ltr'>dierum</span> <span class='ocrx_word' id='word_1_793' title='bbox 952 2063 1086 2090; x_wconf 64' lang='lat' dir='ltr'>delcetum</span> <span class='ocrx_word' id='word_1_794' title='bbox 1097 2062 1237 2091; x_wconf 78' lang='lat' dir='ltr'>habebant.</span> <span class='ocrx_word' id='word_1_795' title='bbox 1255 2067 1385 2090; x_wconf 77' lang='lat' dir='ltr'>Nonarum</span> <span class='ocrx_word' id='word_1_796' title='bbox 1397 2070 1469 2090; x_wconf 89' lang='lat' dir='ltr'>certe</span> <span class='ocrx_word' id='word_1_797' title='bbox 1483 2065 1510 2091; x_wconf 56' lang='grc' dir='ltr'>ἃ</span> <span class='ocrx_word' id='word_1_798' title='bbox 1524 2062 1698 2097; x_wconf 65' lang='lat' dir='ltr'>thlendarum</span> <span class='ocrx_word' id='word_1_799' title='bbox 1712 2062 1829 2098; x_wconf 83' lang='lat' dir='ltr'>posteros</span> <span class='ocrx_word' id='word_1_800' title='bbox 1843 2071 1939 2090; x_wconf 85' lang='lat' dir='ltr'>omnes</span> 
     </span>
     <span class='ocr_line' id='line_1_53' title="bbox 368 2100 1939 2138; baseline -0.001 -10"><span class='ocrx_word' id='word_1_801' title='bbox 368 2102 423 2129; x_wconf 84' lang='lat' dir='ltr'>dies</span> <span class='ocrx_word' id='word_1_802' title='bbox 437 2102 450 2129; x_wconf 78' lang='lat' dir='ltr'>&#39;a</span> <span class='ocrx_word' id='word_1_803' title='bbox 464 2102 561 2138; x_wconf 86' lang='lat' dir='ltr'>nuptiis</span> <span class='ocrx_word' id='word_1_804' title='bbox 573 2100 677 2129; x_wconf 83' lang='lat' dir='ltr'>habitos</span> <span class='ocrx_word' id='word_1_805' title='bbox 688 2101 801 2133; x_wconf 85' lang='lat' dir='ltr'>alienos,</span> <span class='ocrx_word' id='word_1_806' title='bbox 820 2105 892 2127; x_wconf 78' lang='lat' dir='ltr'>Sext.</span> <span class='ocrx_word' id='word_1_807' title='bbox 907 2105 992 2134; x_wconf 83' lang='lat' dir='ltr'>Pomp.</span> <span class='ocrx_word' id='word_1_808' title='bbox 1008 2100 1090 2136; x_wconf 71' lang='lat' dir='ltr'>festas</span> <span class='ocrx_word' id='word_1_809' title='bbox 1103 2100 1201 2129; x_wconf 86' lang='lat' dir='ltr'>scribit.</span> <span class='ocrx_word' id='word_1_810' title='bbox 1231 2102 1326 2129; x_wconf 80' lang='lat' dir='ltr'>Menlis</span> <span class='ocrx_word' id='word_1_811' title='bbox 1340 2103 1406 2129; x_wconf 82' lang='lat' dir='ltr'>item</span> <span class='ocrx_word' id='word_1_812' title='bbox 1420 2102 1505 2134; x_wconf 75' lang='lat' dir='ltr'>Majus</span> <span class='ocrx_word' id='word_1_813' title='bbox 1514 2122 1521 2132; x_wconf 94' lang='lat'>,</span> <span class='ocrx_word' id='word_1_814' title='bbox 1542 2100 1775 2137; x_wconf 86' lang='lat' dir='ltr'>quemadmodum</span> <span class='ocrx_word' id='word_1_815' title='bbox 1789 2100 1939 2127; x_wconf 81' lang='lat' dir='ltr'>Plutarchus</span> 
     </span>
     <span class='ocr_line' id='line_1_54' title="bbox 369 2136 1937 2176; baseline -0.003 -9"><span class='ocrx_word' id='word_1_816' title='bbox 369 2140 396 2167; x_wconf 90' lang='lat' dir='ltr'>in</span> <span class='ocrx_word' id='word_1_817' title='bbox 417 2140 512 2175; x_wconf 83' lang='lat' dir='ltr'>Qaest.</span> <span class='ocrx_word' id='word_1_818' title='bbox 533 2140 614 2165; x_wconf 88' lang='lat' dir='ltr'>Rom.</span> <span class='ocrx_word' id='word_1_819' title='bbox 629 2148 654 2176; x_wconf 90' lang='lat' dir='ltr'>q.</span> <span class='ocrx_word' id='word_1_820' title='bbox 665 2141 709 2168; x_wconf 88' lang='lat'>86.</span> <span class='ocrx_word' id='word_1_821' title='bbox 722 2140 830 2168; x_wconf 86' lang='lat' dir='ltr'>testatur</span> <span class='ocrx_word' id='word_1_822' title='bbox 844 2159 851 2169; x_wconf 90' lang='lat'>,</span> <span class='ocrx_word' id='word_1_823' title='bbox 874 2138 966 2173; x_wconf 81' lang='lat' dir='ltr'>nuptiis</span> <span class='ocrx_word' id='word_1_824' title='bbox 980 2138 1100 2176; x_wconf 75' lang='lat' dir='ltr'>infaustus</span> <span class='ocrx_word' id='word_1_825' title='bbox 1114 2141 1141 2167; x_wconf 70' lang='grc' dir='ltr'>ὃς</span> <span class='ocrx_word' id='word_1_826' title='bbox 1154 2139 1327 2176; x_wconf 84' lang='lat' dir='ltr'>inauspicatus</span> <span class='ocrx_word' id='word_1_827' title='bbox 1338 2139 1545 2168; x_wconf 80' lang='lat' dir='ltr'>existimabatur.</span> <span class='ocrx_word' id='word_1_828' title='bbox 1585 2139 1625 2166; x_wconf 84' lang='lat' dir='ltr'>Ex</span> <span class='ocrx_word' id='word_1_829' title='bbox 1640 2147 1694 2175; x_wconf 89' lang='lat' dir='ltr'>quo</span> <span class='ocrx_word' id='word_1_830' title='bbox 1707 2136 1771 2165; x_wconf 90' lang='lat' dir='ltr'>illud</span> <span class='ocrx_word' id='word_1_831' title='bbox 1784 2138 1851 2165; x_wconf 89' lang='lat' dir='ltr'>olim</span> <span class='ocrx_word' id='word_1_832' title='bbox 1865 2136 1937 2173; x_wconf 87' lang='lat' dir='ltr'>vulgi</span> 
     </span>
    </p>
   </div>
   <div class='ocr_carea' id='block_1_3' title="bbox 365 2176 1936 2243">
    <p class='ocr_par' dir='ltr' id='par_1_9' title="bbox 365 2176 1936 2243">
     <span class='ocr_line' id='line_1_55' title="bbox 365 2176 1936 2242; baseline 0 -39"><span class='ocrx_word' id='word_1_833' title='bbox 365 2177 490 2242; x_wconf 36' lang='lat' dir='ltr'>lserrano-ne</span> <span class='ocrx_word' id='word_1_834' title='bbox 503 2177 595 2241; x_wconf 43' lang='lat' dir='ltr'>triktxpm</span> <span class='ocrx_word' id='word_1_835' title='bbox 608 2177 795 2212; x_wconf 86' lang='lat' dir='ltr'>proverbium:</span> <span class='ocrx_word' id='word_1_836' title='bbox 815 2177 900 2210; x_wconf 64' lang='lat' dir='ltr'>Mens&amp;</span> <span class='ocrx_word' id='word_1_837' title='bbox 912 2179 981 2211; x_wconf 78' lang='lat' dir='ltr'><em>Majo</em></span> <span class='ocrx_word' id='word_1_838' title='bbox 993 2177 1091 2204; x_wconf 84' lang='lat' dir='ltr'>nubunt</span> <span class='ocrx_word' id='word_1_839' title='bbox 1102 2176 1181 2205; x_wconf 69' lang='lat' dir='ltr'>mala.</span> <span class='ocrx_word' id='word_1_840' title='bbox 1200 2178 1282 2206; x_wconf 88' lang='lat' dir='ltr'>Ovid.</span> <span class='ocrx_word' id='word_1_841' title='bbox 1293 2177 1339 2205; x_wconf 89' lang='lat' dir='ltr'>lib.</span> <span class='ocrx_word' id='word_1_842' title='bbox 1349 2187 1376 2215; x_wconf 88' lang='lat'>5.</span> <span class='ocrx_word' id='word_1_843' title='bbox 1392 2178 1488 2205; x_wconf 82' lang='lat' dir='ltr'>Fastor.</span> <span class='ocrx_word' id='word_1_844' title='bbox 1502 2176 1735 2215; x_wconf 87' lang='lat' dir='ltr'>quemadmodum</span> <span class='ocrx_word' id='word_1_845' title='bbox 1747 2176 1830 2204; x_wconf 80' lang='lat' dir='ltr'>etiam</span> <span class='ocrx_word' id='word_1_846' title='bbox 1843 2177 1870 2204; x_wconf 84' lang='lat' dir='ltr'>iu</span> <span class='ocrx_word' id='word_1_847' title='bbox 1882 2176 1936 2202; x_wconf 82' lang='lat' dir='ltr'>Ka-</span> 
     </span>
     <span class='ocr_line' id='line_1_56' title="bbox 376 2221 644 2243; baseline 0.004 -2"><span class='ocrx_word' id='word_1_848' title='bbox 376 2223 408 2241; x_wconf 88' lang='lat' dir='ltr'>en</span> <span class='ocrx_word' id='word_1_849' title='bbox 428 2222 482 2241; x_wconf 78' lang='lat' dir='ltr'>ario</span> <span class='ocrx_word' id='word_1_850' title='bbox 493 2221 533 2241; x_wconf 87' lang='lat' dir='ltr'>ret</span> <span class='ocrx_word' id='word_1_851' title='bbox 562 2223 644 2243; x_wconf 81' lang='lat' dir='ltr'>lmus:</span> 
     </span>
    </p>
   </div>
   <div class='ocr_carea' id='block_1_4' title="bbox 477 2250 1261 2290">
    <p class='ocr_par' dir='ltr' id='par_1_10' title="bbox 477 2250 1261 2290">
     <span class='ocr_line' id='line_1_57' title="bbox 477 2250 1261 2290; baseline 0.001 -10"><span class='ocrx_word' id='word_1_852' title='bbox 477 2254 484 2268; x_wconf 40' lang='grc' dir='ltr'><strong>Χ</strong></span> <span class='ocrx_word' id='word_1_853' title='bbox 673 2256 724 2280; x_wconf 80' lang='lat' dir='ltr'>Nec</span> <span class='ocrx_word' id='word_1_854' title='bbox 732 2252 816 2281; x_wconf 53' lang='lat' dir='ltr'>addua</span> <span class='ocrx_word' id='word_1_855' title='bbox 829 2251 899 2280; x_wconf 66' lang='lat' dir='ltr'>radis</span> <span class='ocrx_word' id='word_1_856' title='bbox 909 2252 997 2280; x_wconf 74' lang='lat' dir='ltr'>eadem</span> <span class='ocrx_word' id='word_1_857' title='bbox 1005 2274 1014 2285; x_wconf 93' lang='lat'><em>‚</em></span> <span class='ocrx_word' id='word_1_858' title='bbox 1032 2262 1074 2280; x_wconf 78' lang='lat' dir='ltr'>nec</span> <span class='ocrx_word' id='word_1_859' title='bbox 1085 2250 1190 2290; x_wconf 60' lang='lat' dir='ltr'>voginis</span> <span class='ocrx_word' id='word_1_860' title='bbox 1201 2262 1261 2288; x_wconf 83' lang='lat' dir='ltr'>apta</span> 
     </span>
    </p>
   </div>
   <div class='ocr_carea' id='block_1_5' title="bbox 674 2290 1329 2406">
    <p class='ocr_par' dir='ltr' id='par_1_11' title="bbox 674 2290 1329 2406">
     <span class='ocr_line' id='line_1_58' title="bbox 730 2290 1307 2330; baseline 0.005 -12"><span class='ocrx_word' id='word_1_861' title='bbox 730 2295 863 2326; x_wconf 79' lang='lat' dir='ltr'>Tempora,</span> <span class='ocrx_word' id='word_1_862' title='bbox 883 2301 936 2330; x_wconf 67' lang='lat' dir='ltr'>qua</span> <span class='ocrx_word' id='word_1_863' title='bbox 946 2290 1040 2330; x_wconf 81' lang='lat' dir='ltr'>nupfit,</span> <span class='ocrx_word' id='word_1_864' title='bbox 1060 2301 1102 2318; x_wconf 82' lang='lat' dir='ltr'>nec</span> <span class='ocrx_word' id='word_1_865' title='bbox 1114 2293 1236 2319; x_wconf 71' lang='lat' dir='ltr'>diuturna</span> <span class='ocrx_word' id='word_1_866' title='bbox 1243 2291 1307 2328; x_wconf 82' lang='lat' dir='ltr'>suit.</span> 
     </span>
     <span class='ocr_line' id='line_1_59' title="bbox 674 2328 1329 2369; baseline 0.006 -15"><span class='ocrx_word' id='word_1_867' title='bbox 674 2331 731 2354; x_wconf 76' lang='lat' dir='ltr'>Hac</span> <span class='ocrx_word' id='word_1_868' title='bbox 743 2339 840 2368; x_wconf 75' lang='lat' dir='ltr'>quoque</span> <span class='ocrx_word' id='word_1_869' title='bbox 853 2331 884 2356; x_wconf 84' lang='lat' dir='ltr'>de</span> <span class='ocrx_word' id='word_1_870' title='bbox 896 2329 982 2363; x_wconf 64' lang='lat' dir='ltr'>causta,</span> <span class='ocrx_word' id='word_1_871' title='bbox 993 2328 1024 2368; x_wconf 76' lang='lat' dir='ltr'><em>fi</em></span> <span class='ocrx_word' id='word_1_872' title='bbox 1031 2337 1057 2356; x_wconf 83' lang='lat' dir='ltr'>te</span> <span class='ocrx_word' id='word_1_873' title='bbox 1063 2328 1194 2363; x_wconf 75' lang='lat' dir='ltr'>proverbia</span> <span class='ocrx_word' id='word_1_874' title='bbox 1206 2339 1329 2369; x_wconf 56' lang='lat' dir='ltr'>tmggunt,</span> 
     </span>
     <span class='ocr_line' id='line_1_60' title="bbox 731 2367 1255 2406; baseline 0.011 -14"><span class='ocrx_word' id='word_1_875' title='bbox 731 2370 815 2402; x_wconf 57' lang='lat' dir='ltr'>Mense*</span> <span class='ocrx_word' id='word_1_876' title='bbox 827 2367 909 2396; x_wconf 78' lang='lat' dir='ltr'>malas</span> <span class='ocrx_word' id='word_1_877' title='bbox 922 2369 992 2403; x_wconf 75' lang='lat' dir='ltr'>Majo</span> <span class='ocrx_word' id='word_1_878' title='bbox 1003 2367 1093 2397; x_wconf 79' lang='lat' dir='ltr'>nubere</span> <span class='ocrx_word' id='word_1_879' title='bbox 1105 2367 1194 2406; x_wconf 65' lang='lat' dir='ltr'>vulgus</span> <span class='ocrx_word' id='word_1_880' title='bbox 1207 2367 1255 2398; x_wconf 82' lang='lat' dir='ltr'>ait.</span> 
     </span>
    </p>
   </div>
   <div class='ocr_carea' id='block_1_6' title="bbox 1878 2406 1943 2433">
    <p class='ocr_par' dir='ltr' id='par_1_12' title="bbox 1878 2406 1943 2433">
     <span class='ocr_line' id='line_1_61' title="bbox 1878 2406 1943 2433; baseline 0.015 -1"><span class='ocrx_word' id='word_1_881' title='bbox 1878 2406 1943 2433; x_wconf 77' lang='lat' dir='ltr'>Dies</span> 
     </span>
    </p>
   </div>
   <div class='ocr_carea' id='block_1_7' title="bbox 1940 0 2075 2734">
    <p class='ocr_par' dir='ltr' id='par_1_13' title="bbox 1940 0 2075 2734">
     <span class='ocr_line' id='line_1_62' title="bbox 1940 0 2075 2734; baseline 0 0"><span class='ocrx_word' id='word_1_882' title='bbox 1940 0 2075 2734; x_wconf 95' lang='lat' dir='ltr'> </span> 
     </span>
    </p>
   </div>
  </div>
 </body>
</html>
