2075 2734
387 116 442 144 5¹0
680 99 1503 134 AueruiriirumRoniinaaum
1544 95 1702 124 Limvn.

388 161 468 192 quam
483 151 510 178 in
524 148 718 192 rempublicam
735 149 902 178 introductus
917 149 996 181 esset,
1013 139 1179 192 frequentari
1194 149 1277 189 desiit.
1297 149 1340 176 De
1354 146 1652 190 potestatetatinfigniis
1659 155 1770 180 eorum,
1789 148 1850 187 quia
1857 149 1967 185 iisdem,

388 191 482 258 ssulistitu:
488 187 660 255 ξὲἐῖξιέῖἶιξίι
675 187 795 220 fuerunt,
818 189 891 226 quod
905 197 937 216 ex
952 187 1038 216 verbis
1052 188 1115 220 illis,
1135 187 1267 222 Consului-t
1275 185 1396 225 pctestate
1410 185 1583 223 intelligitur,
1597 195 1654 213 non
1667 193 1733 222 opus
1747 187 1784 214 est
1797 195 1827 216 ut
1841 187 1884 217 hic
1897 188 1911 217 a
1923 199 1969 219 me

1064 291 1087 317 C
1109 300 1126 317 A
1146 300 1169 317 r.
1209 290 1300 317 XXI.

838 353 893 386 De
918 355 1095 387 triumviris
1119 352 1286 401 reipublicae
1311 353 1522 396 constituendae.

391 432 632 492 Triumvirorum
652 431 800 469 reipublicae
820 432 1008 461 constituendae
1028 433 1193 470 magistratus
1213 432 1249 468 (si
1271 432 1355 460 modo
1374 432 1535 471 magistratus
1553 434 1678 463 dicendus
1699 433 1754 467 est)
1774 440 1803 462 ut
1821 438 1914 462 contra
1934 432 1970 461 le-

470 481 517 509 ges
537 470 588 499 fuit
607 471 754 503 institutus,
773 471 809 498 ita
829 471 909 497 etiam
924 481 979 499 non
995 472 1045 499 fuit
1058 473 1205 499 diuturnus.
1245 471 1356 499 Initium
1372 481 1465 500 eorum
1481 472 1573 501 incidit
1587 473 1614 500 in
1628 482 1728 500 annum
1743 471 1774 498 ab
1788 472 1863 499 Urbe
1876 472 1968 500 condi-

393 517 422 538 ta
445 518 537 538 mccx.
577 508 666 536 Causse
685 516 796 546 propter
815 518 878 546 quas
899 509 917 535 ii
936 511 964 537 in
983 509 1176 546 rempublicam
1198 509 1298 537 induiti
1319 508 1440 540 fuerint,
1458 509 1497 537 hae
1516 510 1548 547 ab
1566 510 1719 539 authoribus
1739 509 1819 537 Dione
1838 510 1906 538 libro
1922 513 1969 545 46.

393 547 511 582 Appiano
524 546 594 575 libro
608 558 632 585 3.
649 549 676 576 ὅ(
692 557 720 583 4.
738 546 872 575 bellorum
886 547 1004 576 civilium
1020 569 1028 579 ,
1052 549 1167 574 Suetonio
1183 547 1210 574 in
1225 547 1343 584 Augusto
1357 569 1364 578 ,
1393 546 1524 575 Plutarcho
1537 549 1565 576 in
1581 551 1620 577 M.
1634 550 1718 577 Bruto
1731 550 1757 577 δε
1773 549 1892 577 Antonio
1906 568 1914 580 ‚
1941 550 1968 576 ὃς

393 585 449 614 aliis
463 586 640 614 recensentur.
661 587 733 612 Cum
748 589 778 614 C.
793 583 885 622 Julius
898 587 978 621 Caejszr
990 587 1017 614 in
1032 585 1120 614 senatu
1136 586 1232 623 viginti
1247 585 1328 613 tribus
1342 585 1493 614 vulneribus
1506 586 1568 614 esset
1582 586 1729 619 confossus,
1750 588 1783 613 C.
1799 588 1878 621 (Σαβε-
1891 585 1970 613 Odia-

393 634 503 657 wmms,
528 624 574 662 qui
592 623 606 651 ὲ
625 627 657 651 C.
674 622 752 660 Julio
771 625 911 660 adoptatus
926 645 933 655 ,
961 627 988 653 &c
1008 625 1035 652 in
1049 624 1172 659 Casurum
1186 623 1318 652 familiam
1331 624 1469 652 transsatus
1483 631 1539 652 erat
1552 644 1560 657 ,
1587 634 1657 652 anno
1674 633 1765 653 mccx.
1792 623 1891 652 Consul
1906 633 1970 653 cum

392 666 431 701 ,Q
446 661 524 691 Pedio
536 684 544 695 ‚
571 661 659 689 Hircio
677 662 719 695 (θ’
735 664 816 698 Panfiz
834 663 867 690 ad
889 663 1024 690 Mutinam
1045 662 1136 690 occifis
1155 660 1278 690 suffectus
1300 662 1325 689 in
1341 670 1400 691 toto
1414 662 1461 690 suo
1476 662 1620 691 Consulatu
1633 661 1698 690 nihil
1710 662 1779 690 aliud
1795 662 1971 694 moliebatur,

393 710 476 739 quarn
492 708 522 729 ut
536 701 617 738 patris
632 699 709 737 Julii
725 700 824 735 Castris
838 700 1023 729 interfestores
1036 700 1211 729 ulcisceretur.
1247 703 1282 737 Q.
1304 701 1385 737 igitur
1400 701 1508 728 Pedium
1522 700 1652 739 collegam
1667 700 1756 737 legem
1770 700 1839 728 ferre
1849 701 1922 736 jussit
1935 700 1970 728 de

414 740 536 767 uaestione
549 738 669 766 habenda
681 740 709 766 in
723 748 769 767 eos
783 759 790 770 ,
817 748 932 776 quorum
947 740 988 767 ille
1004 749 1085 776 opera
1100 738 1198 767 occisus
1211 739 1274 768 esset
1288 760 1295 771 ‚
1320 739 1496 776 postulatique
1510 748 1540 766 ea
1554 739 1612 776 lege
1626 743 1666 766 M.
1686 742 1781 765 Brutus
1793 759 1802 769 ,
1828 742 1859 766 C.
1873 736 1969 774 Caffius

393 749 437 810 ἒς
451 782 486 805 D·
500 781 616 809 Brutus,
633 776 750 805 absentes
765 777 885 805 damnati
899 776 965 806 sunt.
989 780 1026 806 M.
1040 786 1131 806 autem
1147 777 1256 804 Antonii
1269 786 1334 814 opes
1346 781 1376 804 C.
1395 776 1500 813 Afinius
1513 777 1603 808 Pollio,
1623 778 1668 814 qui
1676 775 1821 814 Hispaniae,
1837 778 1901 804 &L
1910 780 1969 803 Mu-

393 815 482 843 narius
495 816 604 843 Plancus
618 836 626 847 ‚
654 817 699 851 qui
712 815 806 843 Gallia:
817 823 946 851 praeerant
960 837 968 848 ,
996 826 1058 844 cum
1074 814 1124 842 suis
1137 815 1294 850 exercitibus
1307 816 1425 851 adjuncti
1437 824 1580 847 auxerant,
1606 818 1633 844 ἓξ
1649 820 1684 843 D.
1701 818 1798 841 Brutus
1811 835 1818 846 ‚
1843 814 1885 841 cui
1898 812 1971 842 sena-

393 860 437 882 tus
448 874 457 885 ,
484 861 514 882 ut
526 852 728 890 persequeretur
743 858 781 880 M.
797 853 938 880 Antonium
953 855 1124 882 mandaverat
1138 875 1146 886 ‚
1174 854 1280 881 relictus
1295 853 1308 881 a
1321 854 1470 890 legionibus
1485 853 1535 881 suis
1547 853 1703 891 profugerat
1714 873 1722 885 ,
1743 855 1769 881 ὃς
1783 852 1891 881 tandem
1903 851 1973 887 jussir

394 891 523 923 Antonii,
542 893 570 919 in
584 891 659 927 cujus
671 891 830 928 potestatem
846 900 968 923 venerat,
989 891 1002 919 a
1016 894 1127 928 Capeno
1141 894 1276 929 Sequano,
1299 892 1330 919 ad
1346 892 1496 928 Aquilejam
1511 893 1687 928 interemptus
1701 899 1765 919 erat.
1792 889 1878 918 Caefizr
1891 890 1974 926 igitur

393 939 458 957 cum
478 933 520 959 M.
532 933 644 956 Brutum
657 949 664 960 ,
691 930 736 966 qui
753 929 943 957 Macedoniam
956 951 963 961 ,
988 932 1014 957 &
1028 933 1061 957 C.
1075 928 1188 965 Cuffium
1201 951 1207 961 ,
1235 931 1280 967 qui
1293 930 1396 967 Syriam
1411 939 1442 957 ex
1456 928 1679 957 senatusconsulto
1695 928 1853 957 obtinebant
1864 949 1873 960 ,
1899 926 1975 956 nullo

394 967 475 1004 pasto
495 969 577 995 armis
591 965 680 994 ulcisci
693 966 792 1003 posset,
813 976 876 994 cum
891 971 930 993 M.
945 968 1069 999 Antonio,
1091 966 1132 999 ζῇ·
1144 972 1184 995 M.
1196 968 1302 1001 Lepido,
1322 977 1387 1004 pace
1406 967 1489 999 taeta,
1509 968 1648 1004 postquam
1663 965 1763 995 Consul
1778 975 1880 995 creatus
1895 966 1973 996 esset,

396 1014 542 1043 utrumque
556 1015 588 1033 ex
600 1005 686 1032 Gallia
700 1006 727 1032 in
741 1004 845 1032 Italiam
861 1005 1007 1033 accersivit.
1034 1005 1175 1043 Congreffi
1188 1015 1284 1033 omnes
1298 1006 1325 1032 in
1338 1015 1402 1043 agro
1417 1005 1590 1038 Bononiensi,
1609 1012 1639 1033 ut
1653 1003 1701 1032 Dio
1714 1004 1783 1032 libro
1795 1007 1840 1040 46.
1854 1004 1896 1032 vel
1912 1005 1974 1032 Mu-

393 1044 504 1076 tinenfi,
525 1050 555 1072 ut
574 1041 707 1078 Appianas
720 1042 789 1070 libro
802 1052 830 1078 4.
848 1042 910 1070 bell.
926 1042 997 1071 civil.
1010 1043 1087 1071 initio
1102 1044 1196 1075 docet,
1216 1043 1420 1072 consultationes
1436 1042 1552 1071 summas
1566 1045 1599 1072 de
1612 1042 1760 1071 ordinanda
1775 1045 1801 1071 ὃς
1816 1042 1975 1080 corrigenda

393 1082 530 1119 republica
543 1081 706 1113 habuerunt,
727 1083 754 1109 &
767 1081 878 1108 tandem
892 1082 928 1110 ita
942 1081 1011 1109 inter
1024 1091 1069 1109 eos
1081 1082 1225 1113 convenit,
1247 1090 1275 1109 ut
1290 1082 1395 1118 publice
1410 1082 1520 1118 quidem
1534 1081 1581 1118 ipfi
1595 1088 1648 1109 tres
1661 1081 1851 1109 constituendis
1860 1102 1869 1113 ,
1888 1081 1975 1109 admi-

396 1119 588 1157 nistrandisque
601 1120 678 1147 rebus
690 1118 900 1155 praeficerentur,
921 1121 1001 1156 idque
1015 1129 1070 1148 non
1084 1121 1112 1148 in
1125 1128 1284 1157 perpetuum
1295 1141 1302 1152 ‚
1322 1120 1366 1148 sed
1382 1121 1409 1147 in
1423 1120 1651 1156 quinquennium:
1671 1120 1707 1147 ita
1720 1127 1750 1147 ut
1764 1121 1859 1147 omnia
1873 1129 1905 1147 ex
1919 1119 1976 1146 ani-

396 1159 438 1186 mi
453 1158 491 1186 sui
505 1157 634 1186 sententia
647 1157 693 1185 etsi
706 1165 792 1193 neque
804 1158 837 1185 ad
851 1157 970 1186 senatum
987 1179 995 1190 ,
1021 1167 1108 1195 neque
1120 1158 1153 1185 ad
1168 1158 1299 1194 populum
1311 1159 1344 1186 de
1358 1158 1398 1186 his
1411 1158 1556 1186 retuliffent
1571 1179 1580 1191 ‚
1605 1166 1684 1195 agere
1698 1177 1705 1189 ,
1725 1156 1886 1195 magistratus
1899 1157 1975 1184 alios-

396 1206 450 1234 que
468 1196 599 1227 honores,
619 1194 715 1232 quibus
732 1195 778 1231 ipsi
798 1195 912 1228 vellent,
933 1196 1048 1225 tribuere
1061 1197 1178 1232 possent:
1198 1197 1324 1232 privatim
1338 1204 1428 1224 autem
1440 1216 1448 1227 ‚
1467 1206 1535 1223 neve
1550 1197 1705 1224 viderentur
1716 1205 1811 1223 omnes
1824 1196 1977 1233 provincias·

396 1235 444 1262 fibi
465 1234 524 1270 ipfis
544 1242 668 1271 arrogare
682 1232 749 1260 velle
761 1253 769 1264 ‚
795 1234 883 1268 Caefizri
898 1233 988 1262 Africa
1002 1254 1009 1265 ‚
1036 1242 1148 1271 utraque
1163 1235 1280 1262 Sardinia
1293 1237 1320 1263 ὃς
1335 1234 1421 1261 Sicilia
1435 1244 1441 1260 ;
1469 1233 1560 1267 Lepido
1574 1233 1699 1270 Hispania
1712 1234 1802 1260 omnis
1814 1253 1822 1266 ‚
1848 1243 1878 1261 ac
1890 1233 1977 1261 Gallia

398 1272 581 1300 Narbonenfis
597 1282 602 1298 :
625 1271 739 1298 Antonio
758 1271 858 1308 reliqua
871 1273 960 1300 omnis
973 1272 1077 1304 Gallia,
1097 1282 1154 1309 quae
1167 1272 1204 1299 cis
1218 1274 1244 1300 ὃς
1259 1280 1330 1300 trans
1345 1272 1424 1308 Alpes
1437 1272 1525 1308 jacet,
1544 1271 1716 1299 tribueretur:
1736 1279 1766 1299 ut
1778 1272 1903 1298 inimicos
1917 1269 1978 1298 suos

396 1310 593 1347 proscriberent
607 1330 615 1341 ‚
641 1319 672 1337 ac
694 1309 825 1337 caederent
842 1320 849 1336 :
875 1310 983 1345 Lepidus
1004 1312 1032 1338 in
1052 1311 1143 1338 locum
1160 1314 1195 1337 D.
1209 1310 1286 1337 Bruti
1301 1310 1400 1338 Consul
1416 1310 1491 1337 fieret
1505 1330 1512 1341 ,
1539 1311 1713 1346 Romamque
1730 1311 1755 1337 ὃς
1770 1316 1856 1336 totam
1871 1307 1977 1337 Italiam

396 1351 426 1378 in
440 1349 556 1377 custodia
569 1347 678 1375 haberet
691 1359 697 1374 ι
723 1346 849 1375 Antonius
863 1358 928 1376 vero
943 1350 969 1376 ἃ
982 1350 1060 1384 Castu·
1074 1350 1185 1376 Brutum
1202 1351 1228 1377 δι
1243 1349 1359 1376 Cassium
1376 1348 1445 1376 bello
1457 1347 1683 1385 persequerentur.
1723 1349 1811 1383 Atque
1822 1347 1862 1374 his
1874 1346 1978 1374 consul-

394 1386 540 1416 tationibus
553 1385 692 1422 perfectis,
713 1394 776 1412 cum
791 1385 933 1414 confestim
950 1396 1046 1415 omnes
1061 1388 1183 1414 Romam
1196 1387 1324 1414 veniffent
1338 1407 1345 1417 ‚
1365 1386 1459 1424 singuli
1472 1386 1618 1421 interJectis
1631 1385 1722 1413 diebus
1737 1385 1841 1413 Urbem
1855 1385 1977 1422 ingmffi,

396 1435 455 1464 quae
477 1425 650 1452 decreverant
671 1424 774 1452 executi
793 1423 861 1452 sunt.
901 1422 961 1459 Fufi
975 1433 1082 1461 quoque
1096 1422 1195 1451 inimici
1209 1445 1216 1455 ‚
1243 1425 1352 1460 plurimi
1365 1424 1461 1463 equites
1474 1444 1481 1455 ‚
1509 1433 1585 1452 cxxx.
1600 1424 1729 1458 senatores
1741 1423 1881 1459 proscripti
1900 1423 1974 1451 runt:

394 1465 468 1492 inter
481 1472 548 1499 quos
563 1461 669 1489 fuerunt
683 1465 713 1487 L.
729 1461 840 1493 Paulus,
860 1461 942 1489 frater
957 1465 995 1490 M.
1012 1463 1123 1498 Lepidi,
1143 1466 1175 1491 L,
1190 1463 1284 1498 Caesar,
1304 1463 1447 1490 avunculus
1465 1462 1590 1492 Antonii,
1613 1464 1639 1489 &z
1653 1462 1699 1497 qui
1711 1460 1842 1487 Caeiarem
1856 1461 1906 1489 suis
1919 1460 1977 1487 sen—

396 1501 487 1529 tentiis
506 1507 662 1530 ornaverat,
683 1502 723 1524 M.
737 1502 837 1525 Cicero:
856 1501 930 1535 cujus
950 1500 1028 1528 occifi
1050 1502 1063 1527 a
1079 1500 1191 1537 Popillio
1205 1500 1354 1537 legionario
1368 1500 1469 1531 milite:
1490 1509 1552 1526 cum
1567 1498 1674 1526 haberet
1687 1507 1769 1525 annos
1784 1508 1833 1525 in
1843 1508 1852 1524 1
1863 1508 1883 1526 r.
1897 1506 1977 1534 caput

396 1548 460 1566 cum
476 1546 557 1563 manu
571 1536 663 1563 dextra
676 1536 703 1562 in
718 1536 806 1564 rostris
820 1538 936 1572 positum
952 1539 995 1565 est.
1014 1539 1134 1565 Iniernnt
1148 1538 1344 1565 triremi-iratum
1358 1548 1383 1565 v.
1398 1538 1456 1565 Kal.
1473 1538 1587 1564 Decem.
1600 1545 1670 1563 anno
1681 1535 1713 1562 ab
1721 1545 1745 1562 v.
1754 1545 1778 1565 c.
1791 1543 1881 1563 mccx.
1903 1538 1976 1563 Cum

396 1583 488 1604 autern
511 1573 723 1611 quinquennium
743 1572 814 1602 hunc
834 1573 1011 1611 magistratum
1024 1576 1156 1613 gestissent
1169 1577 1233 1603 teste
1246 1576 1327 1604 Dione
1340 1597 1347 1608 ,
1372 1575 1527 1611 semetipsos
1540 1574 1567 1602 in
1579 1574 1693 1602 alterum
1708 1574 1921 1610 quinquennium
1934 1582 1977 1608 re.

395 1613 606 1643 nuntiaverunt:
632 1611 704 1648 quod
727 1610 829 1639 factum
850 1613 901 1639 elie
922 1623 992 1641 anno
1011 1624 1139 1641 IJCCXVI.
1173 1615 1277 1641 Carolus
1297 1613 1411 1651 Sigonius
1429 1612 1527 1640 scribit.
1561 1613 1611 1639 Sed
1627 1621 1682 1638 non
1697 1611 1784 1638 multo
1799 1611 1857 1647 post
1870 1611 1978 1639 dissidiis

396 1653 464 1681 ortis
483 1652 552 1678 inter
569 1648 708 1678 onimium
728 1649 763 1683 (θ’
781 1649 918 1684 Lepidum,
940 1651 1068 1680 Oetavius
1088 1651 1180 1689 fugato
1200 1655 1258 1680 Sex.
1279 1652 1426 1689 Pompejo,
1447 1650 1568 1684 Lepidum
1589 1649 1659 1676 bello
1678 1648 1849 1686 persequutus
1867 1650 1920 1682 est,
1939 1650 1978 1677 ei.

396 1699 451 1729 que
471 1689 544 1716 visto
558 1688 737 1715 triumviratus
749 1687 882 1716 honorem
898 1690 1037 1727 abrogavit
1049 1711 1056 1722 ‚
1076 1689 1222 1726 supplicem
1238 1698 1329 1717 tamen
1345 1692 1446 1717 sactum
1462 1690 1516 1716 vita
1530 1688 1648 1716 donavit.
1688 1687 1778 1714 Postea
1795 1687 1878 1714 etiarn
1892 1690 1978 1714 Anto-

398 1728 438 1756 nio
454 1727 554 1754 bellum
568 1726 672 1757 intulit,
692 1735 777 1762 eoque
791 1728 880 1759 vieto,
899 1737 961 1755 cum
977 1727 1030 1764 ipse
1044 1727 1111 1755 solus
1131 1737 1222 1756 rerum
1238 1729 1338 1764 potitus
1352 1728 1429 1759 effer,
1449 1726 1619 1754 triumviratu
1632 1725 1703 1753 abiit.
1743 1728 1822 1753 Hunc
1836 1725 1918 1752 finem
1932 1725 1978 1753 ha-

395 1767 454 1794 buit
472 1764 652 1793 triumviratus
665 1784 674 1796 ,
701 1765 746 1802 qui
766 1774 821 1792 non
840 1765 908 1793 ultra
927 1775 1010 1794 annos
1029 1776 1055 1794 x.
1073 1767 1101 1794 in
1122 1766 1256 1802 republica
1276 1768 1403 1794 Romana
1422 1765 1481 1793 fuit.
1521 1766 1672 1802 Sequuntur
1690 1761 1852 1800 magistratus
1871 1764 1977 1791 minores

396 1803 528 1833 ordinarii.

1060 1865 1084 1891 C
1103 1872 1120 1891 A
1139 1874 1163 1891 P.
1203 1865 1317 1892 XXII.

711 1930 765 1963 De
782 1927 966 1976 quaestoribus
983 1925 1105 1962 urbanis
1119 1925 1251 1969 duobus,
1274 1928 1327 1962 vel
1337 1925 1526 1974 *quaestori'bus
1540 1928 1652 1962 aerarii.

459 2008 580 2047 uaestoies,
599 2010 686 2047 inquit
707 2012 784 2037 Varro
803 2008 849 2037 lib.
863 2018 890 2045 4.
909 2009 942 2037 de
958 2008 1022 2046 ling.
1043 2010 1102 2036 Lat.
1118 2007 1132 2035 a
1147 2007 1274 2047 quaerenda
1288 2007 1353 2035 dieti
1370 2007 1442 2039 sunt,
1463 2007 1509 2044 qui
1520 2007 1710 2044 conquirerent
1722 2005 1840 2043 publicas
1852 2008 1977 2044 pecunias

479 2052 506 2078 ὃς
520 2048 664 2080 maleficia,
686 2057 743 2085 quae
756 2046 888 2075 triumviri
905 2047 1022 2081 capitales
1035 2056 1108 2074 nunc
1123 2048 1300 2083 conquirunt5
1321 2045 1352 2073 ab
1366 2046 1404 2073 eis
1418 2046 1506 2081 postea
1516 2066 1522 2077 ‚
1542 2054 1588 2082 qui
1602 2046 1776 2081 quaestionum
1789 2046 1888 2082 judicia
1902 2056 1977 2074 exer-

479 2095 554 2119 cent,
575 2085 700 2126 quaestores
714 2086 788 2114 diffi.
818 2087 882 2113 Tria
896 2095 991 2114 eorum
1006 2085 1113 2113 fuerunt
1127 2085 1248 2112 distineia
1260 2093 1367 2121 genera.
1401 2083 1453 2112 Alii
1467 2084 1541 2110 enim
1554 2083 1680 2122 qimstores
1693 2083 1800 2115 urbam,
1822 2084 1865 2112 vel
1879 2084 1977 2112 erarii:

396 2123 439 2152 alii
459 2124 582 2161 wasloi-es
595 2124 727 2159 parricidii·
741 2145 749 2156 ‚
777 2124 820 2152 vel
838 2134 923 2151 rerum
947 2122 1095 2158 capitalium
1107 2134 1116 2149 .·
1150 2123 1194 2150 alii
1212 2122 1337 2161 quaestam
1356 2122 1518 2156 provinciales
1537 2121 1652 2150 fuerunt.
1692 2122 1742 2150 Sed
1762 2121 1840 2149 nobis
1859 2123 1894 2150 de
1911 2131 1976 2160 qua-

389 2160 500 2199 storibus
525 2172 604 2189 eram
616 2181 624 2191 ,
652 2162 695 2190 vel
721 2162 824 2190 urbanis
850 2162 902 2190 hoc
929 2161 990 2190 loco
1009 2161 1153 2190 dicendum
1173 2161 1209 2188 est
1226 2172 1233 2187 :
1258 2163 1300 2188 De
1319 2169 1414 2188 eorum
1432 2168 1522 2187 autem
1543 2160 1631 2195 prima
1650 2160 1814 2188 institutione
1833 2160 1976 2188 dubitatur.

399 2198 498 2233 Ulpian.
517 2200 624 2235 quidem
643 2199 671 2227 ff.
685 2199 730 2228 lib.
748 2211 769 2228 1.
783 2200 851 2229 titul.
868 2211 910 2239 ¹3·
925 2201 959 2228 de
972 2199 1126 2239 quaestoribus
1141 2220 1148 2231 ,
1174 2199 1208 2227 iic
1224 2198 1332 2227 scribit:
1358 2203 1432 2235 Origo
1444 2196 1597 2236 quaestoribus
1611 2198 1722 2225 creandis
1737 2198 1909 2237 antiquissima
1921 2195 1954 2231 est
1965 2217 1974 2228 ‚

399 2236 441 2269 ῥεῖ’
455 2246 517 2271 pene
529 2246 588 2262 ame
600 2247 682 2264 omnes
694 2237 862 2276 magistratus.
893 2241 988 2277 Junius
1003 2238 1158 2266 Gracchanus
1170 2237 1215 2265 lib.
1228 2248 1252 2273 7.
1267 2237 1300 2264 de
1312 2236 1483 2273 potestatibus
1497 2236 1579 2264 refert
1592 2258 1600 2269 ‚
1630 2237 1711 2264 etiam
1726 2236 1810 2273 ipsum
1824 2234 1974 2266 Romulum,

398 2274 440 2308 &v
460 2277 575 2301 Numam
595 2275 757 2310 Pompilium
778 2277 855 2305 binos
873 2275 998 2317 quaestores
1016 2276 1146 2308 habuisse,
1168 2285 1236 2313 quos
1255 2275 1302 2312 ipfi
1319 2284 1374 2302 non
1388 2272 1430 2301 sua
1445 2284 1528 2305 voce,
1548 2274 1591 2302 sed
1605 2275 1696 2311 populi
1708 2274 1832 2311 suffragio
1845 2280 1975 2300 crearent.

396 2313 448 2340 Sed
467 2311 542 2340 sicuti
561 2311 673 2339 dubium
694 2315 743 2345 est,
764 2323 796 2342 an
818 2316 939 2344 Romulo
959 2318 986 2344 δε
1007 2317 1101 2343 Numa
1121 2315 1258 2351 Pompilio
1276 2312 1445 2351 regnantibus
1467 2311 1568 2351 quaestor
1589 2313 1681 2340 fuerit:
1702 2313 1738 2340 ita
1759 2311 1838 2339 Tullo
1858 2311 1975 2338 Hostilio

397 2352 475 2390 Rege
493 2347 618 2390 quaestores
637 2349 711 2389 fuisse
730 2359 837 2382 certum
855 2355 904 2383 est:
926 2356 953 2384 δε
972 2352 1033 2384 sane
1053 2353 1173 2383 crebrior
1192 2353 1262 2391 apud
1283 2359 1384 2382 veteres
1398 2352 1493 2389 opinio
1507 2352 1559 2385 est,
1578 2351 1646 2380 Tua.
1661 2348 1796 2384 Hostilium
1809 2349 1930 2385 primum
1946 2350 1976 2377 in

1899 2396 1972 2415 rem-
