2075 2734
353 115 529 149 nz-ioco
551 119 808 149 caninorum
835 119 1102 154 Corui-tronum,
1123 119 1175 151 &2:ss
1216 123 1299 151 Car.
1320 133 1349 161 5³
1375 125 1447 154 &6.
1631 137 1690 168 453

113 173 196 216 §atria
208 169 367 203 ietinebant.
387 173 442 209 Qi
457 179 548 201 autem
561 182 594 200 ex
608 171 736 202 coloniis,
755 171 798 200 vel
813 172 980 208 municipiis,
1000 171 1041 200 vel
1055 174 1137 201 etiam
1152 174 1312 211 provinciis,
1334 176 1454 205 Romam
1469 176 1636 215 migrabant,
1656 181 1698 214 ii,-

112 223 176 243 cum
193 211 221 239 in
237 208 317 238 curias
338 209 546 238 describerentur
557 230 566 242 ,
592 210 677 247 patria
698 209 741 238 sua
755 209 824 238 (acra
838 210 987 247 relinquere
1001 211 1166 247 cogebantur
1179 232 1188 244 ‚
1215 215 1241 241 δε
1257 223 1287 240 ea
1300 214 1422 250 recipere
1433 235 1440 245 ‚
1467 224 1525 253 quae
1537 219 1590 251 ejus
1603 218 1691 252 curia,

111 252 140 280 in
152 259 232 288 quam
247 247 477 280 describebantur,
497 248 605 284 propria
619 248 709 276 essent.
728 248 770 276 1111
786 256 867 285 ergo,
887 247 981 285 quibus
994 249 1021 275 in
1037 248 1110 276 Urbe
1122 249 1292 279 domicilium
1307 259 1379 284 erat,
1397 252 1441 289 jus
1453 252 1568 292 suflragii
1581 256 1691 284 comitiis

110 290 214 316 ‘uriam
232 286 373 315 habebant.
405 285 517 322 Reliqui
530 294 587 312 non
602 286 680 314 item.
709 286 794 323 Cujus
807 286 845 314 rei
860 286 1065 321 explicationem
1080 286 1255 322 prolixiorem
1267 289 1286 316 fi
1300 290 1358 326 quis
1371 290 1501 319 defiderat
1511 312 1521 324 ,
1546 293 1618 331 legat
1631 293 1692 323 Nic.

111 325 261 355 Gracchium
274 324 292 352 l.
306 334 331 362 3.
345 325 380 353 de
392 323 525 354 comitiis,
545 331 602 360 cap.
614 333 638 361 3.
666 324 765 358 Onupb.
780 322 936 351 Pamu'nmm
949 323 993 351 lib.
1006 333 1199 363 2.'comment.
1222 326 1345 363 Reipubl.
1362 330 1480 357 Roman.
1493 331 1521 358 &
1540 331 1627 362 cml.
1645 332 1689 360 si.

104 364 211 403 gundum
226 363 272 391 lib.
286 372 310 390 1.
327 362 361 390 de
376 362 436 397 jure
456 360 558 388 civium
574 362 659 389 Rom.
673 371 729 398 cap.
738 372 765 398 5.
794 362 924 390 Meminit
937 361 1071 389 Gracchms
1082 381 1090 393 ‚
1118 364 1145 390 ὃς
1159 372 1222 390 eum
1237 364 1339 393 secutus
1352 367 1464 401 onuphr.
1484 368 1637 396 Panvinius„
1657 379 1689 399 ae

112 402 210 429 Paulus
228 408 334 438 quoque
352 402 485 426 Mammas
506 397 551 425 lib.
565 399 600 427 de
612 399 730 436 Legibus
744 401 771 429 ὅ(
787 400 917 427 Oratione
931 409 956 426 2.
968 399 996 426 in
1010 397 1122 427 Rullum
1136 419 1144 430 ‚
1170 401 1309 430 Ciceronis
1321 411 1446 440 tempore
1459 406 1568 442 triginta
1581 415 1689 438 tantum

110 438 219 467 lietores
237 438 370 466 curiarum
382 455 390 467 ,
418 444 474 463 uon
494 435 560 473 ipfias
581 437 665 466 curias
686 446 880 474 nonnunquam
900 436 1054 473 suffragium
1070 435 1178 463 comitiis
1188 438 1291 464 curiatis
1303 439 1372 467 ferre
1385 441 1484 471 solitos.
1525 444 1616 480 Qam
1630 447 1690 483 opi-

110 478 222 505 nionem
242 474 334 502 multis
346 474 511 511 argumentis
524 473 622 503 refutat
636 479 697 502 Cas.
711 474 825 513 Sigonius
839 476 866 503 in
880 475 1026 511 posteriore
1040 483 1103 501 cum
1117 475 1233 502 Gmcchto
1246 476 1424 512 disputatione
1437 501 1444 511 ‚
1472 483 1499 509 ὃς
1514 480 1530 508 l.
1543 491 1567 518 3.
1581 482 1615 511 de
1626 484 1687 520 jure

109 516 300 552 Pxovinffissap.
313 521 335 540 ι.
351 513 378 540 ὃῑ
393 512 506 540 ostendit
519 511 620 549 liquido
633 513 661 540 id
675 513 734 541 elici
748 523 780 542 ex
795 514 938 541 Ciceronis
948 511 1034 540 verbis
1048 521 1104 539 non
1119 512 1207 548 poffe,
1224 521 1282 549 quae
1295 514 1330 542 fic
1344 514 1440 545 habent
1454 527 1461 543 ι
1480 523 1537 545 Smt
1548 518 1630 557 igitur
1642 521 1687 549 de-

109 551 215 580 cemviri
231 559 310 588 neque
328 548 394 577 veris
412 549 535 581 comitiis,
552 550 594 577 hoc
613 549 664 588 est,
679 550 762 586 populi
771 549 920 590 fiaffragits,
938 560 1018 589 neque
1036 549 1087 577 ills:
1105 549 1142 576 nd
1150 550 1256 584 specrem
1267 570 1277 582 2
1294 560 1372 590 atque
1389 555 1424 581 ad
1442 556 1625 590 affimationem
1645 569 1688 586 ve-

108 588 209 626 tustatis
219 596 266 622 per
284 586 391 626 triginta
410 586 506 614 lictores
525 587 684 623 auspiciorum
703 590 774 624 causis
792 587 964 619 adumbratis,
982 586 1110 624 constitum
1129 586 1190 620 &a
1231 591 1292 616 Hoc
1311 591 1384 617 enim
1404 592 1439 619 ait
1453 593 1593 622 Ciceronem
1608 596 1690 634 figni-

107 627 186 655 ficare
209 624 278 653 velle
290 645 298 657 ,
332 623 443 653 Rullum
468 625 637 654 decemviros
661 626 720 656 suos
745 626 878 663 ejusmodi
901 625 1005 653 comitiis
1023 625 1128 652 curtatis
1148 626 1308 654 constituere
1328 627 1455 660 voluisse,
1482 639 1512 659 ut
1530 632 1562 660 ad
1581 642 1611 662 ea
1628 644 1686 663 non

107 664 194 693 modo
213 672 269 691 non
282 672 377 691 omnes
390 663 474 691 curias
487 663 642 697 adhiberet,
669 673 727 702 quae
739 665 782 693 ille
795 674 856 692 vera
867 663 970 691 comitia
984 663 1097 700 appellat
1112 673 1120 690 ι
1144 662 1189 692 sed
1205 673 1256 692 nec
1268 664 1375 692 liEtores
1389 667 1498 703 quidem
1510 670 1643 700 curiarum
1656 673 1686 700 in

106 701 225 739 speciem
245 701 388 729 advocaret
406 701 586 738 auspiciorum
604 701 679 730 causa
693 722 701 734 ‚
727 702 810 740 iisque
823 702 934 739 triginta
945 701 1084 729 lictoribus
1098 710 1159 729 vera
1173 701 1275 730 comitia
1287 702 1385 730 curiata
1398 704 1568 734 adumbraret
1580 729 1588 741 ‚
1615 709 1687 746 quasi

108 749 204 768 omnes
222 738 292 766 curia
310 738 459 767 adi'uiffent.
499 741 582 777 Qod
606 749 671 768 vero
684 740 745 769 talia
756 738 859 767 comitia
873 748 991 776 unquam
1005 741 1032 767 in
1045 739 1092 768 usu
1106 738 1206 767 fuerint
1220 760 1228 771 ‚
1251 739 1391 768 Ciceronem
1405 751 1573 780 nequaquam
1585 747 1684 776 docere

108 778 234 805 affirmat.
255 777 377 804 Solebam
390 777 499 813 quidem
511 776 620 805 comitiis
632 777 735 806 curiam
746 777 852 815 singulis
865 779 944 806 curiis
956 777 1051 815 finguli
1065 777 1172 805 lictores
1187 777 1272 806 adesse
1281 798 1290 810 ‚
1309 788 1365 806 non
1377 788 1468 807 autem
1481 780 1666 818 suffragiorum
1676 806 1684 816 ‚

104 815 151 844 sed
164 814 343 843 officiicaula.
361 817 466 843 Verum
479 816 513 843 de
524 814 624 843 horum
640 816 784 844 verborum
799 815 935 844 intellee'tu
948 815 1023 852 plura
1035 814 1126 844 scribit
1137 814 1267 853 sigonius,
1288 817 1316 845 in
1329 818 1476 854 posteriore
1488 828 1551 847 cum
1566 822 1686 850 Gracchjo

105 852 296 890 disputatione,
318 854 345 882 &
358 851 428 880 libro
443 863 466 891 3.
479 854 513 881 de
525 855 637 891 antiquo
649 854 708 890 jure
720 854 936 892 provinciarum,
955 862 1013 891 cap.
1027 864 1048 882 ι.

799 940 823 967 C
844 949 861 967 A
882 949 905 967 P.
945 941 981 967 V,

415 1010 467 1043 De
482 1007 546 1043 ibeo
561 1010 748 1044 curiatorum
762 1011 970 1050 comitiorum,
996 1005 1034 1040 de
1050 1007 1172 1041 comitio
1192 1012 1238 1042 (7
1252 1005 1364 1052 rostris.

104 1085 252 1147 Curiam
271 1085 371 1114 comitia
385 1095 441 1115 non
454 1086 510 1116 fere
522 1095 648 1125 poterant
662 1087 796 1124 auspicato
808 1089 864 1117 fieri
873 1109 880 1121 ,
900 1088 948 1117 nifi
961 1087 1033 1115 intra
1045 1084 1204 1121 pomoerium.
1225 1086 1305 1123 idque
1320 1086 1439 1118 inforo,
1459 1087 1579 1125 adeoque
1595 1088 1622 1116 in
1635 1097 1682 1117 co-

184 1125 278 1158 mitio,
298 1125 372 1162 quod
384 1125 476 1152 multis
488 1125 650 1165 scriptorum
663 1126 728 1154 locis
743 1128 918 1156 demonstrari
931 1126 1027 1163 potest.
1046 1127 1121 1151 Varro
1135 1124 1152 1151 l.
1162 1133 1189 1159 4.
1203 1124 1237 1152 de
1249 1124 1314 1162 ling.
1331 1127 1390 1153 Lat.
1403 1125 1483 1158 dicit,
1502 1126 1631 1154 comitium
1641 1128 1681 1154 in-

101 1162 140 1190 de
155 1163 275 1199 primum
293 1172 402 1190 nomen*
414 1162 542 1197 habuisse,
581 1165 635 1193 uod
654 1164 758 1192 comitiis
775 1164 878 1192 curiatis
895 1163 1008 1200 populus
1026 1162 1092 1190 illuc
1107 1162 1272 1190 conveniret.
1311 1163 1371 1190 Fuit
1389 1163 1472 1200 igitur
1489 1163 1619 1191 comitium
1641 1165 1683 1192 fo-

103 1208 136 1227 ro
150 1201 341 1236 conjunetum‚
361 1201 419 1228 imo
432 1209 493 1237 pars
506 1202 558 1230 fori
571 1213 585 1229 a
599 1201 689 1230 Palatii
700 1210 779 1238 porta
791 1203 933 1238 incipiens,
955 1204 982 1230 &
998 1201 1091 1228 finiens
1102 1200 1135 1227 ad
1150 1199 1285 1235 templum
1300 1201 1335 1228 D.
1349 1202 1441 1228 Man'ae
1449 1202 1551 1233 Novae,
1571 1208 1601 1229 ut
1607 1206 1683 1229 Mar.

105 1236 190 1265 (ianus
204 1238 332 1275 Epitome
345 1239 543 1275 Topographiae
556 1240 669 1277 antiquae
679 1239 767 1271 urbis,
787 1240 804 1268 l.
815 1250 840 1276 3.
853 1249 909 1276 cap.
923 1249 963 1275 15·
974 1241 1000 1268 &
1013 1248 1058 1268 20.
1073 1239 1167 1269 docet,
1187 1239 1233 1274 qui
1246 1239 1327 1265 etiam
1339 1237 1444 1270 scribit,
1465 1240 1490 1265 S.
1504 1239 1533 1265 P.
1544 1240 1580 1274 Q
1589 1241 1623 1266 R.
1637 1239 1685 1267 ali-

109 1275 174 1311 quid
189 1276 262 1311 quod
275 1285 307 1303 ex
320 1275 365 1303 usu
379 1275 488 1312 reipubl.
510 1276 573 1304 effet
587 1297 595 1310 ‚
621 1278 790 1310 decreturos,
814 1286 847 1305 eo
861 1277 959 1305 coiisse.
999 1276 1081 1312 Qod
1095 1285 1159 1303 vero
1173 1275 1248 1303 addit
1260 1275 1390 1309 Conficlm,
1410 1275 1545 1307 tribunos,
1564 1276 1682 1315 aliosque

106 1311 273 1349 magistratus
286 1312 388 1340 ibidem
402 1320 519 1346 creatos,
539 1315 567 1342 in
581 1315 698 1342 multum
713 1323 791 1344 errat.
822 1318 879 1342 Non
892 1315 967 1343 enim
982 1313 1110 1342 Consules
1122 1312 1150 1340 in
1162 1312 1260 1340 comitio
1270 1334 1277 1345 ,
1294 1313 1338 1341 sed
1351 1314 1379 1341 in
1392 1322 1475 1348 campo
1487 1313 1585 1342 Martio
1599 1316 1681 1344 creati

104 1348 180 1381 sunt,
201 1358 231 1377 ut
250 1351 329 1386 paulo
346 1352 405 1387 post
419 1352 577 1380 ostendetur.
618 1353 701 1381 Sicuti
715 1354 797 1381 etiam
812 1353 847 1380 de
861 1353 987 1381 tribunis,
1025 1352 1078 1379 uod
1092 1360 1147 1378 non
1161 1360 1271 1381 omnes,
1291 1360 1378 1388 neque
1390 1351 1494 1388 semper
1506 1352 1535 1378 in
1550 1353 1680 1385 comitio,

104 1386 150 1415 sed
166 1394 194 1414 ut
207 1387 356 1423 plurimum
370 1389 398 1416 in
412 1397 510 1425 campo
524 1391 641 1422 Martio,
660 1399 855 1428 nonnunquam
869 1391 897 1418 in
913 1391 1010 1426 Capito
1021 1390 1048 1417 io
1061 1389 1142 1417 creati
1156 1388 1254 1416 fuerint
1263 1409 1270 1420 ‚
1291 1388 1438 1417 docebitur.
1457 1391 1518 1417 Hoc
1526 1398 1590 1418 vero
1596 1390 1681 1418 etiam

103 1426 254 1453 notandum
269 1447 276 1457 ,
296 1427 370 1463 quod
385 1427 484 1454 ibidem
499 1428 580 1456 tradit
593 1448 600 1459 ,
620 1427 748 1455 comitium
761 1427 856 1456 multis
867 1429 942 1456 annis
955 1427 1029 1456 testo
1042 1426 1162 1457 caruisse,
1184 1428 1211 1455 δί
1223 1432 1364 1464 propterea
1377 1427 1442 1465 saepe
1455 1425 1554 1454 comitia
1567 1428 1683 1460 indicta,

103 1461 140 1489 ob
161 1464 347 1499 tempestatem
368 1465 539 1502 ingruentem
560 1466 652 1502 peragi
666 1475 722 1493 non
735 1466 862 1503 potuisse,
882 1465 926 1493 sed
940 1466 1014 1493 fuisse
1025 1464 1149 1500 dffiluta.
1188 1463 1287 1501 Longo
1300 1472 1391 1493 autem
1405 1472 1530 1501 tempore
1543 1466 1614 1501 post,
1635 1465 1682 1494 ubi

101 1500 236 1528 Hannibal
249 1502 275 1529 in
291 1502 394 1529 ltaliam
408 1502 525 1534 venerit,
544 1503 646 1531 tectum
662 1503 818 1540 impofitum
831 1503 921 1535 fuiss‘e,
939 1504 1019 1539 idque
1031 1502 1119 1538 postea
1132 1501 1146 1529 a
1161 1501 1262 1528 Caesare
1272 1503 1454 1530 restauratum.
1495 1501 1618 1530 Plurimae
1631 1504 1680 1530 sta-

102 1544 154 1565 tuae
172 1538 199 1566 in
218 1538 267 1566 hac
287 1539 339 1566 foii
359 1549 434 1576 parte
448 1539 556 1568 fuerunt
568 1561 577 1572 ,
602 1541 670 1568 item
683 1541 761 1575 rostra
774 1561 782 1573 ,
806 1551 867 1594 quag
875 1543 910 1585 ἐκ
924 1541 1005 1583 furio
1020 1539 1136 1567 Camillo
1148 1559 1156 1570 ‚
1185 1540 1218 1566 C.
1232 1540 1332 1567 Maenio
1346 1539 1417 1567 Coff.
1432 1549 1465 1566 ex
1477 1538 1559 1574 resti-js
1572 1539 1681 1568 nauium

103 1575 257 1603 Antiatium
277 1577 385 1605 condita
405 1578 532 1605 fuerunt:
559 1579 594 1606 fic
613 1580 687 1606 enim
705 1569 764 1607 Lr'v.
783 1572 848 1622 l.87'
870 1567 960 1606 txa¹ves
979 1577 1127 1606 Antiatium
1146 1576 1246 1613 partim
1265 1578 1293 1605 in
1307 1578 1408 1605 navalia
1422 1578 1520 1604 Romae
1532 1576 1680 1610 subduci&

102 1614 202 1649 partim
222 1614 332 1641 incem‘ae
348 1625 355 1641 ι
381 1615 522 1651 rostrisque
534 1625 626 1644 earum
637 1616 789 1653 suggestum
804 1618 832 1645 in
846 1615 908 1644 foro
921 1615 1074 1644 extructum
1088 1614 1212 1642 adornari
1223 1615 1324 1652 placuit
1334 1635 1344 1647 ,
1366 1614 1492 1654 rostraque
1505 1615 1532 1642 id
1546 1615 1679 1652 templum

102 1650 272 1687 appellatum.
307 1654 414 1680 Horum
428 1652 493 1688 ssepe
508 1654 539 1680 in
549 1653 622 1681 Livio
636 1674 643 1685 ,
663 1659 793 1687 Cicerone,
813 1656 842 1683 ὃς
855 1655 913 1682 aliis
926 1655 955 1681 fit
969 1654 1085 1682 mentio.
1099 1674 1102 1676 v
1117 1651 1279 1680 Ferebantur
1289 1663 1317 1679 m
1332 1651 1415 1691 rostris
1427 1653 1491 1690 leges
1504 1672 1512 1683 ‚
1531 1652 1678 1689 agebantur

101 1688 184 1716 causae
196 1709 204 1719 ‚
225 1691 251 1717 δε
265 1690 407 1718 conciones
420 1689 593 1719 habebantur.
632 1692 714 1719 Erant
727 1700 816 1720 autern
831 1692 943 1728 duplicia
956 1711 965 1723 ‚
987 1699 1058 1718 nova
1073 1692 1100 1719 δε
1114 1697 1215 1718 ναεῐει.
1251 1694 1326 1717 Nova
1340 1700 1398 1727 quae
1410 1692 1445 1718 ad
1458 1690 1547 1717 Palatii
1561 1690 1674 1719 radices:

101 1728 130 1755 ὅ(
146 1735 232 1753 wtera
245 1747 253 1758 ,
281 1735 340 1763 quae
358 1729 426 1765 apud
447 1729 548 1756 curiam
567 1729 594 1756 in
614 1730 730 1758 comitio
744 1750 752 1761 ‚
777 1730 924 1767 dequibus
943 1729 995 1756 hoc
1015 1728 1084 1756 loco.
1122 1728 1191 1756 Illud
1204 1728 1285 1756 etiam
1299 1728 1477 1756 memorabile
1489 1728 1520 1754 de
1531 1726 1612 1765 riostm
1626 1729 1673 1756 est:

101 1765 174 1801 qnod
198 1766 328 1792 Antonius
346 1766 425 1793 occifi
443 1765 569 1793 Crceronis
582 1775 654 1800 caput
673 1767 809 1804 praecisum
833 1771 859 1796 δι
873 1769 906 1795 ad
919 1767 945 1795 se
958 1767 1066 1794 allatum
1079 1766 1149 1794 inter
1162 1767 1226 1793 duas
1240 1775 1334 1793 manus
1346 1767 1375 1793 in
1387 1767 1476 1793 rostris
1489 1767 1554 1801 poni
1570 1775 1677 1793 curave·

101 1802 137 1829 rit
148 1822 155 1833 ‚
180 1801 224 1830 ubi
247 1802 290 1830 ille
302 1803 401 1831 Consul
413 1824 420 1835 ,
446 1803 491 1831 ubi
505 1803 571 1840 ssepe
587 1804 738 1832 Consularis
751 1826 758 1837 ‚
783 1805 829 1833 ubi
842 1815 876 1833 eo
889 1805 946 1841 ipso
960 1814 1030 1832 anno
1040 1803 1162 1831 adversus
1177 1803 1321 1831 Antonium
1333 1822 1341 1833 .
1366 1812 1464 1840 quanta
1475 1802 1545 1830 nulla
1557 1811 1676 1840 unquam

100 1838 218 1866 humana
232 1849 284 1868 vox
299 1861 306 1872 ‚
333 1851 394 1870 cum
410 1842 588 1870 admiratione
601 1842 760 1879 eloquentiae
774 1844 878 1871 auditus
892 1843 986 1871 fuerat.
1025 1844 1050 1869 T
1053 1842 1167 1869 estantur
1181 1841 1232 1869 boc
1246 1841 1335 1868 Lizius
1348 1862 1357 1873 ,
1383 1841 1506 1868 Plutarch.
1520 1841 1548 1868 in
1563 1842 1616 1869 vita
1629 1843 1675 1870 Ci-

100 1878 221 1909 ceronis,
240 1882 316 1905 Dscn.
328 1879 373 1906 lib.
385 1890 431 1915 47.
446 1882 472 1908 ὃς
487 1879 541 1907 alii.
574 1881 616 1907 De
629 1880 690 1908 loco
705 1888 796 1908 tamen
810 1881 987 1909 comitiorum
1002 1880 1165 1907 curiatorum
1181 1880 1262 1906 etiam
1278 1880 1330 1905 hoc
1342 1880 1493 1906 notandum
1509 1898 1518 1910 ‚
1542 1879 1620 1915 legem
1631 1889 1678 1906 cu—

99 1915 211 1979 riatam?
230 1923 436 1980 qulabrevocatus
458 1917 588 1946 Camillus
606 1917 638 1945 ab
657 1917 736 1946 exilio
756 1918 822 1951 fuit,
840 1918 914 1947 Urbe
928 1919 940 1945 ὲ
956 1917 1039 1946 Gallis
1052 1925 1143 1952 capta,
1164 1917 1254 1952 Vejis,
1274 1925 1330 1944 non
1347 1917 1376 1944 in
1391 1915 1490 1945 comnia
1508 1916 1590 1944 laram
1605 1918 1674 1950 effe,

97 1959 124 1981 te
147 1956 247 1980 eLnno
272 1953 276 1957 ”
299 1963 361 1989 ,ςμ

785 2034 811 2061 C
829 2043 846 2061 A
866 2043 890 2061 P.
929 2033 984 2061 VI.

576 2104 629 2137 De
645 2111 773 2151 tempore
788 2105 974 2136 curiatorum
992 2102 1191 2136 comitiorum

96 2179 179 2242 De
204 2188 311 2214 tempore
331 2180 494 2208 curiatorum
512 2181 667 2209 comitiorum
686 2181 812 2218 equidem
833 2181 897 2210 nihil
916 2181 1002 2209 habeo
1022 2181 1111 2209 dicere
1123 2201 1131 2212 ,
1157 2178 1205 2207 nifi
1222 2178 1295 2216 quod
1313 2178 1477 2207 comitialibus
1492 2178 1589 2209 diebus
1600 2200 1609 2214 ,
1625 2183 1670 2210 'de

77 2250 81 2253 .
186 2218 280 2256 quibus
298 2217 349 2245 alio
363 2217 432 2245 libro
446 2218 530 2246 multa
544 2219 684 2252 dicuntur,
705 2229 735 2246 ea
748 2219 798 2247 smt
810 2219 905 2248 habita.
948 2220 1014 2246 Non
1026 2220 1100 2246 enim
1113 2225 1188 2246 certo
1202 2217 1291 2254 aliquo
1304 2224 1429 2253 tempore
1444 2219 1549 2246 moriaris
1562 2221 1669 2248 comitiis

95 2255 228 2293 populum
246 2255 411 2288 convenisse,
430 2264 461 2283 ac
476 2256 510 2283 de
528 2266 556 2284 re
569 2256 655 2294 aliqua
668 2257 826 2294 suffragium
843 2256 927 2285 tuliss‘e
940 2277 948 2288 ,
967 2257 1063 2294 legitur
1079 2267 1085 2284 ι
1104 2255 1148 2284 sed
1161 2255 1322 2292 quandoque
1333 2256 1469 2284 necessitas
1482 2257 1631 2294 reipublicae
1641 2258 1669 2285 id

93 2293 244 2330 requirebat
258 2315 265 2326 ‚
290 2302 350 2322 tum
371 2293 572 2322 conveniebant.
611 2296 677 2322 Non
690 2303 782 2323 tamen
796 2295 922 2323 omnibus
935 2294 1027 2323 diebus
1039 2294 1092 2322 fine
1105 2293 1260 2322 ‹fiserimine
1271 2314 1280 2326 ,
1306 2292 1350 2321 sed
1365 2300 1472 2323 tantum
1484 2295 1650 2323 comitialibus
1661 2318 1668 2327 λ

93 2337 124 2360 ut
136 2332 222 2360 modo
234 2332 338 2360 diCtum
351 2332 395 2359 est.
422 2332 543 2368 Superest
555 2338 586 2360 ut
599 2332 713 2360 modum
729 2332 830 2362 horum
844 2334 1002 2361 comitiorum
1015 2332 1189 2370 explicemus.

1020 2404 1111 2446 L-ll'3
1567 2410 1664 2436 Car·
