2075 2734
351 117 409 151 ²84-
638 107 1457 144 A—uriQurrArumRoMANAkuM
1496 107 1637 139 Limrv'.

876 179 928 212 De
949 176 1051 212 diebus
1068 176 1174 224 mensis
1196 176 1287 225 Julii
1297 176 1394 224 feliis.

396 243 522 272 Kaleniis
535 242 625 283 juliis,
645 242 698 271 five
711 239 872 280 Qintilib'm
885 236 990 269 nullum
1006 240 1102 269 festum
1114 241 1142 268 in
1158 239 1319 268 Kalendario
1333 246 1457 268 notatum
1474 239 1519 268 est.
1557 239 1626 269 Illud
1640 248 1732 271 tamen
1744 243 1778 271 de
1790 243 1821 271 iis
1834 252 1931 274 notatu

356 282 462 310 videtur
475 283 528 310 esse
543 283 671 319 dignum,
692 280 764 317 quod
780 288 814 307 eo
827 281 871 308 die
886 278 1049 318 migrationes
1061 289 1094 306 ex
1109 277 1196 306 adibus
1211 278 1279 315 apud
1295 286 1397 318 veteres
1412 277 1468 304 fieri
1483 277 1681 313 consueverint,
1703 283 1749 318 qui
1756 282 1810 309 dies
1823 284 1927 318 primus

356 320 569 348 conduffionum
583 327 654 350 erat,
676 320 714 346 uti
729 328 761 346 ex
777 316 830 345 Cic.
842 317 899 346 libr.
914 328 939 345 2.
953 318 1025 355 epist.
1041 328 1062 355 3.
1078 317 1111 345 ad
1126 318 1163 353 Q
1177 317 1260 345 Fratr.
1279 321 1395 343 Suetonio
1410 317 1436 343 in
1455 316 1567 345 Tiberio
1579 338 1587 349 ‚
1611 320 1637 346 &
1651 318 1776 347 Mirtiale
1789 321 1926 356 cognosci-

357 363 415 390 tur,
435 368 485 395 qua
498 359 531 385 de
548 368 576 385 re
593 356 676 384 multa
691 366 723 384 ex
736 355 934 394 jurisconsultis
949 365 1056 393 quoque
1070 355 1244 392 congeffit‚&
1258 354 1400 391 explicavit
1415 353 1545 394 Antonius
1559 356 1717 394 Augustinus
1729 357 1787 385 libr.
1793 366 1820 393 4.
1829 359 1927 387 Emen-

356 396 409 424 dat.
423 404 501 432 atque
516 397 590 432 opin.
601 404 658 431 cap.
670 404 711 429 14.
727 403 810 431 quern
826 394 895 432 lege:
916 395 983 422 item
999 393 1118 421 Beroaldi
1133 394 1294 420 Comment.
1309 394 1336 420 in
1349 395 1461 419 Suetomt
1475 393 1617 422 Tiberium
1627 416 1634 427 ,
1655 405 1712 431 cap.
1722 407 1764 434 35.

395 435 444 462 ΙΙΙ.
466 436 560 462 Nonas
574 432 711 470 Poplifugia
725 432 845 462 fuerunt,
867 442 985 470 quorum
999 432 1033 460 fic
1047 432 1175 459 meminit
1190 431 1394 459 Kalendarium:
1417 431 1446 458 B.
1468 431 1510 459 Po
1521 443 1534 459 μ
1545 442 1561 460 L
1572 443 1615 460 ir.
1637 434 1672 460 N.
1687 433 1739 462 hoc
1747 434 1797 465 est,
1820 435 1890 470 Popli
1901 447 1928 463 u.

348 470 437 510 glum,
460 472 591 500 Nefastus.

397 510 461 537 Dies
477 509 612 548 Poplifugia
627 530 633 541 ‚
655 509 742 546 inquit
756 513 836 536 Varro
850 509 908 538 libr.
923 519 950 545 5.
967 510 1001 537 de
1015 509 1104 545 lingua
1119 508 1213 535 Latina
1227 528 1234 538 ‚
1256 507 1359 535 videtur
1372 507 1525 536 nominatus
1538 529 1545 540 ,
1567 510 1638 546 quod
1659 520 1692 538 eo
1705 511 1748 538 die
1762 519 1871 548 repente
1889 518 1931 540 tu-

360 547 448 574 multu
462 548 560 585 fugerit
574 547 695 584 populus.
716 549 782 575 Non
794 548 881 576 multo
896 549 969 574 enirn
985 549 1041 584 post
1055 547 1098 575 hic
1113 547 1182 577 dies,
1202 555 1283 582 quam
1299 545 1415 573 deceffus
1428 546 1557 573 Gallorum
1571 557 1602 575 ex
1618 548 1704 576 Urbe:
1726 551 1751 577 ὅ(
1761 551 1805 585 qui
1816 557 1874 577 tum
1883 549 1929 578 stib

361 585 436 612 Urbe
450 587 556 624 populi,
579 590 608 614 ut
622 584 790 623 ficulneagess
810 595 840 613 ac
854 585 988 613 Fidenates
1001 588 1027 614 ὃς
1042 585 1150 612 finitimi
1165 584 1208 611 alii
1222 604 1230 615 ,
1252 590 1345 611 contra
1360 593 1409 610 nos
1430 584 1610 619 conjurarunt.
1651 586 1761 624 Aliquot
1783 587 1860 624 hujus
1871 583 1933 617 'diei

363 624 471 661 vestigia
486 625 554 663 lugae
568 625 595 652 in
609 623 685 651 iactis
700 632 843 660 apparent,
867 624 901 651 de
916 623 1011 661 quibus
1023 623 1101 651 rebus
1115 622 1314 659 Antiquitatum
1334 621 1393 649 libri
1412 621 1487 660 plura
1507 622 1634 651 referunt.
1672 623 1816 652 Macrobius
1831 625 1888 653 libr.
1908 637 1932 659 2.

359 662 556 700 Saturnal.cap.
566 673 590 690 2.
604 662 638 689 de
654 660 738 689 vitula
748 667 819 694 Dea,
839 671 959 699 quaenam
974 671 1004 689 ea
1018 661 1062 693 fit,
1084 661 1222 698 loquutus,
1242 660 1297 687 haec
1308 658 1428 695 subjicit:
1451 659 1505 693 Ptft
1517 660 1553 688 ait
1570 661 1696 693 mulam,
1718 662 1868 691 ViCtol-iam
1883 660 1931 691 ni)-

362 701 471 729 minari.
512 701 595 737 Cujus
608 701 645 727 rei
660 699 712 728 hoc
725 708 916 738 argumentum
931 700 1036 736 profert
1048 720 1055 731 ‚
1077 700 1148 736 quod
1163 698 1287 734 postridie
1301 699 1394 724 Nonas
1407 696 1488 734 Julias
1501 718 1509 729 ‚
1535 707 1565 725 re
1577 698 1645 727 bene
1658 700 1728 736 gesta
1742 720 1749 731 ,
1769 709 1830 727 cum
1846 703 1932 736 pridie

222 762 231 780 7
362 739 477 774 populus
490 737 503 766 ὲ
517 738 627 766 Thuscis
640 739 668 765 in
683 737 774 777 fugam
791 738 878 766 versus
891 738 922 765 fit
943 738 1032 772 (unde
1047 736 1183 775 Poplifugia
1197 736 1311 770 dicitur)
1331 736 1389 772 post
1403 735 1546 763 vietoriam
1567 738 1645 765 certis
1658 737 1789 765 sacrificiis
1804 738 1848 766 fiat
1864 741 1933 767 vitu-

52 792 63 814 η
78 768 129 818 {l-
148 772 281 831 &avso-
290 784 330 822 W
362 775 436 805 latio.
458 776 609 805 Plutarchus
623 777 650 804 in
666 777 788 806 Romulo
803 776 907 807 scribit,
929 785 991 803 eum
1006 776 1079 802 diem
1089 796 1095 807 ‚
1116 785 1170 812 quo
1185 773 1319 801 Romulus
1329 773 1390 814 'fato
1403 773 1573 806 concesserit,
1583 776 1780 803 consternatum
1794 778 1932 813 repentina

0 809 15 822 ⁷*
26 808 59 824 m
74 801 88 826 l*
133 807 170 845 “s“
186 815 196 834 f
363 815 447 853 Regis
462 822 552 843 morte
566 814 713 852 populum,
733 819 832 852 Fugam
842 813 919 849 plebis
932 813 1070 851 appellari,
1090 823 1120 841 ac
1134 816 1216 839 Nonas
1231 816 1378 849 §.rprotrnas
1391 831 1399 840 ‚
1419 811 1472 838 five
1484 812 1654 847 Capi-asinas.-
1672 823 1758 851 eoque
1771 815 1815 842 die
1831 816 1932 843 Roma-

138 857 142 859 ’
363 862 413 881 nos
425 863 457 883 ex
472 852 545 880 Urbe
557 854 590 881 ad
605 855 699 889 Caprae
711 853 835 889 paludem
851 860 978 880 exeuntes
992 851 1146 879 sacrificare.
1165 851 1207 878 Ad
1223 852 1294 887 quod
1304 849 1406 877 sacrum
1415 849 1481 876 dum
1491 851 1607 883 exirent,
1627 862 1674 880 eos
1683 852 1767 880 multa
1775 852 1932 882 ufitatorum

364 893 510 919 nominum
524 891 684 922 inclamare,
706 891 788 920 veluti
800 891 900 922 Moci,
920 900 952 918 ac
963 889 1036 923 Caji,
1056 890 1193 917 imitantes
1206 897 1269 916 eam
1285 908 1291 918 ‚
1313 897 1370 924 quae
1384 896 1443 915 tum
1458 889 1588 917 acciderat
1602 911 1609 921 ,
1630 890 1723 928 fugam
1735 911 1743 922 ‚
1763 901 1794 919 ac
1807 899 1930 920 mutuam

364 928 565 958 invocationem
579 940 641 958 cum
657 930 758 957 timore
771 939 802 956 ac
816 929 935 956 tumultu
949 928 1057 955 fastam.
1078 928 1160 965 Qod
1175 928 1257 954 etiam
1272 926 1373 962 Dionysi
1382 925 1426 953 lib.
1443 935 1467 953 2.
1481 927 1570 955 tradit.

405 968 493 996 Pridie
509 969 603 996 Nonas
618 967 752 1005 Qintiles
765 966 820 994 ludi
834 966 987 1000 Apollinares
999 965 1212 997 celebrabantur,
1232 964 1266 992 fic
1281 964 1354 992 enim
1367 963 1553 999 Kalemhzrium
1567 976 1575 991 :
1596 966 1628 992 C.
1649 966 1686 992 N.
1707 967 1756 994 Lu
1767 978 1803 996 ω
1828 968 1895 996 Avo
1905 969 1935 996 ιζ

361 1014 400 1071 px
409 1017 438 1035 N.
457 1006 509 1034 hoc
521 1006 559 1034 'est
572 1027 580 1039 ‚
605 1006 729 1034 Nefastus
742 1027 751 1038 ‚
769 1002 839 1033 Ludi
852 1004 1014 1039 Apollinares.
1053 1005 1096 1031 De
1108 1003 1148 1031 his
1161 1003 1226 1032 ficut
1240 1005 1267 1031 &
1280 1004 1313 1030 de
1326 1001 1431 1039 reliquis
1446 1022 1454 1034 ‚
1474 1004 1520 1040 qui
1534 1002 1678 1041 sequuntur
1691 1024 1700 1036 ‚
1727 1005 1846 1034 dicemus
1865 1006 1935 1035 libro

375 1053 389 1071 e
409 1052 492 1073 uenti.

390 1053 488 1110 qNonis
500 1083 657 1123 Qintilibu:
670 1083 736 1112 item
749 1081 805 1108 ludi
825 1080 1022 1109 celebrabantur
1038 1102 1044 1113 ,
1073 1081 1185 1109 testante
1204 1080 1230 1107 id
1247 1079 1408 1107 Kalendario
1423 1100 1431 1112 ‚
1458 1081 1530 1117 quod
1550 1080 1584 1108 fic
1604 1080 1703 1108 habet:
1730 1082 1767 1109 D.
1787 1083 1875 1110 Nox.
1896 1084 1933 1111 N.

368 1121 420 1148 Lu
430 1131 448 1148 n
458 1132 475 1149 x.
495 1122 546 1150 hoc
561 1123 597 1150 est
612 1124 715 1152 Nonae,
737 1119 874 1149 Nefastus,
895 1118 971 1146 Ludi.
990 1122 1038 1148 Hae
1052 1122 1125 1146 Nona
1137 1118 1291 1146 dicebantur
1304 1121 1379 1144 Nona
1393 1118 1546 1152 Cap-otim,
1567 1119 1600 1146 de
1615 1118 1710 1156 quibus
1724 1120 1760 1148 ita
1775 1120 1863 1148 scribit
1877 1124 1935 1148 νην.

365 1157 416 1185 lib·
423 1169 448 1194 5,
462 1160 494 1187 de
510 1160 574 1197 ling.
590 1162 649 1188 Lat.
662 1163 735 1186 Nono
749 1155 886 1192 Capi-otim
900 1178 907 1188 ‚
929 1158 1001 1194 quod
1015 1166 1048 1184 eo
1062 1157 1105 1184 die
1118 1157 1144 1183 in
1158 1156 1236 1183 Latio
1250 1154 1344 1188 junoni
1357 1154 1494 1189 Caprotina
1515 1157 1636 1184 mulieres
1650 1157 1795 1186 sacrificant
1808 1179 1815 1190 ,
1843 1161 1870 1188 &
1890 1159 1936 1186 sub

365 1196 493 1232 caprifico
508 1199 621 1230 faciunt,
642 1200 668 1225 &
685 1195 699 1223 ἐ
713 1195 838 1232 caprifico
851 1193 977 1222 adhibent
991 1195 1105 1231 virgam.
1130 1193 1174 1220 Ob
1189 1192 1241 1220 hoc
1256 1200 1322 1230 toga
1334 1199 1461 1228 praetexta
1481 1193 1542 1220 data
1555 1194 1600 1220 eis.
1624 1195 1763 1224 Macrobius
1776 1197 1838 1224 libr.
1855 1208 1876 1225 1.
1892 1199 1935 1224 Sa-

368 1234 465 1262 turnal.
479 1245 535 1271 cap.
555 1247 563 1263 1
574 1247 594 1263 1.
635 1235 724 1262 Nonis
738 1233 815 1272 Juliis
829 1232 902 1259 diem
918 1232 1014 1259 festum
1029 1232 1080 1259 effe
1094 1231 1249 1258 ancillarum
1264 1251 1272 1262 ‚
1300 1238 1358 1258 tam
1370 1228 1454 1266 vulgo
1467 1237 1565 1258 notum
1580 1230 1616 1257 est
1628 1251 1636 1262 ,
1657 1238 1686 1259 ut
1698 1243 1749 1260 nec
1763 1235 1843 1270 origo
1859 1254 1867 1265 ,
1886 1244 1936 1263 nec

368 1271 444 1300 causa
459 1273 616 1304 celebritatis
630 1273 722 1309 ignota
735 1272 776 1299 fit.
802 1269 897 1303 Iunoni
910 1271 983 1297 enim
999 1269 1135 1304 Caprotinae
1151 1269 1194 1297 die
1207 1267 1254 1296 illo
1268 1268 1356 1296 liberae
1369 1269 1468 1304 pariter
1480 1289 1489 1301 ,
1515 1268 1668 1306 ancillaeque
1679 1269 1825 1299 sacrificant
1837 1270 1883 1298 sub
1898 1281 1937 1299 ar-

368 1310 435 1338 bore
449 1312 575 1347 caprifico
584 1332 591 1343 ,
612 1312 639 1338 in
656 1311 820 1338 memoriam
834 1307 949 1346 Benigna
962 1307 1066 1336 virtutis
1075 1329 1081 1339 ‚
1102 1317 1159 1344 quae
1171 1307 1326 1334 ancillarum
1340 1307 1436 1334 animis
1451 1315 1501 1343 pro
1514 1307 1717 1335 conservatione
1729 1308 1838 1344 publicae
1851 1310 1939 1347 digni-

366 1350 429 1377 tatis
442 1351 576 1385 apparuit,
585 1351 635 1378 δῖε.
656 1350 691 1377 Et
704 1348 807 1385 postea,
824 1356 887 1374 cum
897 1346 1176 1377 recitass‘ethistoriam
1189 1345 1222 1372 de
1238 1343 1410 1384 memorabili
1423 1345 1472 1372 isto
1485 1345 1640 1373 ancillarum
1655 1348 1841 1375 Romanarum
1855 1347 1937 1380 facto,

371 1395 452 1423 quam
470 1397 518 1415 nos
533 1387 592 1415 libr.
612 1397 637 1414 2.
648 1396 712 1414 cum
726 1386 759 1413 de
771 1390 868 1418 junone·
881 1384 1019 1418 caprotina
1032 1393 1187 1421 ageremus,
1208 1392 1241 1410 ex
1253 1382 1378 1409 Macrobto
1392 1383 1534 1412 citavimus
1547 1404 1554 1415 ,
1576 1384 1631 1411 haec
1648 1383 1784 1422 subjungit
1798 1396 1804 1412 ;
1826 1387 1941 1420 Memorv

368 1424 498 1452 beneficii·
506 1424 633 1456 Senatus,
654 1433 750 1452 omnes
765 1421 871 1450 ancillas
884 1431 966 1449 manu
978 1422 1051 1458 jussit
1065 1421 1168 1448 emitti:
1189 1420 1336 1456 dotemque
1349 1420 1386 1448 eis
1399 1430 1431 1448 ex
1446 1420 1554 1457 publico
1567 1421 1631 1451 fecit
1644 1443 1652 1454 ‚
1673 1425 1700 1452 δε
1714 1430 1840 1451 ornatum
1855 1445 1863 1457 ‚
1883 1433 1938 1461 quo

369 1470 436 1491 tunc
452 1472 526 1492 erant
539 1463 602 1495 usae,
622 1463 724 1500 gestare
738 1461 865 1490 concessit
879 1460 1004 1496 diemque
1019 1458 1106 1495 ipsum
1121 1462 1204 1485 Nonas
1218 1457 1368 1492 Caprotinas
1380 1461 1560 1495 nuncupavit,
1580 1460 1612 1487 ab
1629 1461 1671 1489 illa
1680 1462 1819 1498 caprifico,
1840 1471 1872 1491 ex
1887 1471 1940 1499 qua

370 1501 477 1537 iignum
492 1502 610 1529 vietoriae
625 1508 766 1537 ceperunt:
787 1498 1000 1534 sacrificiumque
1015 1498 1102 1525 statuit
1118 1505 1203 1524 annua
1217 1496 1373 1524 solennitate
1387 1496 1592 1529 celebrandurn,
1612 1499 1716 1530 cuilac,
1735 1500 1807 1536 quod
1815 1509 1847 1528 ex
1855 1500 1940 1536 capri-

370 1539 424 1566 fico
438 1546 542 1570 manat,
568 1546 680 1576 propter
693 1538 857 1565 memoriam
872 1535 934 1563 faeti
946 1536 1120 1572 praecedentis
1132 1534 1281 1564 adhibetur.
1302 1534 1449 1562 Plutarchus
1463 1536 1491 1563 in
1506 1535 1629 1564 Romulo
1646 1539 1672 1564 δε
1689 1536 1807 1564 Camillo
1820 1537 1884 1565 duas
1898 1538 1939 1565 di-

371 1575 457 1603 versas
473 1577 613 1613 opiniones
628 1596 636 1607 ‚
657 1585 703 1604 cur
715 1575 755 1602 hae
767 1579 841 1602 Nona
853 1578 990 1608 Caprotl'aae
1005 1573 1138 1610 appellatae
1151 1575 1178 1601 &
1192 1573 1314 1600 institutae
1335 1572 1386 1601 fint
1400 1593 1410 1606 ‚
1434 1573 1552 1602 recenset
1565 1584 1573 1604 5
1594 1583 1707 1611 quarum
1721 1584 1773 1601 una
1788 1575 1824 1601 est
1834 1594 1842 1605 ,
1865 1575 1939 1611 quod

372 1614 426 1642 hoc
440 1614 483 1641 die
499 1614 630 1642 Romulus
643 1615 711 1649 apud
729 1614 837 1650 Capreae
849 1611 974 1648 paludem
990 1632 998 1644 ‚
1019 1613 1151 1640 concione
1164 1610 1251 1639 habita
1267 1618 1376 1648 repente
1388 1612 1546 1647 tempestate
1559 1619 1618 1639 orta
1633 1632 1640 1643 ‚
1661 1611 1817 1648 disparuerit
1831 1622 1837 1639 ι
1857 1612 1939 1643 altera

374 1652 467 1680 eadem
483 1652 519 1679 est
534 1661 596 1680 cum
610 1652 673 1684 ista,
693 1661 773 1689 quam
788 1651 874 1678 modo
889 1659 920 1677 ex
935 1649 1059 1676 Macrobio
1072 1650 1253 1678 recitavimus.
1285 1650 1359 1676 inter
1372 1649 1420 1677 alia
1433 1649 1488 1678 haec
1501 1649 1592 1677 scribit
1605 1660 1611 1676 t
1634 1650 1754 1677 Romani
1767 1649 1839 1677 faCto
1851 1651 1878 1678 in
1890 1650 1940 1678 ho-

374 1691 423 1718 stes
436 1690 601 1727 inopinantes
615 1692 718 1726 impetu
732 1712 739 1723 ,
761 1689 874 1717 victoria
893 1688 974 1725 potiti
987 1688 1061 1715 diem
1075 1697 1138 1716 eum
1153 1688 1181 1714 in
1204 1688 1242 1714 rei
1263 1689 1428 1715 memoriam
1443 1688 1539 1716 festum
1561 1687 1696 1716 celebrant
1709 1698 1715 1715 :
1746 1690 1773 1716 δε
1787 1686 1801 1714 a
1815 1689 1940 1725 caprifico

375 1733 449 1756 Nona
463 1727 601 1763 Caprotinae
615 1737 752 1758 vocantur.
792 1727 907 1764 Epulum
922 1734 1012 1753 autem
1026 1726 1144 1762 praebent
1157 1724 1313 1753 mulieribus
1326 1734 1400 1753 extra
1414 1726 1517 1754 Urbem
1532 1746 1539 1756 ,
1559 1725 1605 1753 sub
1617 1726 1778 1754 umbraculis
1790 1735 1823 1753 ex
1837 1727 1940 1755 ficuum

375 1767 514 1795 frondibus
526 1769 667 1796 contextis:
692 1766 824 1804 strvaeque
837 1766 1036 1793 circumeuntes
1048 1764 1156 1796 ludunt,
1178 1764 1275 1791 deinde
1287 1764 1405 1792 invicem
1416 1762 1443 1791 se
1454 1764 1552 1801 plagis,
1572 1773 1603 1791 ac
1614 1763 1733 1800 lapidum
1746 1763 1842 1791 iecibus
1853 1764 1940 1801 impe.

373 1812 450 1837 tunt,
471 1806 542 1843 quasi
555 1814 614 1834 tum
630 1815 736 1843 quoque
751 1804 882 1832 Romanis
896 1804 923 1831 in
936 1802 1025 1839 praelio
1038 1803 1186 1833 adfuerint,
1206 1801 1437 1839 pugnantibusque
1449 1811 1532 1838 opem
1545 1802 1662 1830 tulerint.
1682 1802 1759 1829 Idem
1772 1801 1800 1828 in
1813 1801 1924 1829 Camillo
1931 1812 1941 1828 .-

373 1845 408 1872 Jn
423 1845 586 1872 memoriam
603 1843 727 1872 facinoris
740 1843 824 1874 istius,
846 1842 999 1870 ancillarum
1015 1840 1123 1869 solenne
1136 1840 1201 1867 illud
1217 1839 1312 1867 festum
1327 1840 1424 1877 agitur.
1443 1840 1536 1867 Primo
1549 1840 1623 1866 enim
1637 1838 1781 1866 confertim
1798 1847 1938 1872 exeunte5‚

373 1882 460 1910 multa
475 1884 665 1911 communium
681 1892 711 1910 ac
724 1882 850 1910 tritorum
866 1881 936 1918 apud
950 1881 1089 1907 Romanos
1104 1879 1264 1909 nominum,
1284 1884 1314 1905 ut
1328 1876 1401 1908 sunt,
1422 1876 1496 1911 Caji,
1515 1875 1598 1904 Marci
1609 1897 1617 1908 ‚
1636 1876 1727 1908 Lucii,
1748 1879 1775 1905 &
1788 1877 1837 1904 alia
1851 1878 1877 1905 id
1891 1886 1937 1915 ge-

374 1929 423 1947 nus
432 1920 588 1950 inclamant.
599 1922 735 1949 imitantes
743 1929 812 1951 earn,
821 1928 878 1956 quae
891 1926 951 1946 tum
966 1925 1060 1946 mutua
1074 1916 1348 1954 interproperandum
1362 1915 1422 1947 fuit,
1430 1915 1639 1944 invocationem.
1659 1915 1763 1942 Deinde
1775 1914 1875 1943 ancillae
1888 1916 1939 1944 ele..

374 1960 449 1995 ganti
462 1958 553 1988 habitu
567 1961 749 1991 circumeunt,
769 1957 885 1995 locisque
901 1956 996 1984 obvios
1009 1957 1158 1993 impetunt:
1179 1955 1215 1982 est
1231 1956 1257 1983 δε
1272 1963 1361 1991 pugna
1376 1955 1446 1982 inter
1459 1953 1525 1991 ipsas
1538 1974 1546 1985 ,
1568 1962 1623 1990 quo
1633 1953 1778 1985 indicatur,
1798 1961 1858 1982 tum
1872 1962 1938 1990 quo-

375 2005 427 2032 que
440 1997 505 2033 ipsas
521 2005 614 2026 contra
629 1998 739 2026 Latinos
751 1995 801 2024 suis
816 1995 912 2023 auxilio
927 1994 1009 2022 fuifl‘e.
1031 1996 1103 2022 Cum
1119 1993 1273 2029 epulantur,
1286 1991 1378 2020 sedent
1391 1991 1437 2019 sub
1452 1991 1612 2020 umbraculis
1625 2000 1656 2020 ex
1671 1991 1789 2019 ficulneis
1800 1991 1939 2020 frondibus

376 2036 518 2064 contextis:
540 2038 567 2065 &
581 2037 654 2064 diem
668 2039 750 2064 Nonas
763 2032 911 2070 Caprotinas
925 2040 1091 2071 nuncupant:
1111 2032 1241 2060 nimirum
1257 2030 1271 2058 a
1282 2029 1391 2069 caprifico
1404 2051 1414 2063 ,
1433 2029 1506 2068 aqua
1519 2028 1607 2058 facem
1620 2030 1694 2059 illam
1705 2030 1847 2059 ardentem
1859 2029 1939 2059 sustu-
1956 2053 1958 2055 ,

374 2070 466 2100 3crant.
479 2076 543 2100 Hazc
551 2074 707 2102 Plutarchus.

416 2111 590 2146 Sequentibus
603 2113 694 2140 diebus
707 2113 825 2150 quinque
839 2110 893 2138 ludi
908 2110 1015 2139 fuerunt
1029 2109 1167 2141 celebrati,
1189 2109 1223 2138 de
1238 2107 1331 2147 quibus
1343 2107 1412 2136 libro
1426 2107 1545 2144 sequenti
1556 2115 1675 2144 agemus.

414 2147 465 2176 Π.
485 2148 547 2175 Idus
561 2151 701 2186 Qintileis
715 2154 745 2177 C.
761 2150 814 2182 Jul.
829 2149 932 2185 Caefizris
945 2149 1037 2177 natalis
1052 2149 1117 2181 fuit,
1137 2149 1178 2176 uti
1191 2148 1269 2176 initio
1281 2146 1358 2183 hujus
1371 2146 1465 2184 capitis
1478 2145 1663 2174 meminimus.

413 2185 464 2212 ΙΙΙ.
484 2185 544 2212 Idus
559 2188 701 2224 Qintileis
714 2188 769 2217 ludi
783 2188 904 2222 circem&
919 2188 1079 2219 edebantur,
1101 2187 1135 2215 de
1149 2185 1243 2223 quibus
1255 2186 1353 2222 postea.
1927 2222 1934 2224 ἡ

412 2223 502 2250 Pridie
518 2224 579 2251 Idus
591 2225 730 2262 Qintileis
743 2228 780 2256 ita
794 2234 902 2256 notatur
916 2228 943 2254 in
959 2225 1132 2255 Kalendario:
1153 2225 1184 2252 C.
1201 2225 1232 2252 C.
1252 2226 1284 2252 M
1293 2234 1306 2252 Ε
1317 2234 1369 2252 nx.
1387 2223 1441 2252 hoc
1447 2223 1496 2255 est,
1516 2221 1660 2251 Comitiali&
1667 2226 1806 2260 Merkfatus.
1818 2222 1854 2251 fic
1860 2219 1934 2250 enim

372 2260 492 2298 plerique
507 2261 722 2297 interpretantur.
742 2265 869 2292 Habemus
884 2265 1005 2293 Goltzius
1025 2265 1053 2292 in
1073 2263 1120 2291 suo
1132 2262 1272 2291 uberrimo
1293 2262 1467 2299 Antiquitatis
1484 2260 1608 2290 thesauro
1627 2269 1722 2290 monet
1736 2283 1744 2294 ‚
1770 2260 1935 2290 consideran-

376 2301 442 2328 dum
458 2298 522 2330 effe,
543 2308 575 2326 an
589 2309 644 2327 non
658 2300 799 2337 legendum
815 2303 844 2331 sit
858 2302 1025 2338 Mea-Qurialia
1038 2323 1047 2335 ,
1066 2303 1103 2330 ita
1116 2308 1146 2328 ut
1159 2301 1322 2339 intelligatur
1334 2299 1453 2328 Mercurii
1466 2301 1562 2329 festum
1575 2322 1583 2334 ,
1609 2299 1675 2328 sicut
1687 2297 1834 2328 Saturnalia
1846 2301 1935 2338 Satur-

375 2338 417 2370 ni,
438 2336 588 2404 Vglmml'fq
598 2338 703 2404 52²!ng
713 2338 807 2396 festum
822 2340 993 2380 appellantur.
1034 2339 1171 2380 Durabant
1189 2347 1280 2371 autem
1294 2339 1322 2378 hi
1335 2338 1389 2369 five
1403 2343 1536 2379 Mokata,-
1548 2357 1557 2373 ‚
1575 2339 1629 2378 five
1646 2338 1703 2368 haec
1714 2335 1881 2375 Meri-„urialta
1894 2334 1935 2369 us:

374 2385 427 2414 que
442 2385 456 2405 a
487 2385 548 2405 xiv.
589 2385 602 2403 a
613 2385 645 2403 en
667 2396 673 2404 .
706 2384 815 2405 enters,

1829 2412 1936 2443 Eodem
