2075 2734
0 180 320 266 μῶρε-,φάψ

394 129 433 169 53
696 117 1681 157 Anerver-runRoMANARuML13.1.

812 211 893 240 DE
939 208 1581 250 stooffnocrmssos.

441 297 482 326 Ab
497 295 572 325 Urbe
585 297 692 325 condita
705 303 752 332 per
766 302 849 321 annos
864 302 960 321 cnxm.
973 292 1095 320 contenti
1110 292 1219 320 fuerunt
1240 291 1361 320 Romani
1381 290 1427 318 usu
1441 300 1571 328 aquarum
1586 313 1593 323 ,
1621 300 1683 328 quas
1696 299 1741 321 aut
1756 302 1789 321 ex
1803 292 1887 322 Tiberi
1899 317 1906 328 ,
1933 304 1978 326 aut

401 348 433 366 ex
443 334 545 371 puteis,
565 343 608 362 aut
627 333 734 367 sontibus
752 331 915 360 hauriebant.
956 333 1062 358 Verum
1076 330 1141 358 urbe
1156 331 1277 368 quotidie
1293 329 1427 359 crescente
1441 352 1447 362 ‚
1476 332 1502 358 ἃ
1524 330 1633 366 penuria
1653 341 1726 368 aqum
1746 331 1883 361 laborante
1897 355 1904 366 ,
1923 335 1978 364 aliae

400 384 474 414 aquae
490 376 517 402 in
532 367 626 401 urbem
643 373 766 399 derivatae
780 370 853 397 sunt:
874 379 928 406 quo
944 368 1046 397 facturn
1061 369 1112 402 est,
1132 376 1162 396 ut
1178 376 1251 397 tanta
1266 370 1294 397 in
1309 369 1374 397 urbe
1390 370 1507 406 undique
1522 378 1595 405 aqua:
1617 367 1697 399 fuerit
1715 371 1790 406 copia
1806 391 1813 402 ‚
1840 378 1870 399 ut
1892 372 1979 411 singu-

400 414 432 442 1ae
449 413 503 440 fere
518 413 615 439 domus
633 410 690 438 suos
705 408 845 437 habuerint
860 407 955 437 sontes.
996 407 1096 435 Earum
1112 409 1225 436 nomina
1239 408 1318 444 paulo
1332 416 1393 436 ante
1407 407 1466 435 sunt
1480 408 1589 435 recitata
1605 418 1609 434 :
1637 408 1836 437 deducebantur
1854 419 1928 447 aqua:
1947 421 1980 440 ex

401 451 508 480 diversis
522 450 586 478 locis
597 470 603 480 ,
625 451 652 477 δε
667 448 731 475 alius
746 447 928 484 aquaedudtm,
950 445 1097 483 praesertim
1113 448 1158 483 qui
1171 455 1219 482 per
1233 456 1309 474 arcus
1323 445 1416 476 fiebat,
1438 445 1489 474 alio
1505 445 1584 473 altior
1598 454 1667 478 erat,
1690 447 1743 475 five
1757 448 1910 484 depressior.
1930 452 1980 481 Hae

401 492 428 518 in
441 488 536 526 castella
555 489 690 525 primum:
711 496 744 514 ex
758 485 808 514 illis
822 484 835 512 a
850 483 997 521 Cistellaria
1012 493 1084 513 certa
1100 485 1222 512 mensura
1238 483 1381 511 distributae
1395 484 1422 510 in
1438 485 1496 512 loca
1509 485 1635 513 destinata
1649 484 1800 514 effluebant.
1841 486 1980 522 Castellum

401 535 491 555 autem
507 534 561 554 erat
575 526 663 557 locus,
684 525 730 562 qui
743 533 840 562 aquam
857 523 992 560 publicam
1013 522 1171 558 recipiebat,
1194 525 1220 551 &
1237 523 1264 549 in
1279 521 1350 549 varia
1365 520 1414 548 alia
1427 522 1485 550 loca
1499 522 1707 551 tranfinittebat:
1729 523 1890 560 Castellarius
1904 535 1979 558 vero,

401 564 505 594 castello
512 574 571 591 rum
594 564 686 591 custos.
727 563 806 599 Apud
822 563 945 598 antiquos
960 562 1050 589 omnis
1072 570 1138 597 aqua
1153 562 1180 588 in
1195 559 1317 596 publicos
1336 558 1393 587 usus
1408 560 1565 597 erogabatur
1580 572 1586 591 5
1608 561 1719 598 legeque
1732 564 1768 590 ita
1783 570 1891 591 cautum
1908 572 1979 596 erat,

402 614 436 632 ne
451 604 508 640 quis
522 603 639 638 privatus
654 601 733 629 aliam
749 601 872 630 duceret,
895 610 975 637 quam
992 608 1048 636 quae
1064 609 1095 626 ex
1112 599 1170 627 lacu
1184 598 1328 625 abundaret
1344 608 1350 628 3
1372 607 1453 635 quam
1469 598 1566 634 posteri
1579 599 1698 626 caducam
1712 609 1840 630 vocamnt
1855 613 1862 628 :
1883 604 1909 630 ἃ
1924 602 1980 630 haec

400 642 454 678 ipsa
469 650 523 668 non
539 641 565 667 in
579 640 661 667 alium
677 639 753 666 usum
768 660 775 671 ,
802 647 884 676 quam
899 639 926 666 in
940 638 1097 666 balnearum
1113 644 1158 665 aut
1173 636 1367 664 fullonicorum
1382 636 1493 664 dabatur
1508 647 1514 663 ·.
1536 644 1644 673 eratque
1658 637 1780 675 ve&igali
1801 641 1893 668 statuta
1909 650 1981 668 mer-

401 689 444 708 ces
460 700 466 709 ,
493 679 592 715 quaein
605 678 743 715 publicum
760 678 939 713 penderetur:
966 676 1065 712 aliquid
1081 677 1107 703 ἃ
1129 677 1156 703 in
1178 675 1277 702 domos
1298 675 1453 712 Principum
1475 675 1607 705 dabatur,
1636 676 1841 704 concedentibus
1861 678 1979 715 reliquis.

400 720 447 756 Jus
462 717 554 744 dandae
569 717 749 745 vendendaeve
765 725 837 752 aquae
853 715 988 749 Censorum
1004 714 1054 741 luit
1067 721 1081 745 ,·
1103 715 1207 750 quoties
1223 714 1250 741 in
1266 713 1412 750 Republica
1425 722 1499 742 erant
1513 724 1518 740 ·.
1549 722 1632 750 quum
1654 722 1709 740 non
1730 721 1804 741 erant
1818 736 1825 747 ‚
1853 715 1981 744 AEdilium

401 754 546 782 Curulium.
589 754 686 783 Tutela
699 754 861 791 singularum
878 762 1008 789 aquarum
1030 752 1166 780 Iocabatur
1182 773 1188 783 ,
1216 761 1365 788 eorumque
1386 761 1501 789 operum
1522 751 1725 788 probandorum
1747 762 1808 779 cura
1830 752 1880 781 fuit
1900 763 1982 790 penes

399 793 515 828 Confides
525 794 667 831 aliquando
682 814 688 825 ,
716 795 741 821 ἃ
762 790 874 821 AEdile‚-,
897 791 1033 819 interdum
1051 792 1133 819 etiam
1149 800 1229 827 penes
1245 793 1370 817 Cenares.
1412 789 1501 817 Postea
1515 798 1572 819 tota
1592 800 1633 817 res
1656 791 1689 817 ad
1711 794 1846 817 Curatores
1865 792 1978 821 transsit:

401 831 555 869 primusque
569 836 677 859 Curator
693 831 724 859 ab
741 830 860 867 Augusto
873 831 1028 857 nominatus
1042 828 1149 866 Meffizla
1166 827 1299 856 Corvinus.
1340 831 1388 866 Jus
1403 830 1552 864 impetratae
1571 838 1643 866 aquee
1657 838 1743 866 neque
1756 828 1890 857 haeredem
1906 850 1914 862 ,
1936 840 1983 858 ne·

401 880 454 907 que
473 877 629 906 emptorem
646 891 652 902 ‚
681 878 766 906 neque
780 868 865 895 ullum
879 878 982 896 novum
998 868 1143 896 dominum
1160 868 1229 904 apud
1245 875 1348 895 veteres
1370 867 1533 904 sequebatur.
1574 866 1676 894 Balneis
1690 888 1697 898 ,
1719 876 1776 903 qux
1792 867 1898 903 publice
1912 867 1984 897 lava-

399 914 476 939 rent,
495 909 668 946 privilegium
684 908 828 944 antiquitus
843 906 1040 935 concedebatur
1054 927 1062 938 ‚
1089 913 1119 933 ut
1134 905 1215 933 semel
1229 906 1290 933 data
1303 914 1369 942 aqua
1383 913 1513 942 perpetuo
1534 913 1662 932 maneret.
1703 905 1793 934 Postea
1806 908 1896 934 omnis
1909 916 1982 944 aquae

402 956 465 974 cum
481 946 623 982 poffess‘ore
638 947 811 974 instauratum
828 946 864 973 est
879 945 1050 973 beneficium.
1091 943 1205 971 Familia
1227 944 1283 970 duae
1305 951 1379 971 erant
1395 965 1402 976 ‚
1429 953 1485 980 quae
1506 943 1579 979 aquis
1601 952 1712 979 operam
1734 944 1883 979 praeberent
1897 954 1983 976 :uuna

393 983 511 1019 publica,
531 983 632 1020 Caefizris
644 985 733 1013 altera.
774 982 878 1011 Publica
893 985 1027 1020 antiquior
1042 983 1092 1010 fuit
1106 1004 1113 1014 ,
1140 991 1221 1019 quam
1243 980 1375 1019 Augustus
1387 1002 1395 1011 ,
1415 981 1446 1008 ab
1469 983 1588 1018 Agrippa
1609 981 1655 1008 fibi
1679 981 1800 1009 relietam
1821 982 1982 1018 publicavit,

399 1022 526 1050 homines
542 1024 648 1052 circiter
663 1033 743 1051 ccxi..
765 1021 872 1050 Caesaris
888 1022 995 1050 familiae
1009 1030 1137 1049 numerus
1151 1030 1234 1048 anx.
1255 1029 1336 1057 quam
1351 1019 1473 1047 Claudius
1487 1040 1494 1050 ‚
1521 1029 1605 1056 quum
1627 1029 1706 1056 aquas
1726 1020 1754 1047 in
1768 1019 1876 1047 Urbem
1886 1020 1982 1057 perdu-

401 1068 491 1092 ceret,
512 1061 655 1088 constituit.
682 1063 802 1097 Utraque
816 1059 917 1088 familia
932 1061 959 1087 in
973 1060 1074 1097 aliquot
1090 1058 1300 1086 ministeriorum
1320 1058 1418 1095 species
1435 1058 1609 1086 diducebatur
1623 1070 1628 1085 :
1660 1057 1752 1085 Villicos
1768 1058 1893 1087 videlicet
1907 1080 1914 1091 ‚
1935 1062 1985 1086 Ca-

393 1097 537 1137 stellam'os,
557 1103 691 1126 Curatores
711 1097 836 1125 Silicnrios
850 1120 857 1131 ‚
885 1097 1000 1126 Tedi‘ores
1015 1119 1025 1130 ‚
1053 1096 1169 1134 aliosque
1185 1097 1304 1133 opifices.
1345 1097 1501 1125 Commoda
1522 1095 1632 1132 publicae
1654 1095 1761 1123 familiae
1782 1106 1815 1124 ex
1835 1097 1926 1124 aerario
1940 1097 1985 1125 da-

401 1137 497 1165 bantur
512 1158 519 1169 ,
549 1137 621 1174 quod
643 1137 814 1173 impendium
840 1136 1035 1164 exonerabatur
1055 1135 1228 1172 vefflgalium
1249 1135 1335 1163 reditu
1351 1155 1358 1167 ‚
1387 1135 1419 1162 ad
1433 1135 1476 1171 jus
1490 1143 1619 1171 aquarum
1632 1135 1836 1170 pertinentium.
1877 1135 1984 1162 Caesaris

401 1175 504 1203 familia
518 1185 548 1202 ex
565 1174 628 1202 fisco
642 1175 789 1211 accipiebat
804 1175 966 1203 commoda:
986 1174 1058 1201 unde
1074 1176 1100 1202 ἃ
1116 1172 1261 1209 plumbum
1275 1194 1282 1205 ,
1304 1175 1331 1201 ἃ
1345 1183 1441 1201 omnes
1454 1171 1580 1209 impensae
1593 1172 1625 1199 ad
1640 1172 1751 1203 duetus,
1774 1175 1801 1200 ὃς
1816 1172 1933 1206 castella,
1956 1175 1984 1202 ὃς

401 1212 473 1241 la'cus
488 1214 652 1250 pertinentes
668 1212 854 1250 erogabantur.

442 1253 566 1286 Denique
581 1260 678 1285 magna
692 1259 772 1284 poena
785 1257 842 1275 erat
856 1250 998 1274 constituta
1013 1249 1059 1277 iis,
1079 1249 1125 1281 qui
1141 1247 1314 1283 AquaedudYus
1326 1248 1463 1273 violass'cnt
1472 1266 1479 1276 ,
1499 1246 1541 1272 vel
1556 1254 1653 1277 aquam
1667 1245 1720 1270 alio
1735 1246 1815 1278 quam
1830 1246 1901 1281 leges
1911 1266 1917 1277 ‚
1936 1246 1984 1274 sta-

402 1295 458 1318 tuta
472 1288 576 1324 publica
591 1305 598 1317 ‚
620 1287 734 1320 Censores
747 1303 754 1313 ,
780 1284 823 1310 vel
845 1284 892 1319 ipsi
909 1282 1000 1310 AEa'iles
1016 1282 1192 1319 permififfent
1206 1303 1214 1314 ‚
1236 1282 1394 1310 derivassent
1408 1294 1413 1309 ·.
1436 1282 1479 1310 vel
1493 1279 1555 1317 pluS'
1571 1287 1644 1314 aquae
1657 1299 1666 1310 ‚
1686 1277 1767 1315 quam
1783 1279 1841 1315 ipfis
1862 1282 1893 1309 ab
1907 1284 1988 1312 initio

402 1326 558 1355 concessum
584 1324 648 1352 effet
661 1345 668 1356 ‚
690 1321 863 1358 sumpsissent.
903 1325 972 1356 App.
985 1320 1109 1348 Claudius
1131 1321 1236 1356 primus
1250 1321 1375 1348 omnium
1392 1327 1500 1348 arcuato
1521 1325 1603 1353 opere
1623 1325 1722 1353 aquam
1736 1317 1764 1344 in
1778 1318 1874 1346 urbem
1888 1322 1985 1356 perdu-

400 1365 465 1394 xiffe
480 1364 592 1393 dicitur,
609 1364 659 1389 &a
687 1361 740 1387 Sed
754 1361 788 1386 de
801 1358 875 1398 aquis
885 1358 939 1397 ipsis
953 1381 962 1391 ,
981 1357 1164 1398 aquaduffibus
1180 1358 1287 1395 aliisque
1307 1357 1385 1385 rebus
1406 1358 1439 1384 ad
1461 1357 1516 1384 haec
1538 1354 1686 1394 vconstitutis
1702 1364 1707 1380 τ
1729 1362 1759 1382 ut
1773 1356 1807 1383 de
1820 1358 1925 1386 ratione
1938 1360 1985 1387 du-

403 1403 494 1434 cendi,
515 1397 700 1437 instrumentis,
721 1398 856 1431 menficrr's,
869 1396 1079 1435 ponderibusque,
1100 1396 1168 1423 duos
1182 1396 1263 1424 libros
1278 1395 1378 1431 scripfit
1391 1399 1463 1422 Sext.
1478 1393 1572 1431 Julrut
1585 1396 1737 1419 Frontinus:
1758 1394 1825 1422 item
1842 1396 1910 1424 Plin.
1926 1397 1985 1426 libr.

405 1452 448 1479 31.
464 1449 519 1477 cap.
535 1448 579 1466 v1.
594 1440 620 1466 ἃ
635 1436 713 1467 alibi,
734 1436 780 1472 qui
795 1435 847 1472 legi
861 1435 974 1471 possunt.
1017 1434 1148 1472 Qaedam
1163 1435 1246 1462 etiam
1261 1434 1294 1461 de
1309 1432 1403 1461 iifflem
1418 1431 1521 1461 erudite
1538 1430 1703 1468 collegerunt
1719 1432 1840 1470 Gemgius
1855 1434 1984 1463 Fabricius

402 1481 430 1509 in
446 1479 488 1507 sua
503 1479 593 1505 Roma
609 1496 616 1507 ‚
638 1478 665 1504 ἃ
680 1473 768 1501 Aldus
778 1472 912 1500 Mmutius
926 1472 1013 1501 Paulli
1026 1474 1054 1500 F.
1066 1471 1134 1499 Aldi
1146 1474 1184 1500 N.
1197 1472 1257 1500 libr.
1274 1483 1296 1500 1.
1318 1472 1351 1500 de
1371 1471 1482 1509 quaefitis
1503 1480 1551 1509 per
1566 1468 1715 1506 Epistulam
1728 1479 1734 1496 ι
1762 1480 1816 1508 quo
1835 1471 1982 1506 leetorem„

402 1513 478 1553 plura
492 1515 558 1543 scire
572 1514 743 1552 cupientem,
762 1512 883 1540 remitto.

966 1591 1047 1621 DE
1093 1590 1429 1621 BALNEIS.

445 1677 546 1705 Balneac
567 1676 686 1712 [Veteres
698 1684 834 1715 utrumque
845 1674 980 1705 dixerunt,
1001 1673 1129 1701 Balneum
1143 1673 1187 1700 vel
1198 1672 1296 1700 Balnea
1308 1693 1316 1705 ,
1335 1671 1363 1700 in
1370 1682 1461 1711 genere
1471 1670 1604 1708 soeminino
1620 1683 1630 1699 t
1649 1671 1690 1705 ζῇ·
1705 1671 1841 1701 Balineum
1854 1671 1861 1706 ζ
1881 1673 1925 1701 vel
1933 1676 1986 1702 Ba-

403 1714 470 1744 linea
484 1737 493 1748 ,
507 1713 575 1750 sicut
583 1714 665 1750 δβιῑινίι
677 1714 704 1742 in
718 1713 790 1742 Urbis
805 1711 943 1751 regionibus
953 1710 1078 1747 firiptum
1093 1710 1135 1749 est.
1176 1712 1237 1739 V1a'e
1251 1711 1459 1749 orthographiam
1479 1710 1546 1738 Aldi
1563 1710 1680 1739 Munatii
1691 1733 1699 1742 ,
1720 1720 1755 1745 (γ
1771 1711 1912 1749 Charist'um
1922 1710 1985 1750 Sostt·

398 1762 508 1790 patrum
520 1753 547 1781 in
559 1751 618 1790 lost.
636 1757 725 1781 Gram.
743 1752 760 1780 l.
776 1760 800 1779 1.
813 1751 868 1779 Lib.
885 1759 895 1778 1
905 1761 928 1783 3.
942 1759 994 1784 cap.
1009 1760 1033 1782 3»
1046 1749 1103 1777 Lib.
1114 1760 1141 1783 9.
1156 1758 1208 1785 cap.
1225 1758 1246 1777 1.
1260 1749 1316 1777 Lib.
1333 1759 1358 1781 3.
1373 1754 1480 1777 Saturn.
1493 1759 1545 1785 cap.
1559 1759 1568 1776 ι
1574 1760 1600 1786 5.
1612 1748 1668 1776 Lib.
1684 1754 1726 1780 36.
1744 1758 1796 1785 cap.
1814 1751 1878 1787 15.]
1899 1751 1927 1779 in
1934 1753 1984 1779 Ur.

404 1792 440 1820 be
454 1792 578 1829 plurimae
593 1791 700 1821 filerunt
715 1813 723 1824 ‚
743 1801 807 1819 cum
820 1791 929 1827 privatae
942 1790 971 1817 in
982 1788 1048 1817 locis
1063 1788 1170 1816 diverfis
1184 1809 1192 1820 ‚
1213 1795 1274 1817 tum
1289 1787 1399 1824 publicae
1419 1789 1446 1816 in
1460 1788 1567 1826 lingulis
1588 1786 1750 1825 regionibus
1791 1789 1818 1815 Si
1833 1789 1927 1826 quibus
1941 1799 1984 1817 au-

407 1837 466 1858 tem
480 1831 546 1858 locis
560 1830 692 1862 deessent,
714 1837 758 1857 aut
773 1836 905 1865 corruptae
919 1828 1001 1856 essent
1016 1848 1023 1859 ,
1044 1837 1085 1855 eas
1099 1827 1244 1864 antiquitus
1258 1825 1349 1854 AEdiles
1360 1847 1370 1859 ,
1387 1826 1437 1854 suis
1451 1825 1617 1863 temporibus
1631 1824 1673 1852 vel
1687 1825 1846 1854 addiderunt
1860 1848 1867 1858 ‚
1889 1827 1930 1854 vel
1945 1837 1984 1855 re-

406 1869 546 1897 stituerunt
560 1872 669 1895 Severus
681 1870 708 1896 &
723 1868 864 1895 Gordmnus
879 1870 955 1901 Impp.
976 1867 1003 1894 in
1018 1866 1113 1902 primis
1127 1864 1265 1901 populares
1281 1866 1306 1892 ὃς
1323 1864 1488 1893 lavationum
1501 1864 1614 1891 studiofi.
1654 1864 1727 1890 Cum
1748 1864 1821 1890 enim
1842 1866 1912 1899 apud
1928 1868 1984 1891 Ro-

410 1915 503 1933 manos
516 1907 563 1934 lini
578 1905 637 1933 usus
653 1906 716 1934 effet
733 1906 831 1937 rarior,
853 1905 992 1937 sudorem,
1013 1903 1152 1939 ibi-desque
1168 1902 1289 1938 corporis
1303 1901 1392 1939 saepius
1405 1902 1511 1930 abluere
1525 1901 1627 1931 necesse
1639 1899 1779 1928 habebant.
1806 1901 1909 1930 Ufitato
1925 1912 1985 1929 mo-

409 1952 437 1970 re
451 1952 512 1972 ante
526 1954 632 1972 coenam
649 1944 747 1972 balneis
763 1943 905 1971 utebantur
922 1954 926 1969 :
948 1944 1016 1971 item
1030 1942 1088 1978 post
1103 1940 1297 1968 ambulationes
1312 1961 1320 1972 ,
1348 1942 1550 1969 exercitationes
1565 1963 1571 1973 ‚
1597 1949 1691 1976 operas
1705 1960 1712 1971 ‚
1739 1938 1806 1975 saepe
1825 1940 1985 1969 neceffitatis

408 1981 500 2013 causa,
528 1992 582 2010 non
605 1992 665 2011 raro
684 1982 837 2018 voluptatis.
877 1981 1016 2018 Siquidem
1030 1980 1195 2008 Commodum
1218 1980 1244 2006 in
1264 1979 1307 2006 die
1321 1980 1403 2007 odiies
1416 2000 1424 2012 ,
1453 1979 1609 2007 Gordianum
1629 1979 1766 2014 juniorem
1781 1979 1808 2005 &
1825 1978 1986 2006 Rhemmium

409 2019 612 2047 Grammaticum
625 2019 719 2056 septies
734 2019 823 2047 lavisse
837 2019 960 2057 legimus.
1000 2018 1107 2047 Balneas
1122 2019 1220 2046 mixtas
1232 2016 1324 2045 haberi
1338 2022 1443 2045 Severus
1451 2017 1605 2054 prohibuit,
1626 2016 1699 2053 quod
1713 2016 1864 2043 Commodus
1877 2026 1932 2044 non
1939 2026 1985 2046 ve-

411 2064 512 2090 tuerat,
535 2057 626 2086 Varim
640 2058 804 2095 permiserat.
845 2057 905 2085 Sola
921 2060 947 2086 ἃ
961 2059 1073 2094 parietes
1087 2057 1230 2094 unguentis
1246 2055 1416 2085 illinebantur
1430 2076 1438 2088 ‚
1467 2055 1546 2093 idque
1559 2065 1615 2084 non
1628 2053 1716 2082 solum
1731 2055 1895 2090 potentiores
1910 2055 1984 2084 saffi-

409 2101 515 2126 tarunt‚
535 2096 578 2123 sed
595 2097 622 2123 in
638 2098 743 2132 privato
760 2106 868 2135 quoque
881 2096 995 2126 homine
1007 2118 1015 2129 ‚
1037 2106 1068 2125 ac
1081 2096 1195 2124 demum
1210 2095 1238 2123 in
1253 2093 1329 2123 servo
1346 2117 1353 2128 ,
1377 2094 1477 2123 Plinius
1491 2096 1595 2125 notavit
1608 2105 1614 2122 ·.
1635 2095 1662 2122 ὃῑ
1676 2097 1766 2119 Seneca
1781 2101 1879 2130 aquam
1891 2104 1982 2132 argen-

410 2134 459 2172 teis
475 2133 621 2169 epistomiis
634 2135 709 2163 fundi
725 2136 752 2163 in
765 2135 874 2171 plebeiis
899 2135 988 2164 fistulis
1002 2157 1010 2168 ‚
1037 2138 1064 2164 ὃς
1085 2136 1113 2163 in
1127 2134 1315 2163 libertinorum
1330 2134 1429 2162 balneis
1450 2144 1572 2172 gemmas
1595 2132 1691 2162 calcari
1711 2131 1871 2168 indignatur.
1913 2133 1984 2161 Vale-

409 2180 464 2198 rtus
479 2173 505 2199 δε
520 2170 661 2211 Macrobius
675 2172 789 2210 Sergium
808 2178 917 2202 Oratam
930 2196 938 2207 ,
958 2173 1101 2202 hominem
1116 2172 1317 2210 voluptuarium
1331 2194 1340 2206 ,
1360 2174 1442 2201 etiam
1458 2172 1568 2209 pensiles
1588 2169 1724 2200 instituisse
1744 2169 1847 2199 balneas
1862 2193 1870 2203 ‚
1890 2172 1983 2200 testan-

409 2214 470 2237 tur:
493 2206 636 2242 Fabmaus,
656 2220 688 2238 ex
704 2220 758 2247 quo
771 2210 825 2239 haec
840 2212 986 2250 desumpsi,
1007 2213 1128 2245 testatur,
1149 2211 1175 2239 se
1189 2220 1274 2249 prope
1289 2211 1395 2240 balneas
1408 2211 1490 2239 Paulli
1505 2212 1533 2240 in
1545 2209 1669 2248 projecfito
1676 2208 1778 2244 lapide,
1800 2208 1919 2237 formam
1927 2209 1982 2236 stri-

411 2245 471 2283 gilis
488 2249 515 2275 ὃς
529 2247 651 2283 ampulla:
664 2248 755 2276 vidiffe
771 2249 942 2286 exsculptam.
981 2250 1084 2289 Strigile
1103 2257 1196 2280 autem
1217 2250 1276 2278 usos
1297 2250 1372 2278 fuiffe
1393 2250 1514 2287 antiquos
1534 2250 1567 2278 ad
1589 2248 1742 2276 fricandum
1763 2248 1983 2285 purgandumque

410 2293 518 2320 corpus:
539 2285 651 2320 ampulla
665 2286 724 2314 vast
739 2287 773 2314 ad
784 2286 924 2316 abluendas
940 2289 1071 2318 infufione
1091 2289 1188 2317 sordes.
1230 2290 1387 2317 Numerum
1401 2287 1555 2316 balnearum
1570 2309 1578 2321 ‚
1604 2296 1661 2324 quae
1676 2287 1774 2313 Romae
1789 2284 1894 2314 fuerunt
1910 2306 1917 2316 ‚
1938 2286 1982 2313 ha-

409 2322 461 2365 17⁶⁵.
472 2321 555 2366 supi-2³.
596 2327 628 2351 P.
643 2322 724 2365 Vilior
736 2324 807 2365 ⁴ultra
821 2326 986 2368 οξὶίῃὲεῃως
1002 2329 1181 2364 computavit.
1220 2327 1334 2366 Agrippa
1347 2337 1424 2359 CLXX.
1436 2327 1552 2368 granata
1564 2325 1655 2358 balnea
1669 2323 1782 2365 praebfflt
1795 2345 1811 2359 ν.
1825 2333 1881 2362 ‘1¹1ae
1893 2325 1982 2362 P0ste³

410 2369 439 2389 m
454 2361 606 2399 infinitum,
627 2368 656 2391 ut
669 2362 770 2393 elmtus
782 2363 912 2397 tradidit²
927 2368 987 2394 lunt
1003 2366 1089 2403 auCtar.
1155 2367 1158 2369 '

1920 2417 1985 2444 βε
