2075 2734
394 95 450 130 ⁶3⁶
656 83 1708 121 Au-TrQurrATumRoMANARuML1B.V111.

1006 160 1030 187 C
1055 169 1074 191 Δ
1102 169 1115 186 Ρ
1143 167 1162 185 υ
1190 169 1207 186 τ
1247 159 1358 187 XXII.

1074 220 1126 252 De
1142 217 1285 266 judiciis.

399 300 515 363 Non
529 300 564 328 est
578 299 688 328 dubium
698 318 705 330 ,
725 297 744 325 fi
758 306 868 331 omnes,
888 307 946 336 quae
959 297 972 326 ὲ
983 297 1072 335 priscis
1088 299 1220 328 Romanis
1234 299 1291 328 latae
1304 297 1363 328 sunt
1374 298 1459 337 leges,
1468 298 1548 327 hodie
1560 298 1734 336 superessent,
1744 309 1873 338 magnum
1881 306 1971 333 eamm'

497 347 640 366 numerum
653 338 685 364 de
691 335 800 371 judiciis
815 336 935 366 fiiturum
950 337 1007 364 elle.
1047 340 1149 365 Verum
1163 338 1356 366 interciderunt
1371 337 1426 365 fere
1441 347 1544 365 ornnes.
1586 339 1653 375 Qae
1666 337 1747 376 igitur
1760 340 1845 369 adhuc
1867 349 1976 375 extant,

399 377 452 407 hoc
464 378 548 413 capite
562 374 741 404 recitabimus.
761 376 827 403 Sunt
838 382 928 404 autem
943 382 1010 407 tres,
1030 377 1161 410 Pompeja,
1182 374 1279 412 Julia,
1300 377 1327 404 ὃς
1341 374 1421 408 sunia
1435 374 1565 404 Petronia.

1065 447 1209 494 Pompcja
1235 446 1295 479 lex.

438 512 555 545 Pompeja
569 508 670 538 &Gneo
682 512 795 546 Pompejo
806 514 901 548 Magno
915 508 1031 537 Consule
1044 508 1100 537 solo
1114 510 1167 537 fine
1179 509 1280 546 collega
1289 530 1295 540 ‚
1316 517 1387 536 anno
1400 509 1480 537 Urbis
1497 517 1587 539 incer.
1599 510 1649 539 lata
1665 512 1710 540 est.
1743 513 1789 540 Ne
1801 522 1877 542 reum
1893 514 1919 542 in
1933 513 1974 551 ju-

401 549 472 578 dicio
484 549 590 578 laudare
603 548 703 577 liceret.
723 549 852 577 Plutarch.
865 549 892 576 in
900 548 1048 585 Pompejo,
1069 550 1096 577 ὅς
1111 549 1215 575 Catone
1231 547 1358 575 Uticenfi.
1379 547 1491 575 Valerius
1502 548 1580 577 lib.6.
1593 558 1683 585 cap-2.

1088 617 1186 664 Julia
1211 618 1273 652 lex.

441 685 533 720 Legem
544 680 642 715 saliam
654 683 821 719 judiciariam
836 680 849 708 a
863 685 893 709 C.
903 680 966 714 sulio
981 683 1075 717 Caeszre
1088 681 1168 710 latam
1178 703 1184 714 ,
1207 681 1291 710 multa
1305 681 1338 709 de
1352 681 1439 709 forma
1450 681 1614 716 judiciorum
1623 681 1791 718 publicorum
1799 685 1979 719 privatorum-

402 728 454 757 que
468 720 637 751 continuiffe‚
660 731 717 758 quae
730 720 744 748 ὲ
758 719 907 748 Tribom'ano
920 720 1017 748 abolita
1030 720 1080 748 fint
1091 741 1098 752 ‚
1121 721 1238 747 diximus
1253 721 1338 756 capite
1353 721 1522 756 praecedenti.
1561 721 1620 747 Fuit
1634 728 1722 747 autem
1739 723 1766 749 ὃς
1780 721 1829 748 alia
1842 720 1922 758 Julia
1935 724 1977 751 lex

403 758 435 786 ab
446 757 673 796 OdlrxviotAugusto
688 758 788 786 Caelare
803 758 867 790 lata,
890 767 947 795 quae
960 758 1077 786 formam
1092 758 1255 794 judiciorum
1273 757 1426 794 praescripfit
1439 777 1445 786 .
1467 759 1541 793 cujus
1555 757 1609 786 haec
1622 759 1706 794 capita
1722 757 1850 787 feruntur.
1882 762 1923 788 Ut·
1933 762 1980 798 qui

403 805 506 823 nomen
518 796 627 831 alicujus
639 796 789 828 deferrent,
810 796 899 824 locum
909 816 915 828 ‚
935 806 1051 829 annum,
1073 798 1098 824 δε
1113 795 1250 827 mensem,
1271 805 1324 832 quo
1339 797 1442 823 crimen
1456 796 1598 823 admifl'um
1610 796 1662 823 erit
1672 816 1679 827 ,
1699 796 1851 834 defignent,
1869 797 1887 824 l.
1905 809 1929 835 3.
1946 799 1980 826 de

404 833 488 861 accus}
509 835 553 861 Ne
565 834 662 861 eodem
679 841 803 871 tempore
817 834 850 861 de
864 834 966 862 duobus
978 835 1028 861 reis
1041 835 1099 871 quis
1115 841 1283 870 quereretur,
1305 833 1350 861 nifi
1366 833 1470 861 suarum
1485 834 1641 871 injuriarum
1658 834 1734 862 causa
1749 854 1756 864 ‚
1785 835 1802 862 1.
1820 845 1859 862 12.
1872 837 1980 865 eodem.

407 873 453 898 Ne
467 872 553 899 invito
566 872 738 899 denuntietur
751 892 758 903 ‚
778 879 807 899 ut
820 870 988 908 testimonium
1006 872 1075 899 dicat
1088 872 1208 900 adversus
1223 871 1345 899 socerum
1354 892 1360 903 ‚
1380 880 1509 908 generum
1521 892 1527 902 ,
1550 872 1672 899 virricum
1683 892 1689 902 ‚
1710 872 1863 910 privignum
1872 894 1878 906 ‚
1899 874 1983 902 flabri-

407 918 473 937 num
485 929 493 940 ,
514 909 663 941 spbrinam,
683 909 788 936 sobrino
802 917 894 937 natum
905 929 913 940 ‚
933 909 1026 942 eosve,
1046 911 1090 946 qui
1104 911 1194 944 priore
1208 910 1291 946 gradu
1304 909 1361 936 sint.
1382 910 1465 936 Item:
1491 910 1534 936 Ne
1542 908 1637 936 liberto
1651 909 1742 944 ipfius‚
1758 910 1903 939 liberorum
1914 912 1982 948 ejus,

405 953 564 983 parentum,
586 947 643 977 viri,
661 948 762 974 uxoris:
784 948 850 974 item
865 948 985 981 patroni,
1007 955 1138 982 patmum,
1159 949 1186 975 &
1198 955 1270 974 utne
1286 948 1391 982 patroni
1406 968 1412 978 ‚
1433 954 1551 983 patronae
1564 946 1684 973 adversus
1698 947 1805 976 libertos
1821 968 1827 979 ‚
1847 958 1934 984 neque
1950 949 1981 977 li-

405 985 476 1012 berti
489 983 611 1012 adversus
625 992 768 1020 patronum
785 991 914 1021 cogantur
927 983 1096 1020 testimonium
1108 983 1201 1017 dicere,
1221 985 1270 1020 l.4.
1286 985 1314 1012 ff.
1326 985 1360 1011 de
1370 985 1454 1012 testib.
1474 986 1512 1012 Ut
1524 986 1593 1013 inter
1605 985 1722 1019 privatos
1734 1006 1740 1016 ,
1761 987 1805 1022 qui
1818 987 1845 1013 in
1861 987 1981 1022 judicem

408 1021 588 1053 consensisset,
608 1022 782 1058 jurisdicundi
797 1024 821 1049 ei
835 1022 917 1057 judici
931 1022 1044 1058 potestas
1057 1022 1132 1054 esset,
1154 1023 1170 1049 l.
1181 1023 1237 1060 3.§.
1252 1033 1272 1049 1.
1287 1022 1314 1050 ff.
1330 1023 1363 1050 de
1375 1023 1488 1058 judiciis.
1517 1023 1560 1049 Ne
1574 1022 1709 1058 quijadex
1724 1023 1767 1054 fit,
1787 1023 1926 1052 arbitrium
1941 1035 1983 1053 re-

409 1062 497 1096 cipere
511 1060 567 1095 ejus
581 1062 620 1088 rei
633 1081 641 1091 ,
661 1061 694 1088 de
707 1069 759 1096 qua
770 1060 854 1094 judex
868 1061 904 1087 est
921 1080 926 1090 ,
947 1069 1015 1087 neve
1030 1059 1055 1087 se
1070 1061 1193 1096 promitti
1204 1060 1295 1095 jubeat
1308 1080 1317 1091 ,
1339 1060 1355 1086 1.
1371 1072 1396 1095 9.
1415 1059 1443 1086 ff.
1455 1060 1488 1087 de
1503 1060 1618 1088 arbitris:
1642 1061 1685 1086 Ne
1700 1062 1789 1088 minor
1799 1063 1872 1090 annis
1887 1064 1983 1100 viginti

408 1098 527 1134 judicare
541 1106 664 1136 cogatur,
684 1098 701 1125 1.
716 1108 778 1126 curn
794 1097 853 1135 lege
866 1107 913 1132 4¹·
930 1097 957 1125 ff.
973 1098 1006 1125 de
1022 1098 1134 1125 arbitris.
1163 1100 1201 1125 Ut
1213 1097 1389 1125 Saturnalibus
1402 1098 1492 1125 triduo
1508 1098 1577 1125 feriae
1591 1096 1762 1126 servarentur.
1800 1100 1940 1128 Macrobius
1954 1101 1983 1128 li-

408 1136 458 1163 bro
476 1144 498 1163 1.
511 1145 566 1172 cap.
579 1147 619 1165 10.
640 1136 740 1163 Eadem
755 1137 836 1163 etiam
851 1134 935 1163 latum
949 1136 1073 1171 opinatur
1086 1139 1287 1167 Hortomannus,
1308 1143 1337 1163 ut
1350 1143 1435 1163 certus
1443 1142 1617 1171 patronorum
1633 1145 1759 1163 numerus
1773 1137 1844 1165 esset.
1884 1140 1984 1167 Memi*

408 1176 449 1202 nit
465 1175 583 1208 Asconius
596 1175 624 1201 in
639 1181 799 1210 argumento
817 1174 944 1201 orationis
956 1182 1007 1210 pro
1019 1176 1125 1202 Scauro.
1146 1174 1179 1201 Et
1194 1173 1211 1200 fi
1228 1175 1285 1210 quis
1299 1183 1357 1201 reus
1371 1172 1411 1201 vel
1426 1173 1559 1201 accusator
1572 1174 1685 1201 domum
1702 1174 1796 1209 judicis
1810 1176 1982 1212 ingrediatur,

408 1221 457 1248 per
471 1211 559 1249 legem
574 1212 672 1250 juliam
689 1212 854 1246 judiciariam
869 1212 896 1251 in
911 1212 999 1247 legem
1014 1211 1129 1240 ambitus
1144 1212 1296 1241 committit
1311 1211 1328 1239 l.
1340 1223 1361 1240 1.
1374 1211 1401 1240 ff.
1417 1212 1450 1241 de
1463 1211 1557 1243 ambit.
1576 1212 1660 1239 Item:
1682 1212 1726 1239 Nc
1737 1213 1839 1248 judices
1853 1216 1900 1241 luo
1912 1224 1983 1243 anno

409 1251 438 1277 in
451 1249 545 1278 alienas
559 1250 625 1277 aedes
639 1249 830 1286 ingrediantur.
849 1253 898 1279 Dio
912 1249 981 1277 libro
993 1259 1039 1287 54.

1026 1310 1130 1359 Junia
1158 1313 1301 1346 Petronia
1325 1313 1387 1346 lex.

449 1372 555 1405 sunium
570 1371 717 1400 Petroniam
732 1373 817 1402 tulere
831 1376 863 1402 C.
872 1374 963 1407 Iunius
978 1372 1110 1408 Cefim'us,
1133 1373 1264 1401 Petronius
1277 1373 1452 1409 Turpilianus,
1474 1373 1545 1401 Coffi
1561 1381 1631 1401 anno
1648 1381 1759 1402 mcccxi
1769 1385 1777 1402 1
1787 1384 1807 1402 ῐ.
1828 1377 1865 1403 Ut
1877 1375 1894 1403 fi
1908 1377 1986 1404 ‹lisso-

410 1419 502 1439 nantes
519 1421 593 1448 pares
605 1411 726 1447 judicum
741 1411 883 1440 existerent
896 1412 1047 1443 sententiae‚
1066 1421 1116 1448 pro
1129 1412 1249 1440 libertate
1263 1413 1486 1448 pronuntiaretur.
1508 1415 1625 1447 Hermog.
1638 1411 1654 1437 l.
1666 1422 1708 1446 24.
1724 1412 1749 1439 ff.
1764 1414 1914 1442 manumiss.
1935 1416 1986 1443 His

411 1448 512 1489 legibus
524 1449 692 1485 subjiciemus
706 1458 761 1481 eas,
782 1458 839 1486 quae
851 1451 884 1478 de
893 1450 993 1477 malens
1002 1470 1010 1481 ,
1030 1451 1096 1478 item
1113 1459 1172 1477 eam
1181 1471 1187 1480 ,
1208 1459 1265 1487 quae
1279 1451 1312 1477 de
1326 1450 1395 1477 dom
1409 1453 1436 1478 &
1448 1448 1590 1477 muneribus
1602 1449 1658 1477 latae
1672 1448 1739 1478 sunt.

1080 1510 1241 1541 Memmia
1265 1508 1325 1542 lex.

454 1569 496 1597 De
515 1570 620 1604 judiciis
636 1570 717 1597 etiarn
732 1569 782 1598 fuit
802 1571 844 1597 lex
858 1570 984 1598 Memmia
997 1591 1004 1602 ,
1024 1570 1057 1597 de
1071 1571 1120 1597 reis
1142 1570 1300 1606 postulandis
1313 1593 1319 1603 ,
1341 1580 1392 1607 qua
1406 1571 1488 1598 latum
1509 1567 1557 1596 fuit
1573 1589 1579 1599 ‚
1599 1576 1734 1596 uteorum
1749 1589 1757 1599 ,
1778 1570 1824 1605 qui
1838 1569 1986 1606 reipublicae

414 1606 488 1636 eausa
500 1607 629 1640 abessent,
649 1608 761 1635 nomina
773 1617 807 1635 ne
822 1610 891 1636 iuter
908 1618 966 1636 reos
980 1609 1169 1644 reciperentur.
1189 1607 1268 1634 cicer.
1284 1609 1310 1635 in
1320 1610 1468 1637 varinium.
1489 1606 1653 1633 Vulci-,Mara
1668 1606 1713 1633 lib.
1723 1617 1745 1643 3.
1755 1615 1839 1643 cap-7.

987 1665 1054 1696 Lex
1079 1662 1116 1695 de
1141 1661 1421 1697 calumniatoribus.

454 1725 523 1753 Item
538 1724 579 1753 illa
593 1725 626 1752 de
637 1724 874 1753 calumniatoribus:
894 1727 932 1753 Ut
946 1724 1181 1752 calumniatoribus
1188 1734 1268 1760 poena
1282 1725 1426 1752 constituto
1439 1723 1541 1760 judicio
1556 1723 1750 1763 imponeretur:
1771 1723 1844 1758 cujus
1858 1723 1985 1763 meminit

416 1762 499 1789 Cicero
519 1772 569 1799 pro
584 1765 655 1791 Sext.
670 1764 782 1794 Roscio,
805 1763 959 1797 Papinianus
972 1763 1017 1790 lib.
1036 1774 1074 1801 13.
1088 1764 1122 1790 de
1136 1763 1257 1792 testibus,
1276 1762 1320 1790 lib.
1339 1773 1359 1790 1.
1371 1771 1428 1797 cap.
1448 1772 1467 1789 r.
1488 1762 1519 1788 ad
1534 1759 1784 1801 senatul'conlultum
1801 1761 1984 1794 Turpilianum.

416 1803 475 1828 Hac
487 1809 575 1829 autem
588 1801 646 1838 lege
660 1801 844 1829 calumniatori
857 1803 884 1829 in
898 1801 988 1829 fronte
1002 1801 1207 1837 imprimebatur
1224 1800 1310 1831 litera,
1332 1809 1382 1836 qua
1395 1799 1557 1828 indicabatur
1570 1797 1763 1839 salumnlatum
1777 1807 1838 1824 eum
1855 1798 1914 1825 effe.
1943 1800 1986 1825 Sic

416 1840 488 1866 enim
503 1838 587 1865 Cicero
602 1848 653 1875 pro
667 1842 725 1867 Sex.
735 1839 846 1867 Roscio:
869 1840 987 1868 Literam
1004 1839 1077 1866 illam
1091 1839 1132 1866 cui
1146 1848 1192 1866 vos
1212 1848 1244 1865 eo
1259 1838 1338 1875 uiilue
1350 1838 1453 1865 inimici
1470 1837 1528 1864 estis
1541 1857 1548 1868 ‚
1569 1843 1597 1863 ut
1612 1842 1691 1861 ctiam
1704 1835 1846 1876 calumnias
1854 1837 1984 1877 oderitis,

415 1877 453 1903 ita
471 1876 643 1904 vehementer
657 1878 687 1904 ad
701 1884 778 1913 caput
792 1877 902 1913 affigent
915 1898 922 1908 ,
943 1885 971 1905 ut
984 1878 1073 1913 postea
1088 1877 1224 1904 neminem
1239 1876 1319 1903 alium
1336 1896 1343 1907 ‚
1364 1876 1410 1903 nili
1424 1875 1542 1902 fortunas
1559 1873 1652 1914 velli-as
1668 1875 1787 1899 accurare
1800 1874 1912 1908 ponitis,
1933 1876 1986 1902 &a

416 1914 549 1941 Caeterum
564 1914 630 1942 hanc
642 1914 744 1952 legem.
765 1915 829 1942 ficut
844 1915 1042 1952 &superiorem
1052 1936 1060 1947 ,
1080 1915 1188 1952 quidam
1203 1913 1367 1945 Memmium,
1388 1914 1495 1951 quidam
1505 1916 1646 1938 Remmiam
1658 1910 1798 1946 appellant.
1820 1909 1986 1952 Paulus-Ma-

416 1950 502 1979 nutius
517 1961 605 1980 autem
621 1954 823 1981 commentariis
835 1953 862 1980 in
876 1953 1026 1980 orationem
1041 1963 1090 1989 pro
1105 1952 1284 1983 Sex.Roscio‚
1304 1952 1466 1987 superiorem
1481 1950 1553 1978 illam
1566 1950 1599 1976 de
1609 1958 1656 1975 reo
1670 1949 1806 1990 evocando
1817 1946 1985 1991 Mfmmmba:

418 1987 484 2016 hanc·
500 2000 565 2027 ergo
579 1991 611 2018 de
625 1991 857 2019 calumniatoribus
870 1991 1015 2018 Remmiam
1031 1991 1130 2019 dictam
1145 1991 1190 2018 fibi
1205 1991 1288 2018 videri
1300 1989 1397 2018 scribit.
1436 1990 1571 2016 Pertinent
1583 1987 1614 2015 ad
1628 1986 1698 2014 hunc
1718 1987 1752 2014 dc
1769 1986 1873 2022 judicus
1892 1986 1985 2015 locum

418 2028 499 2054 etiam
513 2028 600 2066 leges,
621 2038 678 2066 quae
690 2030 723 2057 de
739 2029 851 2061 malms,
872 2030 939 2058 item
957 2038 1014 2066 quae
1027 2031 1060 2058 de
1073 2028 1145 2057 dom's
1161 2031 1186 2058 ὃς
1201 2027 1346 2056 muneribus
1359 2029 1418 2057 latae
1430 2027 1546 2055 fuerunt.

1022 2091 1142 2123 Ateria
1166 2091 1298 2136 Tarpeja
1322 2090 1382 2122 lex.

458 2150 499 2176 De
513 2149 611 2176 multsle's
627 2152 707 2186 primi
725 2152 813 2188 legem
826 2151 911 2179 tulere
929 2156 969 2186 Sp.
984 2152 1102 2185 Tarpejus
1115 2157 1255 2179 Montanus
1273 2150 1428 2186 Capitolinus
1441 2171 1448 2182 ,
1469 2150 1528 2176 Aul.
1549 2148 1650 2177 Aterius
1665 2148 1805 2176 Fontinalis
1823 2148 1894 2176 Coff.
1913 2159 1994 2178 anno*

417 2196 523 2215 ccicrx.
539 2188 608 2213 unde
623 2191 648 2215 ὃς
664 2187 772 2219 Ate-ria,
794 2192 819 2217 ὅ(
834 2192 939 2224 Tarpeia
953 2189 1134 2218 indifferenter
1148 2191 1245 2218 dicitur
1260 2200 1267 2217 z
1295 2192 1333 2216 Ut
1346 2189 1469 2216 omnibus
1485 2187 1678 2225 magistratibus
1695 2186 1930 2226 mufftaedicendae
1942 2189 1984 2224 jus

417 2225 496 2255 esset,
516 2233 578 2252 cum
593 2233 666 2252 antea
680 2226 738 2253 solis
753 2228 823 2254 Cosl'.
838 2229 863 2255 id
875 2229 981 2256 liceret:
1002 2230 1040 2255 Ut
1054 2228 1117 2256 duas
1128 2238 1192 2256 oves
1206 2229 1315 2265 triginta
1327 2227 1410 2254 boum
1426 2226 1524 2254 mulCta
1535 2236 1590 2253 non
1603 2225 1751 2253 excederet.
1770 2225 1870 2261 Dioiiff
1881 2224 1926 2252 lib.
1943 2235 1984 2252 10-

417 2261 528 2301 Agellius
540 2261 585 2289 lib.
597 2273 604 2289 1
616 2272 701 2298 μαψ.
717 2274 739 2290 1.
754 2267 779 2292 &
789 2263 870 2301 Festm
884 2267 911 2293 jn
926 2275 1005 2295 voce,
1016 2265 1155 2293 Peculams,
1176 2266 1218 2295 Ad
1233 2266 1309 2303 hujus
1321 2264 1385 2302 legis
1398 2266 1518 2301 primum
1534 2271 1611 2300 caput
1624 2262 1762 2299 respexiffe
1774 2263 1877 2290 videtur
1885 2262 1984 2297 Ulpian.

415 2301 528 2330 Lutum,
549 2299 576 2327 ff.
589 2299 672 2336 slquis
683 2300 724 2336 jus
736 2302 789 2328 dic.
802 2312 865 2330 non.
877 2304 980 2331 obtem.
993 2304 1058 2331 dum
1073 2305 1121 2331 ait:
1143 2304 1278 2333 Omnibus
1291 2303 1484 2341 magistratibus
1497 2302 1643 2333 secundum
1655 2302 1695 2339 jus
1705 2300 1840 2339 potestatis
1853 2298 1903 2327 suae
1917 2310 1983 2328 con-

417 2339 516 2368 ceffum
531 2337 566 2366 est
578 2337 762 2374 jurisdiffione
774 2341 872 2375 poenali
884 2342 985 2378 judicio
998 2341 1149 2372 defendere.

1859 2391 1878 2410 0
1897 2375 1995 2403 Sextia.
