2075 2734
417 101 470 127 602
693 84 1730 119 AuriQurraruiiROMANARUML15.V111,

1125 155 1212 189 Atia
1237 155 1298 188 lex.

461 220 611 251 Corneliam
623 219 702 257 legem
715 216 801 246 rursus
814 216 968 255 abrogavit,
990 218 1016 246 δε
1032 216 1175 245 Domitiam
1191 218 1303 246 restituit
1317 220 1346 245 T.
1360 216 1435 245 Atius
1448 216 1572 246 Labienus
1589 217 1704 247 tribunus
1717 219 1815 257 plebis,
1833 227 1873 252 M.
1886 227 1916 253 Τ.
1931 226 2002 254 Cice-

421 273 491 293 rone,
513 263 546 288 c.
563 257 676 302 „antonio
690 257 765 300 Coff..
777 265 847 284 anno
864 263 952 284 mcxc.
977 257 1017 296 Ut
1029 256 1144 299 populus
1156 255 1302 284 sacerdotia
1315 258 1455 286 mandaret
1470 277 1477 289 ‚
1498 267 1562 286 cum
1575 264 1652 287 antea
1663 258 1813 290 sacerdotes
1825 261 1884 300 lege
1900 265 2003 294 Corne-

421 304 455 332 lia
470 300 484 329 ὲ
496 298 657 337 pontificum
671 295 786 334 collegio
800 301 960 323 crearentur.
980 297 1030 322 Dm
1043 294 1088 325 lib.
1098 304 1139 333 37.

1096 365 1242 400 Antonia
1266 364 1328 398 lex.

463 439 568 464 Verum
585 441 642 460 non
651 426 743 459 'multo
757 431 816 468 post
831 440 890 460 eam
907 428 1044 466 abrogavit
1058 432 1098 455 Μ.
1114 426 1244 456 Antonius
1258 425 1357 454 Consul
1371 436 1433 455 cum
1449 432 1480 455 C.
1488 429 1556 462 salio
1566 438 1637 458 anno
1655 438 1758 459 meeix.
1774 431 1901 470 tulitque,
1921 440 1951 462 ut
1961 434 2003 471 jus
2053 430 2055 467 ᾖ,
2070 423 2071 426 ’

427 472 644 510 cooptandorum
660 469 827 498 sacerdotum
842 469 855 497 ὲ
869 468 969 507 populo
984 467 1015 495 ad
1030 465 1137 495 illorum
1148 466 1291 503 collegium
1307 467 1405 493 iterum
1420 467 1614 497 transferretur.
1628 468 1678 497 Dio
1690 469 1734 497 lib.
1745 480 1791 506 44.
1815 472 1904 507 Qam
1913 478 2003 500 tamen
2053 478 2055 501 ι

423 513 513 550 legem
530 511 611 539 etiam
626 518 682 537 non
698 507 786 543 multo
800 508 857 544 post
873 507 1027 544 abrogatam
1043 526 1051 537 ‚
1073 507 1098 535 δε
1115 505 1157 541 jus
1173 504 1389 532 mandandorum
1403 503 1612 534 sacerdotiorum
1632 507 1665 535 ad
1679 510 1810 544 populum
1825 509 1938 538 relatum
1952 510 2003 538 effi

423 550 521 579 Paulus
535 547 672 576 Manutius
692 556 724 574 ex
737 545 837 583 aliquot
850 544 1010 583 conjecturis
1025 543 1136 581 colligit.
1174 545 1262 579 Atque
1276 541 1315 569 hae
1330 542 1363 570 de
1376 543 1511 572 creatione
1522 565 1531 577 ‚
1552 543 1594 573 vel
1608 547 1778 584 cooptatione
1792 546 1960 578 sacerdotum
1974 548 2012 577 in·
2060 544 2065 567 .‘

425 588 616 619 defunctorum
629 585 721 615 locum
730 583 788 614 latae
800 583 869 613 sunt.

953 623 1021 656 Lex
1044 619 1081 655 de
1097 622 1260 657 vacatione
1268 618 1478 667 sacerdotum„

465 692 506 720 Ad
512 691 652 726 ficerdotes
662 690 744 718 etiam
756 699 785 718 ea
799 687 930 725 pertinet,
949 695 1006 723 qure
1020 685 1053 713 de
1068 687 1206 715 vacatione
1220 685 1271 714 lata
1287 685 1337 717 est,
1359 685 1391 713 de
1405 693 1456 722 qua
1469 683 1596 718 Appianas
1614 683 1660 712 lib.
1676 693 1701 711 2.
1720 684 1851 715 bellorum
1865 689 2003 722 civilium{

425 731 451 759 ὃς
469 730 616 757 Plutarchus
628 728 655 756 in
670 730 709 756 M.
725 726 866 757 Marcello,
886 726 952 753 item
967 725 994 751 in
1008 724 1124 752 Camillo
1140 724 1266 753 scribunt,
1286 722 1375 760 Usque
1390 724 1457 752 adeo
1472 724 1606 751 Romanis
1619 722 1702 750 Gallos
1713 724 1848 758 terribiles,
1869 728 1896 754 ὅ(
1909 727 2007 756 formi-
2054 717 2056 729 ’

425 768 531 796 dolosos
546 767 611 798 effe,
631 774 660 794 ut
673 767 699 794 in
714 766 775 803 lege
790 765 823 792 de
837 763 974 791 vacatione
990 762 1091 790 militiae
1106 783 1113 794 ‚
1134 772 1191 800 quae
1198 761 1366 799 sacerdotibus
1380 781 1388 791 ,
1408 764 1435 791 ὃς
1445 760 1548 789 senibus
1565 761 1746 797 permittitur,
1766 762 1830 791 illud
1842 763 2006 802 adscriptum

424 806 470 838 fit,
490 804 541 845 711st
549 804 640 832 bellum
653 804 778 832 Gallicum
794 810 932 830 exortatur.
971 803 1044 828 Tum
1060 801 1133 829 enim
1150 803 1176 830 δε
1191 801 1263 828 senes
1274 821 1280 831 ,
1301 802 1327 828 8<
1333 800 1474 833 finerdotes
1487 799 1514 827 in
1526 798 1649 826 militiam
1657 797 1781 838 prqficfii.
1821 803 1925 830 Verum
1939 803 2006 832 hanc
2054 799 2055 802 Ἴ

423 843 660 873 consuetudinem,
680 841 698 868 fi
713 841 842 870 tumultus
855 839 961 877 aliquis,
983 849 1038 867 non
1053 846 1143 867 autem
1158 839 1258 867 belluni
1273 837 1378 866 &Gallis
1390 838 1519 868 oriretur,
1539 836 1626 870 fuisse,
1648 838 1728 866 docet
1742 838 1841 871 Cicero,
1861 839 2015 878 Philippica.
2054 839 2058 872 ἶ

423 882 534 915 octava,
553 880 593 908 his
606 879 693 908 verbis
708 890 713 906 :
734 879 847 907 Gravius
859 885 949 905 autem
964 877 1014 904 ess'e
1027 877 1190 909 tumultum,
1210 886 1291 914 quam
1306 875 1407 904 bellum
1421 896 1429 907 ,
1449 875 1511 904 hinc
1527 875 1639 913 intelligi
1653 876 1752 912 potest,
1773 878 1845 914 quod
1860 877 1931 906 bello
1942 879 2007 907 Gal«
2054 873 2058 882 '

422 919 477 948 lico
492 919 642 947 vacationes
655 916 758 950 valent,
779 915 898 945 tumultu
912 923 967 943 non
982 914 1080 943 valent.
1121 916 1248 944 Meminit
1263 914 1339 951 hujus
1353 915 1418 953 legis
1431 916 1458 944 ὃς
1473 912 1564 942 Livius
1573 913 1652 943 lib.8.
1667 915 1693 944 &
1711 925 1753 943 10.
1773 916 1844 944 Item
1858 916 1943 946 Cicero
1955 926 2007 954 pro
2055 922 2058 931 ¹

423 957 548 994 Fontejo.
1984 954 1987 955 ’

1011 993 1080 1025 Lex
1101 989 1139 1024 de
1155 991 1399 1026 intercalatione.

465 1058 508 1087 Ad
521 1057 689 1088 sacerdotum
703 1056 825 1085 officium
839 1055 955 1092 pertinet
971 1053 1130 1082 intercal’atio
1146 1074 1154 1084 ,
1179 1055 1214 1083 de
1227 1064 1278 1091 qua
1299 1057 1330 1081 L.
1344 1051 1463 1082 Pinatius
1475 1072 1483 1085 ,
1511 1054 1542 1080 L.
1557 1052 1650 1081 Furius
1665 1055 1737 1083 Coss‘.
1756 1064 1827 1084 anno
1842 1064 1954 1084 ccxxcx.
1970 1055 2014 1083 less-

425 1106 488 1134 gem
504 1096 630 1126 tulerunt.
669 1099 744 1124 Wirro
759 1093 827 1130 apud
843 1092 998 1121 Mam-obium
1012 1091 1103 1121 scribit
1113 1113 1121 1125 ‚
1148 1102 1207 1120 eam
1222 1092 1298 1120 fuiffe
1314 1091 1524 1131 antiquissimam
1539 1111 1545 1122 ‚
1566 1091 1609 1119 cui
1621 1094 1725 1121 mentio
1742 1092 1899 1121 intercalaris
1914 1092 2014 1122 adseri-
2055 1095 2075 1122 A

423 1136 503 1203 gagu-
516 1156 522 1166 ‚
549 1134 676 1174 fuisseque
695 1135 723 1163 in
742 1132 866 1162 columna
886 1141 951 1160 aerea
971 1130 1091 1160 incisam.
1129 1130 1241 1159 Microb.
1266 1130 1313 1159 lib.
1340 1141 1363 1159 1.
1389 1128 1560 1160 Saturnalior.
1580 1138 1638 1167 cap.
1664 1141 1704 1169 ¹3·
1729 1138 1809 1169 atque
1827 1131 1862 1159 de
1879 1131 2011 1169 religione
2054 1128 2075 1198 η

443 1184 457 1204 a
486 1182 558 1204 enus.

1089 1246 1113 1274 c
1153 1255 1170 1274 A
1210 1257 1234 1274 p.
1295 1247 1345 1275 11.
2056 1236 2072 1271 ’τ

425 1406 595 1469 Recitatis
610 1407 639 1433 iis
652 1404 772 1443 regibus,
794 1412 851 1442 quae
867 1404 984 1439 adfizcm
997 1405 1196 1441 pertinuerunt,
1217 1403 1249 1431 ad
1257 1402 1372 1438 politicas
1385 1403 1554 1432 accedemus.
1574 1400 1629 1430 111ae
1640 1410 1706 1431 vero
1721 1410 1766 1431 aut
1777 1402 1810 1431 de
1822 1403 1883 1440 jure
1890 1402 2006 1440 publico,

511 1452 555 1472 aut
569 1444 602 1471 de
617 1445 722 1481 privato
731 1464 738 1475 ‚
758 1449 802 1470 aut
815 1443 849 1470 de
861 1442 1019 1470 criminibus
1033 1442 1090 1469 latae
1104 1442 1219 1470 fuerunt.

465 1483 595 1510 Dicemus
609 1482 730 1517 primum
745 1481 779 1507 de
793 1481 840 1511 iis,
861 1490 918 1516 quae
932 1481 1029 1514 dejure
1038 1478 1132 1513 publico
1146 1485 1269 1517 egerunt,
1290 1479 1398 1506 initium
1414 1478 1548 1507 sumentes
1561 1477 1593 1504 ab
1609 1478 1653 1507 iis,
1676 1487 1733 1515 quae
1748 1478 1842 1514 dejure
1850 1479 1896 1512 fta
1906 1477 2008 1506 liberta-

424 1526 450 1547 te
462 1519 564 1545 civium
579 1520 769 1545 Rornanorum
787 1517 939 1554 loquuntur.
959 1519 1025 1545 Sunt
1038 1524 1129 1544 autem
1140 1517 1187 1543 illae
1203 1516 1329 1552 duplices.
1351 1516 1412 1543 Alia
1427 1517 1499 1543 enim
1506 1517 1553 1549 jus
1569 1514 1773 1545 seulibertatem
1790 1517 1892 1544 civium
1906 1519 2009 1544 Roma-

425 1564 526 1584 norum
542 1555 719 1587 constituunt,
739 1553 793 1581 aliz
810 1555 884 1581 idem
901 1555 943 1589 jus
957 1554 1013 1582 aliis
1025 1553 1223 1581 communicant:
1243 1563 1306 1591 quas
1318 1553 1370 1581 hoc
1383 1554 1468 1590 capite
1483 1552 1662 1581 recitabimus.

465 1595 513 1632 Jus
528 1592 580 1620 five
595 1592 700 1620 libertas
711 1593 813 1619 civium
830 1593 1034 1623 Romanorum,
1055 1601 1106 1628 qua
1117 1591 1142 1619 se
1153 1591 1276 1619 adversus
1291 1592 1408 1619 nimium
1422 1591 1640 1628 magistratuum,
1663 1590 1843 1626 &praesertim
1852 1590 2018 1624 Consulum,.
2068 1591 2073 1619 .’

426 1631 573 1668 imperium
592 1632 762 1662 munierunt,
781 1629 874 1658 multis
886 1630 989 1667 legibus
1006 1630 1041 1657 est
1054 1630 1222 1668 confirmata..

867 1319 919 1353 De
932 1319 1060 1352 civitate
1078 1323 1124 1351 (θ’
1132 1318 1205 1365 jure
1222 1318 1340 1351 civium
1359 1319 1576 1351 Romanorum·
1650 1354 1653 1356 μ
2063 1286 2075 1581 ³

964 1696 1094 1729 Valeria
1111 1696 1162 1728 lex
1178 1693 1214 1728 de
1226 1695 1454 1743 provocatione.

466 1760 556 1787 Prima
568 1760 605 1788 est
620 1758 734 1791 wileria,
754 1768 834 1796 quarn
845 1757 906 1786 tulit
923 1756 1072 1786 P.Va.lerim
1082 1756 1218 1792 Poplicola,
1239 1756 1339 1784 Consul
1353 1755 1435 1788 solus,
1457 1757 1540 1784 Bruto
1553 1756 1654 1793 collega
1667 1762 1776 1784 mortuo
1789 1765 1860 1784 anno
1874 1766 1976 1785 ccxmr
1985 1760 2017 1784 ri.

430 1798 468 1826 Ut
484 1798 606 1826 adversus
622 1807 716 1825 omnes
730 1798 898 1834 magistratus
911 1797 942 1824 ad
959 1796 1089 1833 populum
1102 1795 1262 1832 provocatio
1276 1794 1348 1821 effet.
1383 1795 1428 1821 Ne
1442 1795 1500 1830 quis
1512 1793 1673 1831 magistratus
1686 1795 1774 1822 civem
1789 1795 1947 1822 Romanum
1961 1795 2008 1823 ad-

430 1835 514 1864 versus
527 1837 751 1873 provocationem
768 1835 932 1865 verberaret,
952 1841 997 1862 aut
1009 1841 1114 1861 necaret
1124 1853 1131 1863 ‚
1150 1840 1195 1860 aut
1208 1832 1320 1869 pecunia
1338 1831 1486 1860 mulctaret.
1506 1831 1594 1859 Linus
1606 1831 1652 1859 lib.
1663 1842 1687 1859 2.
1701 1829 1832 1870 Dionysius
1850 1832 1892 1860 lib.
1904 1843 1928 1868 5.
1947 1833 2010 1859 Plu-

426 1874 524 1901 tarchus
543 1876 571 1902 in
591 1872 726 1911 Poplicola
738 1894 744 1905 ‚
772 1875 798 1902 ὃ(
818 1872 872 1902 alii.
913 1873 981 1902 Eam
1002 1872 1094 1900 secutae
1113 1871 1172 1899 fiant
1192 1870 1254 1907 leges
1281 1869 1384 1898 sacratae
1403 1870 1437 1898 de
1457 1869 1564 1898 tribunis
1578 1868 1676 1905 plebis,
1708 1870 1742 1898 de
1765 1870 1859 1907 quibus
1882 1870 1941 1907 post
1966 1871 2014 1899 di·-

429 1912 553 1941 cendum.

1029 1949 1159 1983 Valeria
1179 1948 1320 1982 Horatia
1338 1948 1399 1984 lex.

467 2017 538 2044 Cum
556 2024 646 2045 autem
664 2015 719 2043 haec
736 2014 837 2044 civium
854 2015 1042 2042 Romanorum
1064 2013 1171 2041 libertas
1186 2033 1195 2045 ‚
1215 2014 1241 2041 ὃς
1256 2011 1298 2038 lex
1318 2012 1349 2038 de
1365 2009 1534 2046 provocatione
1545 2032 1555 2043 ,
1579 2009 1751 2038 decemvirali
1770 2010 1898 2046 potestate
1917 2011 2019 2039 eversa:-

432 2054 490 2082 eil'et
501 2075 507 2084 ‚
527 2055 696 2082 restituerunt
712 2063 772 2081 eam
788 2052 958 2085 L.Valerius,
978 2055 1019 2078 M.
1030 2050 1154 2078 Horatius
1168 2050 1296 2079 Consules
1306 2070 1314 2082 ‚
1335 2059 1406 2078 anno
1419 2059 1511 2078 ccciv.
1525 2051 1552 2078 ὃ(
1567 2058 1639 2077 nova
1655 2048 1714 2086 lege
1727 2049 1921 2078 confirmarunt
1934 2060 1940 2076 z
1963 2050 2007 2077 Ne

430 2092 488 2126 quis
501 2091 583 2119 ullum
599 2093 783 2130 magistratum
800 2091 853 2119 fine
864 2091 1059 2128 provocatione
1071 2097 1172 2121 crearet
1187 2099 1194 2116 ι
1213 2089 1260 2126 qui
1273 2089 1380 2116 creasset
1394 2108 1402 2120 ‚
1421 2097 1484 2117 eum
1498 2087 1558 2124 jus,
1579 2087 1667 2125 fasque
1681 2086 1744 2117 effet
1757 2088 1862 2117 occidi:
1891 2097 1959 2116 neve
1971 2096 2013 2118 ea,

430 2129 513 2156 caedes
527 2130 641 2165 capitalis
657 2140 733 2160 noxae
747 2129 900 2159 haberetur:
920 2127 1008 2157 Livius
1020 2127 1065 2156 lib.
1076 2138 1099 2166 3.

968 2180 1097 2216 Valeria
1115 2180 1167 2214 lex
1187 2178 1226 2213 de
1238 2179 1462 2228 provocatione.

469 2241 570 2269 Eadem
582 2241 624 2267 lex
638 2244 667 2269 de
678 2245 861 2277 provocatione,
882 2245 964 2274 tertio
981 2245 1060 2272 relata
1072 2244 1109 2271 est
1121 2242 1135 2271 a
1147 2247 1187 2270 M.
1201 2241 1299 2270 Valerio
1312 2245 1392 2270 Corvo
1407 2245 1441 2269 V.
1455 2240 1568 2269 Consule
1582 2250 1644 2269 cum
1659 2239 1831 2280 QAppuleja
1843 2240 1925 2275 Panfiz
1935 2248 2006 2267 anno

431 2287 548 2308 cDL111·
572 2280 616 2306 Ne
632 2281 688 2316 quis
706 2285 750 2318 qui
763 2283 942 2319 provocasset,
964 2283 1044 2320 virgis
1059 2283 1219 2314 caederetur,
1234 2281 1350 2309 securive
1364 2287 1513 2309 necaretur:
1535 2279 1554 2307 fi
1568 2280 1626 2317 quis
1639 2279 1764 2307 adversus
1778 2288 1807 2306 ea
1822 2278 1933 2308 fecisset,
1953 2277 2006 2304 im-

431 2316 670 2384 Ξὲῒῐὶίεἱέῗέὶιὶιὲυιη.
689 2319 779 2348 Livius
789 2322 888 2351 lib.10.
900 2322 945 2359 qui
958 2322 1032 2350 addit
1044 2330 1106 2349 eam
1120 2328 1181 2350 tum
1196 2320 1306 2349 tertium
1321 2319 1379 2357 post
1395 2321 1483 2357 Reges
1495 2318 1601 2348 exactos
1616 2317 1699 2348 latam
1715 2318 1779 2350 effe,
1798 2316 1901 2353 semper
1912 2315 1944 2343 ab
1959 2324 2005 2345 ea·

1945 2392 2007 2417 Por-
