2075 2734
731 63 741 73 ο

384 91 443 132 836
935 93 1100 121 PAqu

385 137 546 173 adjuvantibus
558 139 678 164 nobilibuse
691 146 738 172 quae
750 141 787 164 lex
799 141 847 164 vim
855 148 902 165 eam
910 141 987 165 habuit
995 157 1002 169 ,
1019 149 1088 173 quam
1096 141 1163 164 cicero

381 172 498 204 fignificat.
508 181 559 195 nam
573 181 600 195 ex
612 181 637 195 ea
649 174 693 203 lege
706 172 863 204 'ribuaesi'ngulae
871 171 920 201 &sion
928 181 1014 195 numera
1021 174 1096 204 quirun
1102 174 1164 195 denos

387 204 504 231 creabant,
520 205 592 234 quiea
605 212 657 226 anno
667 205 795 233 judicarent.
808 213 836 226 ex
849 205 961 232 casalium
968 205 1010 230 csl,
1028 205 1162 232 utsemttorer

389 243 477 266 quoque
485 237 507 258 in
514 244 536 258 eo
543 244 629 258 numero
637 235 696 263 effim
705 250 711 261 ‚
729 235 755 258 ύ·
762 236 852 266 quidam
859 243 926 258 etiam
934 244 962 258 ex
969 236 1084 268 ipsaplebe.
1102 235 1162 259 Etin

390 274 418 290 ea
430 274 473 298 pto
482 270 565 291 Scauro
571 266 632 298 apud
638 266 728 290 Pedian.
737 274 760 298 p.
768 275 781 292 9
787 276 808 290 2.
828 270 891 299 ‘Reus
897 267 1000 297 eslfadlus
1006 266 1019 290 ii
1027 267 1058 295 52.
1068 267 1161 290 Servilio

391 299 482 330 sapione
490 300 533 329 lege
541 300 650 325 Scrmlea,
659 299 984 329 cumjudiciapeuesequestrem
992 299 1084 321 ordinem
1092 298 1162 327 effint.

389 336 441 355 non
454 329 548 352 obscure
560 328 671 360 fignificat
685 328 747 352 solos
757 330 848 360 equites
859 329 972 357 judicass'e.
981 329 1077 361 quod&
1085 330 1163 352 Pedia-

390 368 437 385 nus
443 360 583 384 demonstrat
590 377 597 387 ,
612 361 654 390 qui
663 359 781 384 subscribit
788 360 846 384 hsc:
857 361 949 384 Scaurus
956 362 1066 391 tantafui!
1073 361 1163 390 confian-

359 405 362 408 ψ
391 394 426 415 tia
433 409 439 419 ‚
457 391 483 414 ἐν
495 393 718 423 ammimagnimdine
726 409 732 419 ,
749 399 774 415 ut
782 393 892 422 (alarionem
899 400 972 415 comm
977 401 1037 415 reum
1044 394 1148 415 detulerit
1156 408 1163 419 ‚

393 423 421 446 ὑ·
429 439 435 449 ,
452 423 546 446 breviore
551 424 585 445 die
591 424 730 454 inquisitionis
737 431 822 455 accepta
829 440 835 450 ,
852 424 939 453 effecerit
947 441 953 451 ‚
971 431 996 446 ur
1002 426 1036 446 iue
1043 425 1100 452 prior
1113 432 1165 446 cau-

388 455 437 484 sa'xm
448 455 542 477 diceret:
559 457 672 477 duanam
684 463 769 486 quoque
777 456 874 483 Drusum
880 455 1061 488 tribunumplebis
1068 456 1164 477 cohorta-

392 485 472 515 lusfit2
490 487 759 518 utjudicincommutarer.
778 486 842 517 Qid
849 485 893 513 est,
911 487 1144 515 'Judiciacommutaret
1153 490 1163 509 ,Ρ

392 523 479 547 nempe
491 517 515 540 id
523 533 530 543 ,
546 517 664 548 quodiam
671 525 699 541 ex
707 518 816 549 Appiano
823 519 969 542 recitavimus
976 535 982 545 ,
999 525 1029 541 ne
1035 518 1090 541 solis
1096 518 1163 548 equi-

392 547 455 571 tibus
468 549 583 575 iudicandi
592 549 727 579 potestatem
737 550 888 581 relinquerer.
902 549 1164 582 Eodemquerefetenda

390 578 408 603 s
405 586 446 602 unt
458 580 497 603 illa
504 579 571 603 verba
578 581 603 603 in
610 583 680 604 Bruto
687 589 735 612 cap.
743 586 780 605 δι.
800 582 918 612 Equeflrcm
924 583 1017 604 ordinem
1025 585 1044 604 c.
1054 581 1164 604 Servilius

393 612 488 634 Glaucia
499 611 593 641 beneficio
606 613 655 643 legis
667 615 804 636 devinxerat.
820 613 908 645 Sequor
920 612 992 643 igitur
1001 612 1113 636 Libentius
1119 619 1164 643 ego

392 642 492 673 quidem
505 644 626 667 authorem
637 644 662 667 in
675 644 716 667 hac
728 652 752 668 re
765 645 919 671 Ciceronem,
929 652 1000 675 quam
1008 644 1165 668 Plutarchum.

392 674 499 704 primum
507 691 513 702 ,
531 675 596 706 quod
610 676 634 698 in
648 674 715 699 rebus
727 678 841 700 Romanis
853 676 947 700 homini
955 676 1032 706 potius
1040 679 1150 699 Romano
1159 691 1165 702 ,

392 713 464 736 quam
472 708 553 729 Graeco
561 723 568 733 ,
576 706 720 731 credendum
726 707 770 730 est:
779 707 865 731 deinde
872 725 879 735 ‚
886 707 952 739 quod
958 707 984 730 ab
992 714 1053 730 anate
1061 710 1089 730 C.
1097 710 1165 731 Grac-

393 737 432 760 chi
440 738 535 768 propius
542 737 627 765 abfuit,
646 746 716 770 quam
724 739 867 763 Plutarchus:
884 739 1003 770 postremo
1011 756 1016 765 ,
1034 739 1099 770 quod
1108 756 1114 766 ‚
1132 739 1166 765 iu-

395 769 515 792 diciorum
523 769 671 800 peritissimus
678 778 733 794 cum
740 770 802 798 esset,
809 771 962 802 veteresleges
968 771 1047 794 minus
1055 771 1076 794 ei
1084 771 1165 801 cogni>

393 806 428 823 tas
441 800 506 824 fuiss'e
513 800 637 824 verisimile
644 809 693 825 non
700 801 738 826 est.
758 807 835 834 Atque
842 802 888 826 haec
894 803 922 826 de
930 802 1057 826 Plutarcho.
1069 810 1123 825 nam
1129 802 1165 825 lo-

393 839 448 855 cum
456 833 481 856 in
488 833 593 863 epitome
601 833 798 865 Liviana‚ex.quo
807 834 897 858 videtur
904 834 967 858 idem
976 835 1044 858 Livio
1051 832 1164 865 placuisse,

393 864 536 887 mendosum
548 863 648 887 libenter
654 864 845 889 existimaverim:
859 873 885 889 ut
892 866 985 889 homini
993 873 1081 897 parcam
1089 881 1095 891 ,
1109 865 1165 888 alio-

393 895 437 925 qui
451 897 610 919 Romanarum
624 903 701 919 rerum
715 896 860 927 periuffimo.
874 898 918 925 iarn
930 898 996 921 enim
1005 914 1011 924 ,
1024 903 1075 920 ante
1087 897 1165 927 legem

391 926 494 950 Plotiam
502 935 621 958 nunquam
629 935 683 951 cum
690 928 831 952 senatoribus
837 930 927 959 equites
933 928 1046 957 judicasse,
1052 929 1166 951 Cicerone

393 957 457 985 teste,
466 966 490 981 ut
496 959 537 981 alia
545 959 654 982 omittam
662 967 795 989 argumenta
803 976 809 986 ,
817 960 938 990 probatum
946 960 985 984 est.
992 961 1016 992 3&
1024 959 1099 990 ipsum
1108 966 1166 990 quo-

393 996 441 1020 que
448 990 543 1012 Livium
551 990 615 1013 idem
622 990 709 1014 senfiffe
716 1007 722 1016 ,
737 991 834 1019 judicare
842 992 949 1014 videniur
956 992 994 1014 illa
1002 1007 1008 1018 ,
1022 998 1071 1021 qua:
1079 991 1123 1018 jam
1132 997 1166 1013 re-

393 1021 476 1048 citavi,
485 1028 513 1044 ex
520 1021 674 1051 epitomelib.
682 1024 746 1046 Lxx.
765 1023 842 1045 venio
848 1022 875 1046 ad
883 1023 1016 1046 pedianum.
1023 1022 1094 1053 qui&
1104 1020 1152 1052 ipse
1159 1038 1166 1048 ,

394 1059 444 1075 non
452 1059 474 1075 ut
483 1053 612 1075 Plutarchus
618 1069 624 1079 ‚
639 1053 663 1076 in
671 1060 754 1083 genere
761 1053 866 1081 judicum
873 1070 879 1080 ,
888 1053 925 1077 sed
933 1055 958 1077 in
966 1055 1046 1084 legum
1052 1052 1136 1076 ordine
1143 1060 1166 1075 ae

392 1090 494 1107 numero
503 1085 611 1114 peccavit.
618 1085 637 1107 is
644 1085 668 1107 in
675 1086 846 1108 commentario
852 1085 1005 1109 divinationis
1011 1091 1047 1115 ΡΛ
1053 1084 1108 1110 9.ita
1115 1083 1166 1107 scri-

393 1114 444 1145 pfit:
454 1117 475 1138 C.
483 1117 592 1138 Gratclms
599 1117 666 1146 legem
673 1117 764 1142 tulerat,
772 1123 796 1139 ur
803 1119 885 1148 equites
891 1117 1166 1150 ‘Rpmamjudicarennju-

391 1148 522 1169 dicaverunt
534 1153 570 1178 per
576 1155 639 1170 auitos
647 1148 748 1176 XL.fine
753 1149 856 1177 infamia.
869 1150 909 1180 post
917 1149 985 1171 vifior
993 1149 1049 1179 Sylla
1056 1149 1123 1177 legem
1131 1155 1166 1170 tu-

395 1179 452 1201 lerat
460 1193 467 1204 ‚
481 1179 629 1208 utsenatorim
637 1180 808 1211 ordojudicaret:
824 1178 1005 1212 &judicavitper
1012 1180 1081 1201 decem
1088 1187 1152 1201 annos
1159 1196 1165 1205 ,

394 1210 495 1241 turpiter.
512 1211 565 1232 Haec
572 1227 578 1237 ‚
587 1209 602 1233 st
609 1210 690 1240 legum
698 1209 835 1234 sententiam
843 1211 979 1238 confideres,
987 1218 1037 1234 vera
1045 1209 1104 1233 sunt.
1112 1218 1166 1234 nam

392 1241 420 1263 &
428 1240 518 1271 equites
526 1241 577 1272 lege
584 1242 693 1267 Gracchi,
702 1248 726 1265 ut
733 1242 778 1271 jam
785 1243 889 1266 diximus
897 1260 903 1270 ‚
911 1244 934 1267 ἔκ·
942 1243 1055 1267 senatores
1061 1242 1113 1272 lege
1120 1243 1166 1273 Syl-

393 1271 565 1301 lsjudicarunt.
578 1273 655 1304 itaque
667 1273 749 1296 eadem
762 1273 812 1298 sunt
820 1273 907 1297 {anobis
915 1273 978 1306 supra
984 1275 1075 1298 recitata
1083 1280 1166 1304 utpro-

395 1301 504 1326 baremus
512 1304 570 1327 illud
577 1311 656 1328 contra
663 1305 809 1329 Plutarchum
817 1306 845 1329 de
853 1305 908 1330 solis
915 1305 1033 1337 equitibus
1040 1306 1092 1336 lege
1099 1307 1166 1329 Grac—

392 1333 432 1357 chi
446 1334 607 1361 iudicantibus.
622 1336 654 1360 lin
662 1337 771 1361 ordinem
779 1345 802 1360 ac
810 1345 936 1361 numerum
944 1337 1010 1361 suum
1018 1336 1103 1368 speeies
1111 1353 1117 1363 ‚
1127 1336 1165 1360 fal-

396 1364 418 1388 sa
425 1366 535 1390 Pedianus
543 1374 621 1393 narrat,
636 1375 684 1391 non
692 1369 757 1392 enim
765 1369 814 1399 post
821 1369 898 1400 legem
906 1370 1003 1393 Gracchi
1010 1368 1082 1392 secuta
1089 1369 1166 1399 proxi-

393 1404 434 1420 me
440 1397 471 1421 est
477 1399 515 1421 lex
522 1400 598 1429 Syllce,
608 1397 646 1422 sed
653 1401 690 1424 lex
698 1401 827 1431 Cztpionis,
835 1402 858 1424 ὃ(
866 1401 951 1425 deinde
959 1400 1033 1427 Drusi,
1041 1400 1090 1431 post
1098 1401 1167 1423 Silva-

393 1429 420 1452 ni
429 1446 434 1456 ,
445 1429 563 1460 postremo
573 1431 645 1461 Syllx.
664 1431 729 1455 Drusi
744 1440 821 1455 aurem
831 1433 883 1463 lege
891 1450 898 1459 ,
909 1440 958 1463 qux
971 1432 1016 1456 fuit
1023 1432 1103 1455 eadem
1111 1440 1164 1455 cum

393 1461 572 1492 Caepionislege
580 1469 621 1488 ,eo
629 1462 680 1492 ipso
688 1479 693 1489 ‚
702 1470 751 1493 quo
758 1463 837 1487 lataest
845 1480 850 1490 ,
859 1472 919 1487 anno
928 1463 1011 1487 sublata
1020 1480 1026 1489 ‚
1033 1461 1107 1486 rursus
1114 1465 1166 1494 lege

392 1493 530 1523 Sempronia
536 1501 576 1524 per
583 1501 670 1517 annum
678 1494 720 1517 soli
727 1495 818 1526 equites
825 1495 960 1523 judicarunt.
969 1496 1058 1518 multos
1066 1494 1091 1517 ab
1098 1496 1164 1526 equi-

392 1522 469 1549 tibus,
482 1524 535 1554 lege
549 1526 612 1547 Varia
625 1524 653 1547 de
660 1525 773 1553 majestate
780 1526 905 1552 accusatos,
918 1525 1166 1556 Appianusafferitesse

395 1554 572 1579 condemnatos.
581 1563 643 1579 anno
653 1556 703 1586 post
711 1573 717 1583 ,
725 1556 826 1580 successit
834 1558 917 1580 Plotia:
932 1558 955 1580 ὃ(
964 1558 1061 1580 notiam
1069 1563 1120 1580 tum
1127 1557 1165 1581 de-

395 1586 469 1617 nique
476 1587 540 1617 syllae
548 1587 584 1610 lex
591 1587 719 1611 consecuta.
729 1589 896 1620 quareculpam
905 1589 996 1612 Pediani
1003 1605 1010 1615 ,
1023 1596 1072 1612 non
1080 1588 1150 1612 video
1158 1606 1165 1617 ‚

393 1619 435 1648 qui
449 1618 515 1641 liceat
527 1617 644 1642 excusare:
654 1620 696 1650 qui
705 1621 797 1650 equites
809 1620 869 1643 dicat
881 1621 933 1650 lege
940 1623 969 1644 C.
977 1620 1073 1643 Gracchi
1081 1628 1120 1651 pet
1128 1629 1165 1644 an-

393 1656 438 1672 nos
450 1652 499 1672 XL.
512 1649 594 1673 hocest
602 1667 608 1677 ,
621 1650 648 1673 ad
656 1653 681 1674 L.
689 1651 753 1680 Syllae
759 1651 895 1675 dictaturam
903 1668 909 1677 ,
923 1650 1042 1679 judicasse:
1054 1658 1109 1674 cum
1116 1658 1164 1675 tan·

394 1687 446 1703 tum
460 1679 532 1711 usque
545 1681 572 1704 ad
585 1689 639 1705 eum
653 1689 740 1705 annum
753 1681 795 1706 soli
804 1690 829 1706 ea
835 1683 886 1714 lege
893 1682 1057 1711 judicaverint,
1071 1690 1120 1714 quo
1129 1686 1163 1707 Μ.

391 1712 494 1736 Plautius
506 1713 608 1736 Silvanus
621 1713 726 1737 tribunus
738 1714 813 1744 plebis
825 1715 912 1746 (legem
919 1714 985 1738 enim
993 1714 1084 1737 Liviam
1092 1731 1098 1740 ,
1113 1722 1163 1746 quse

393 1742 468 1767 statim
478 1761 484 1770 ‚
497 1751 522 1766 ut
530 1743 635 1768 diximus
642 1762 648 1772 ,
656 1744 740 1768 sublata
747 1745 778 1769 est
785 1763 791 1773 ,
799 1747 898 1776 omitto)
905 1747 932 1770 ad
940 1746 1056 1777 populum
1063 1746 1117 1769 tulit
1124 1763 1130 1772 ,
1139 1753 1164 1770 ut

392 1773 486 1806 fingulae
499 1775 573 1798 tribus
586 1777 673 1807 quinos
682 1776 756 1800 denos
768 1776 781 1800 e
794 1776 835 1800 suo
847 1785 948 1801 numero
959 1777 1164 1805 crearentjudicio-

391 1814 446 1830 rum
453 1806 522 1833 causa,
530 1806 617 1838 eosque
624 1814 672 1831 non
680 1815 728 1831 uno
734 1816 762 1831 ex
769 1808 862 1835 ordine,
868 1807 907 1831 sed
913 1816 942 1831 ex
950 1808 1071 1834 omnibus,
1080 1808 1125 1831 hoc
1132 1809 1163 1832 est

391 1837 519 1865 senatorio,
525 1838 634 1870 equestri,
641 1838 687 1871 ipsa
695 1838 768 1871 plebe.
776 1840 842 1871 quod
849 1840 864 1863 si
871 1840 998 1871 generatim
1005 1838 1104 1865 dixiss'et,
1112 1840 1163 1863 nul-

392 1869 413 1893 1³
420 1869 555 1894 Gracchana:
561 1871 620 1901 legis
627 1871 820 1898 mentionesaeia,
827 1873 918 1903 equites
925 1878 964 1902 per
971 1878 1043 1894 annos
1050 1873 1095 1893 XL..
1104 1870 1162 1898 iudi-

393 1900 460 1925 casse:
477 1909 529 1925 vere
538 1901 638 1926 dixisset.
652 1903 731 1926 liceret
744 1904 809 1926 enim
823 1903 954 1934 intelligere
967 1902 991 1925 id
1004 1901 1069 1934 quod
1076 1909 1110 1925 res
1117 1902 1162 1930 est,

394 1935 485 1964 equites
492 1934 567 1956 modo
574 1933 637 1957 solos
643 1934 694 1965 lege
701 1934 811 1960 Gracchi,
824 1934 899 1958 modo
906 1942 960 1958 eum
967 1933 1044 1956 senatu
1052 1950 1058 1960 ,
1066 1940 1134 1965 atquc
1141 1942 1163 1957 e>

393 1966 450 1988 tiam
463 1972 518 1988 cum
532 1964 626 1997 plebeiis
633 1965 828 1996 hominibuslege
836 1966 907 1989 Plotia
915 1982 921 1992 ,
935 1964 1046 1992 iudicass'e.
1058 1965 1084 1988 ad
1092 1973 1163 1995 quam

391 1995 530 2020 sententiam
542 1996 692 2020 referendum
705 1997 737 2021 est
750 1998 808 2020 illud
821 1997 944 2021 Ciceronis
955 2000 1058 2020 Prooem.
1072 1997 1124 2019 Aet.
1138 1998 1163 2020 in

394 2029 490 2051 Verrem
497 2035 543 2058 cap.
550 2036 557 2051 1
564 2036 573 2054 3
579 2046 584 2052 .
596 2030 700 2059 Cognoftet
705 2038 734 2052 ex
740 2031 868 2060 mepopului
876 2032 910 2061 Q
917 2029 1010 2059 quidfit,
1017 2027 1173 2058 quamobrem„

394 2066 443 2080 eum
456 2061 547 2089 equester
559 2061 606 2083 ordo
613 2062 736 2090 judicaret,
749 2067 878 2090 annusprope
885 2063 912 2083 L.
919 2067 1026 2082 continuos
1034 2060 1165 2090 nullo-judin

393 2091 468 2120 equite
481 2092 694 2123 ‘quanojudzranre
702 2100 726 2114 ne
732 2093 848 2121 teimi'slsma
854 2092 1032 2123 quidemsuspicro
1038 2097 1122 2121 accepta
1127 2097 1164 2120 pe-

393 2122 457 2143 cunia
470 2120 494 2142 ob
506 2123 696 2153 rcmjudichrdam
704 2124 854 2152 constitutafit.
873 2125 927 2152 Quo
934 2123 988 2145 loco
995 2121 1085 2145 fortasse
1093 2122 1162 2145 addu-

394 2152 444 2175 Ctus
456 2152 488 2175 est
501 2152 610 2176 Pedianus
618 2170 624 2179 ‚
637 2161 661 2177 ut
671 2153 753 2178 solose
774 2155 832 2178 uites
839 2154 995 2185 Gracchilege
1002 2151 1106 2184 usquead
1116 2154 1161 2184 Syl-

393 2183 440 2207 lam
453 2183 591 2207 distatorem
603 2185 708 2213 iudicasse
721 2162 830 2209 etegeret.
850 2186 892 2217 qui
903 2193 957 2209 cum
970 2184 1075 2215 explanat
1088 2184 1158 2212 illud,

371 2238 375 2239 ⁷
393 2221 473 2239 ..Annos
483 2221 544 2247 prope
556 2217 583 2238 L.
595 2218 701 2238 continuas
715 2234 721 2243 ,
736 2218 766 2240 ait
778 2225 828 2249 pag.
845 2225 884 2244 59.
900 2219 967 2239 Tamo
981 2217 1092 2246 enimferc
1105 2223 1157 2238 lem·

389 2254 440 2279 pore
446 2247 538 2278 equester
544 2248 590 2268 ordo
598 2250 642 2277 lege
651 2250 902 2280 Semproniajudicavit:
914 2256 968 2271 cum
978 2248 1069 2274 Cicero,
1077 2254 1102 2270 ur
1109 2248 1162 2278 opi-

392 2279 435 2301 nio
449 2285 500 2301 mea
512 2277 556 2301 fert
563 2294 569 2304 ,
582 2278 672 2308 equites
679 2279 776 2308 quidem
784 2279 889 2308 judicasse
897 2279 956 2302 dica:
963 2278 1068 2310 usquead
1076 2279 1160 2309 Syllam

390 2309 529 2333 distatorem
538 2325 544 2336 ‚
559 2316 635 2333 tamen
642 2309 670 2332 de
678 2309 733 2333 solis
741 2311 859 2341 equitibus
867 2328 873 2338 ,
884 2318 908 2334 ut
916 2311 1012 2334 Gracchi
1019 2311 1057 2333 lex
1065 2309 1159 2338 iusserat,

391 2340 430 2365 sed
443 2342 467 2366 δι
480 2342 509 2366 de
519 2341 576 2367 solis
587 2340 704 2373 equitibus
716 2343 836 2372 primum,
851 2343 874 2368 ὅ(
887 2350 945 2367 inox
954 2342 982 2367 de
990 2341 1108 2375 equitibus
1115 2349 1158 2367 una

1146 91 1385 121 ΜΑΝυτΗ

1191 148 1246 164 cum
1259 139 1402 165 senatoribus
1410 157 1417 169 ,
1431 137 1529 172 aliisque
1537 140 1608 165 etiam
1615 145 1643 165 err
1650 140 1696 174 ipsa
1704 140 1771 174 plebe
1777 139 1930 173 iudicantibus
1936 144 1965 171 fi.

1191 173 1298 204 gnificet:
1314 173 1380 205 quod
1387 173 1438 204 lege
1445 173 1518 196 Plotia
1524 179 1615 197 cautum
1623 180 1678 197 erat.
1695 174 1823 199 pedianum
1829 183 1906 200 autem
1913 175 1965 203 fitis

1191 211 1267 235 aperte
1275 205 1304 227 de
1311 212 1359 228 uno
1367 203 1451 228 ordine
1457 204 1556 236 equestri
1565 221 1571 232 ,
1578 212 1618 236 per
1626 213 1698 229 annos
1704 207 1752 230 XL.
1761 206 1877 234 judicante
1883 225 1890 235 ,
1897 209 1964 233 locu-

1191 241 1244 259 tum
1255 235 1299 260 effe
1307 252 1313 262 ‚
1327 242 1378 260 tum
1385 244 1410 259 ea
1417 244 1467 267 quae
1480 238 1590 267 proxime
1597 237 1703 264 recitavi,
1717 237 1783 260 verba
1790 238 1963 268 demonstrant,

1192 273 1243 290 tum
1256 268 1327 291 etiam
1340 268 1378 292 illa
1386 284 1392 295 ,
1405 275 1456 299 qua:
1468 268 1494 291 in
1504 268 1608 297 ejusdem
1620 269 1786 292 commentarii
1799 269 1886 301 scripsit
1898 279 1964 302 argu-

1193 305 1288 322 mento:
1302 306 1353 330 quae
1360 297 1412 322 sunt
1419 299 1478 322 haec:
1489 302 1578 330 „Agitur
1584 301 1647 329 causti
1653 301 1845 332 senatoris-judiciis
1851 303 1966 326 ininvidiae

1193 331 1251 361 apud
1259 331 1364 362 populum
1376 331 1504 359 constitutis,
1513 332 1627 361 flagitante
1637 331 1698 362 plebe
1704 333 1791 361 judicia
1803 333 1903 364 equestris
1909 335 1967 357 ordi-

1194 363 1225 384 m‘i
1233 377 1240 389 ‚
1253 370 1298 393 quae
1305 363 1356 390 sere
1365 368 1414 384 ante
1423 364 1526 384 annosx.
1535 363 1717 392 uyuasxsstulerat.
1732 370 1798 386 vocat
1804 363 1886 393 judicia
1894 371 1966 396 eque-

1193 391 1243 415 stris
1255 392 1347 416 ordinis
1359 400 1397 420 ea,
1411 400 1462 424 quae
1475 393 1534 423 Sylla
1545 393 1647 418 sustulit:
1660 401 1715 417 cum
1722 401 1771 418 non
1778 396 1846 418 unius
1853 396 1966 427 equestris

1193 423 1285 447 ordinis
1292 441 1299 451 ,
1311 422 1349 447 sed
1355 425 1468 447 omnium
1474 424 1585 448 ordinum
1593 426 1676 454 judicia
1683 425 1783 449 fuerint:
1793 425 1910 458 siquidem
1916 444 1923 455 ,
1938 434 1965 452 ut

1192 455 1306 479 omnibus
1317 454 1441 479 ordinibus
1447 455 1562 484 iudicandi
1569 457 1665 488 potestas
1673 457 1763 480 daretur
1772 474 1778 484 ,
1790 458 1828 481 lex
1836 458 1909 482 Plotia
1915 457 1965 483 san-

1192 494 1261 510 xerat.
1270 487 1337 518 quod
1343 486 1360 510 fi
1367 487 1420 518 quis
1426 487 1522 515 dixerit,
1531 487 1650 519 fieriposse
1658 495 1695 515 ,ut
1702 505 1708 515 ,
1717 489 1789 512 Plotia
1796 490 1848 521 lege
1858 491 1966 522 anteSyl-

1192 519 1239 542 lam
1247 518 1386 542 distatotem
1393 518 1499 549 abrogata
1506 535 1514 542 .
1520 518 1595 542 rursus
1601 520 1741 544 Gracchilex
1747 520 1847 544 restituta
1855 521 1889 548 sit,
1895 522 1965 546 ideo-

1192 557 1240 581 que
1251 550 1335 580 Syllam
1343 567 1350 577 ‚
1363 550 1414 581 lege
1421 550 1516 573 Gracchi
1524 550 1599 582 postea
1606 550 1702 578 sublata,
1715 552 1825 583 equestris
1833 553 1923 577 ordinis
1930 554 1966 583 ju-

1193 582 1252 606 dicia
1265 581 1388 606 sustulisse:
1401 581 1440 605 hic
1447 588 1524 605 tamen
1532 581 1668 605 nihildicet.
1676 590 1730 606 nam
1738 599 1745 610 ,
1757 591 1811 607 curn
1819 584 1966 609 Pedianusil-

1193 614 1214 636 la
1223 630 1229 640 ,
1243 621 1294 645 quae
1306 612 1353 645 ipsa
1366 614 1526 640 recitavimus,
1540 613 1616 637 literis
1627 613 1753 637 mandavit.
1773 617 1882 649 §racthus
1895 618 1964 647 legem

1193 647 1276 668 tulerat
1288 663 1295 673 ,
1313 653 1338 675 get
1350 646 1435 676 equites
1447 646 1538 667 Romani
1545 645 1675 676 judicarent
1687 652 1693 667 ε
1713 645 1866 676 judicaverunt
1876 654 1913 677 per
1924 657 1964 671 an-

1193 685 1227 698 nos
1237 678 1288 700 XL.
1302 677 1331 700 de
1338 676 1435 699 Gracchi
1449 683 1539 699 tantum
1546 678 1598 706 lege
1604 676 1694 699 videtur
1701 676 1808 706 accepisse
1814 694 1821 704 ,
1834 678 1920 703 oblitus
1928 681 1964 704 vi—

1194 707 1279 731 delicet
1291 708 1369 732 Plotiae
1381 708 1454 739 legis,
1466 707 1495 731 de
1507 715 1552 738 qua
1564 708 1650 739 scripsit
1656 707 1732 739 postea
1740 708 1834 732 idemin
1840 716 1964 735 commen-

1194 739 1252 762 tario
1265 740 1378 763 orationis
1390 747 1432 770 pro
1445 741 1473 762 C.
1484 740 1607 763 Cornelio.
1625 742 1667 766 Er,
1681 746 1825 771 quamquam
1838 741 1897 771 apud
1911 742 1965 766 scri-

1195 777 1270 800 ptores
1278 773 1387 802 antiquos
1395 772 1419 794 in
1427 778 1494 794 more
1501 770 1527 794 iit
1534 770 1635 800 positum
1643 787 1650 798 ,
1657 777 1682 794 ut
1689 774 1794 802 integros
1800 779 1910 795 numeros
1917 781 1965 796 ma-

1194 802 1252 828 lint,
1266 804 1347 826 decem
1356 822 1361 830 ‚
1369 809 1464 826 centum
1472 819 1478 829 ,
1487 803 1567 829 mille,
1575 810 1646 834 quam
1653 809 1706 826 cum
1714 803 1793 833 exigui
1800 805 1893 827 numeri
1900 804 1965 828 addi-

1195 834 1261 857 tione
1269 851 1274 860 ,
1287 835 1450 865 pronunciare:
1464 835 1530 864 quod
1543 834 1555 857 ‘a
1564 835 1679 858 Cicerone
1686 833 1772 857 snitum
1781 835 1806 858 in
1813 836 1920 859 oratione
1927 837 1965 859 ad-

1194 864 1270 888 versus
1280 867 1308 888 L.
1321 865 1442 891 Pisonem,
1455 865 1479 888 δε
1492 866 1517 888 in
1530 872 1554 888 ea
1563 882 1568 891 ,
1583 873 1654 896 quam
1667 864 1966 892 habuitcontraCatilinam

1195 897 1219 919 in
1231 896 1323 923 seham,
1342 897 1452 920 Pedianus
1464 897 1639 920 animadvertit:
1657 897 1682 919 in
1695 904 1724 920 eo
1738 904 1816 920 tamen
1830 898 1902 922 nimis
1913 906 1964 923 ma·

1195 935 1268 958 gnum
1276 929 1361 951 Cicero
1367 928 1459 951 numeri
1465 927 1520 951 fecit
1526 929 1698 951 incrementum
1704 945 1710 954 ‚
1719 929 1784 959 quod
1791 930 1965 960 appellavimus,

1195 959 1323 989 equestrem
1337 960 1447 983 ordinem
1457 966 1528 982 anuos
1535 967 1606 991 prope
1614 962 1639 982 L.
1646 960 1772 983 continuos
1779 960 1883 989 judicasse
1890 961 1964 986 dixit:

1195 997 1250 1013 cuni
1258 991 1312 1013 anni
1319 997 1409 1014 tantum
1416 990 1565 1014 XLI-fuerint
1572 1007 1578 1016 ‚
1591 991 1614 1014 id
1623 991 1654 1014 est
1661 1008 1668 1017 ,
1681 989 1694 1014 a
1701 992 1779 1022 primo
1788 993 1884 1017 Gracchi
1891 993 1964 1017 tribu-

1196 1028 1250 1044 natu
1258 1039 1264 1048 ,
1281 1029 1306 1044 ur
1312 1029 1340 1044 ex
1347 1023 1452 1053 epitome
1458 1021 1520 1044 Livii
1529 1039 1534 1048 ‚
1549 1022 1716 1053 Plutarchoque
1724 1024 1864 1055 intelligitur
1871 1041 1877 1051 ,
1891 1024 1916 1048 ad
1925 1033 1965 1049 an-

1195 1060 1252 1075 num
1267 1054 1371 1083 primurn
1384 1053 1500 1076 distatutae
1512 1055 1538 1075 L.
1545 1053 1618 1082 Syllae.
1625 1052 1663 1076 sed
1671 1055 1878 1079 oratoriaeliceutiae
1886 1056 1966 1084 datur,

1197 1091 1221 1106 ut
1234 1091 1269 1107 res
1279 1085 1303 1107 in
1311 1084 1424 1107 narrando
1431 1085 1482 1115 plus
1489 1084 1608 1107 interdum
1616 1100 1622 1110 ,
1631 1091 1702 1116 quarn
1709 1086 1816 1109 concedit
1822 1088 1904 1111 veritas
1911 1105 1917 1115 ‚
1932 1089 1966 1111 es-

1195 1114 1286 1138 seratur.
1294 1123 1437 1147 quamquam
1445 1115 1547 1138 historici
1555 1123 1652 1146 quoque
1659 1131 1665 1141 ‚
1675 1116 1715 1147 qui
1725 1117 1822 1147 quidem
1829 1119 1967 1144 arctioribus

1195 1146 1308 1170 tradenda:
1317 1148 1416 1171 veritatis
1422 1146 1512 1178 legibus
1519 1146 1629 1178 adstringi
1636 1147 1742 1170 videntur
1749 1165 1756 1174 ,
1763 1148 1787 1171 id
1795 1148 1835 1172 fibi
1842 1149 1898 1178 juris
1904 1158 1966 1174 arro-

1197 1185 1277 1209 garunt
1286 1195 1291 1205 ,
1307 1186 1331 1202 ut
1344 1178 1356 1202 a
1365 1181 1458 1202 veritate
1464 1177 1615 1202 discederent.
1622 1186 1676 1202 nam
1683 1179 1776 1202 Livius:
1789 1180 1844 1202 vrbs
1851 1197 1858 1207 ,
1871 1182 1966 1213 inquit,

1195 1210 1208 1233 ὰ
1222 1211 1319 1241 'Romulo
1332 1210 1416 1233 viribus
1426 1211 1481 1233 datis
1489 1227 1494 1236 ,
1507 1216 1594 1232 tantum
1601 1211 1677 1233 valuit
1683 1226 1690 1237 ,
1700 1217 1724 1233 ut
1731 1212 1752 1233 in
1759 1212 1812 1235 XL.
1820 1213 1964 1236 deindeannos

1196 1248 1269 1264 natam
1280 1248 1352 1271 pacem
1364 1242 1457 1265 haberer.
1473 1242 1538 1264 Cum
1548 1244 1631 1265 Numae
1644 1249 1743 1273 regnum
1754 1243 1882 1274 intelligat,
1897 1245 1965 1276 quod

1213 1281 1236 1296 er
1250 1280 1323 1296 annos
1334 1275 1417 1297 XLlll.
1429 1279 1535 1304 perpetua
1542 1281 1595 1304 paee
1601 1272 1699 1297 duravit.
1717 1274 1809 1298 Tettius
1816 1275 1881 1298 restat
1888 1276 1916 1300 de
1923 1278 1964 1300 tri-

1196 1280 1238 1328 ἕως
1246 1321 1252 1332 ,
1265 1311 1325 1336 quos
1334 1303 1459 1336 proposui,
1472 1305 1537 1328 locus
1545 1306 1569 1329 in
1577 1306 1693 1329 Cicerone
1699 1305 1884 1331 conliderandus.
1895 1315 1948 1331 nam
1957 1326 1964 1335 ‚

1195 1344 1250 1360 cum
1264 1337 1288 1360 in
1300 1343 1326 1360 ea
1338 1344 1380 1368 pro
1394 1338 1422 1360 C.
1436 1337 1551 1360 Cornelio
1563 1339 1652 1368 Fragm.
1662 1337 1805 1365 32.dixerit‚
1819 1340 1876 1369 Lege
1883 1338 1964 1362 'Plotia

1192 1370 1292 1398 primum
1300 1370 1405 1397 senatores
1418 1376 1465 1390 rum
1478 1367 1588 1399 equitibus
1601 1369 1819 1398 Romanisjuditaffi:
1830 1369 1911 1393 falsum
1919 1371 1965 1395 hoc

1195 1399 1238 1422 esle
1245 1416 1252 1427 ,
1261 1398 1329 1430 possit
1335 1400 1419 1430 aliquis
1425 1399 1526 1429 objicere
1532 1417 1537 1426 ,
1549 1407 1603 1423 cum
1611 1399 1709 1423 biennio
1716 1406 1768 1424 ante
1774 1403 1808 1424 M.
1816 1401 1896 1424 Livius
1903 1404 1964 1426 Dru-

1195 1432 1230 1454 sus
1239 1448 1244 1458 ,
1259 1431 1325 1462 quod
1334 1431 1516 1462 Appianiverbis
1530 1432 1576 1460 jam
1589 1431 1742 1458 ostendimus,
1751 1433 1826 1462 legem
1834 1433 1925 1460 tulerit,
1937 1440 1964 1457 ut

1194 1470 1250 1486 cum
1262 1462 1380 1493 equitibus
1393 1461 1507 1485 senatores
1519 1463 1567 1492 pari
1579 1463 1900 1490 numerojudiciatrastatenr.
1916 1467 1962 1488 Re-

1195 1493 1350 1524 spondemus:
1364 1499 1491 1524 utrumque
1498 1501 1579 1516 verum
1585 1493 1629 1517 esse
1637 1511 1643 1520 ‚
1650 1495 1674 1516 δι
1682 1494 1732 1523 lege
1739 1495 1811 1517 Plotia
1818 1495 1922 1525 primum
1930 1497 1964 1519 ie-

1194 1531 1285 1548 natores
1297 1532 1351 1548 cum
1358 1524 1477 1556 equitibus
1484 1523 1601 1553 judicasse,
1615 1525 1638 1547 &
1648 1526 1748 1548 Dru-ilum
1756 1532 1832 1549 tamen
1839 1533 1890 1550 ante
1898 1533 1964 1558 roga-

1194 1556 1286 1579 tionem
1297 1555 1372 1580 tuliss'e
1380 1572 1385 1582 ,
1399 1562 1424 1579 ut
1436 1563 1490 1579 cum
1497 1556 1617 1587 equitibus
1624 1554 1735 1579 senatores
1743 1557 1877 1583 iudicarent.
1892 1566 1962 1587 natu,

1193 1587 1232 1611 etsi
1240 1588 1292 1616 lege
1300 1587 1402 1611 Drnfiita
1410 1586 1520 1610 sancitum
1527 1587 1559 1610 est
1567 1595 1572 1609 ε
1579 1594 1656 1610 tamen
1665 1605 1670 1614 ‚
1678 1588 1743 1618 quod
1751 1596 1775 1611 ea
1783 1589 1818 1611 lex
1827 1589 1885 1617 jussit
1893 1606 1900 1616 ,
1909 1598 1962 1621 pro-

1195 1626 1268 1649 pterea
1276 1619 1363 1642 nonest
1370 1618 1516 1641 observatum
1524 1636 1530 1644 ‚
1539 1618 1603 1649 quod
1611 1626 1639 1641 eo
1647 1618 1696 1649 ipso
1703 1626 1764 1642 anno
1772 1622 1797 1643 L.
1807 1621 1905 1643 Marcius
1912 1622 1963 1645 Phi-

1193 1651 1270 1681 lippus
1276 1649 1357 1673 consnl
1364 1666 1370 1676 ,
1384 1650 1494 1672 inimicus
1501 1649 1566 1672 Drufi
1574 1667 1579 1675 ,
1588 1648 1710 1673 obtinuit}
1717 1649 1794 1674 senatu
1802 1667 1808 1677 ‚
1817 1652 1908 1682 utleges
1914 1653 1962 1681 ejus

1193 1689 1278 1705 omnes
1288 1689 1336 1704 uno
1343 1684 1363 1704 S.
1371 1684 1398 1705 C.
1406 1681 1556 1704 tollerentur:
1568 1682 1647 1713 iraque
1654 1681 1771 1705 decretum
1779 1682 1810 1706 est
1817 1699 1824 1710 ,
1839 1690 1917 1707 contra
1924 1692 1963 1708 au-

1194 1712 1262 1743 spicia
1274 1712 1317 1737 effe
1330 1713 1383 1736 latas
1391 1729 1397 1740 ‚
1411 1720 1487 1744 neque
1494 1713 1522 1736 iis
1529 1714 1643 1744 populum
1650 1714 1723 1737 teneri
1730 1713 1775 1737 hoc
1783 1721 1833 1737 rum
1841 1713 1852 1737 a
1861 1715 1961 1739 Pediano

1194 1745 1220 1768 in
1229 1745 1401 1769 commentario
1413 1745 1558 1768 Corneliana:
1566 1761 1573 1771 ‚
1586 1745 1657 1768 tuma
1664 1746 1779 1769 Cicerone
1786 1746 1810 1769 in
1817 1745 1859 1769 lib.
1868 1747 1896 1770 de
1902 1747 1963 1778 legi-

1194 1775 1236 1799 bus
1242 1779 1270 1799 11.
1278 1777 1336 1800 &in
1343 1776 1449 1800 oratione
1454 1783 1497 1807 pro
1505 1775 1580 1799 domo
1588 1774 1623 1799 sua
1631 1776 1750 1807 proditum
1759 1776 1797 1800 esi.
1804 1784 1830 1800 ut
1836 1779 1945 1802 omittam
1951 1796 1961 1806 ‚

1192 1807 1258 1838 quod
1270 1808 1295 1830 in
1305 1807 1544 1839 Appianinotavimus
1553 1806 1657 1834 historia,
1671 1808 1773 1838 equites,
1785 1807 1859 1831 Druso
1867 1809 1962 1834 interfe-

1191 1839 1230 1861 sto
1236 1854 1242 1864 ‚
1258 1838 1311 1869 lege
1318 1838 1412 1861 Gracchi
1420 1837 1525 1865 judicasti:
1532 1837 1560 1860 de
1567 1838 1596 1860 iis
1603 1854 1609 1865 ‚
1625 1845 1726 1870 quotum
1734 1839 1791 1862 dolo
1798 1840 1861 1863 malo
1869 1841 1960 1865 bellum

1189 1869 1296 1892 Italicum
1309 1868 1353 1893 else
1366 1875 1517 1892 commotum
1524 1869 1650 1896 diceretur,
1665 1870 1772 1902 idqueex
1779 1871 1875 1903 ealege,
1888 1880 1960 1903 quam

1191 1900 1220 1924 de
1226 1900 1340 1928 majestate
1348 1902 1464 1932 QVarius
1470 1899 1576 1923 tribunus
1584 1900 1657 1931 plebis
1663 1909 1692 1924 eo
1700 1909 1761 1925 anno
1768 1910 1865 1933 rogavit.
1879 1911 1927 1934 quo
1935 1905 1961 1928 in

1191 1933 1291 1955 nomine
1299 1932 1404 1955 mendosi
1412 1931 1463 1955 sunt
1471 1932 1488 1955 ii
1496 1948 1503 1957 ‚
1511 1932 1552 1962 qui
1560 1938 1619 1962 typis
1626 1933 1728 1964 impressi
1737 1941 1836 1957 veneunt
1843 1951 1849 1961 ,
1861 1937 1961 1967 Appiani

1191 1963 1255 1987 libri.
1263 1971 1317 1987 nam
1326 1980 1331 1990 ‚
1340 1971 1382 1995 pro
1391 1964 1506 1994 QVarius
1513 1979 1519 1989 ,
1527 1962 1611 1986 habent
1619 1965 1773 1997 anlerius:
1786 1973 1839 1989 curn
1847 1966 1924 1997 legem
1932 1968 1962 1990 il-

1191 1995 1238 2018 lam
1252 1995 1280 2018 de
1293 1995 1406 2022 majestate
1414 2002 1463 2018 non
1471 1993 1483 2017 a
1492 1995 1582 2018 Valerio
1589 2012 1596 2021 ,
1609 1995 1647 2018 sed
1655 2004 1668 2018 a
1677 1997 1743 2019 Vario
1750 1997 1818 2020 latam
1826 1997 1869 2021 ess‘e
1877 2015 1883 2024 ,
1897 1999 1963 2022 Vale.

1192 2027 1252 2054 rius,
1267 2027 1352 2049 Cicero
1359 2034 1402 2057 pro
1411 2029 1438 2049 C.
1445 2027 1560 2049 Cornelio
1569 2043 1575 2052 ,
1582 2027 1637 2050 &in
1645 2029 1715 2050 Bruto
1724 2045 1730 2054 ‚
1737 2029 1761 2051 ὃ(
1769 2029 1880 2053 Pedianus
1887 2029 1962 2054 decla—

1190 2064 1249 2081 rent.
1268 2058 1343 2081 Venio
1357 2057 1518 2088 nuncadleges
1526 2056 1597 2088 ipsas,
1610 2061 1698 2089 quasX.
1707 2060 1836 2087 nominavi,
1853 2063 1962 2093 Sempro.

1191 2090 1399 2115 niam,5etviliam‚
1407 2089 1620 2116 Liviam.1³1otiam,
1629 2091 1774 2118 Corneliam,
1782 2092 1905 2118 Vatiniam,
1913 2097 1963 2118 Au-

1191 2121 1271 2144 reliam
1279 2138 1286 2146 ,
1294 2120 1428 2151 Pompejam
1436 2136 1442 2146 ‚
1449 2120 1543 2151 Juliam‚
1552 2121 1680 2144 Antoniam
1689 2123 1787 2154 :quibus
1794 2123 1823 2146 de
1829 2123 1924 2155 lingulis
1930 2126 1962 2150 ita

1190 2151 1260 2175 nobis
1267 2151 1298 2175 est
1304 2151 1429 2182 agendum,
1440 2158 1473 2178 ut,
1480 2158 1614 2182 temporum
1622 2153 1713 2177 ratione
1721 2153 1811 2181 servata,
1818 2156 1891 2186 prima
1900 2164 1961 2187 qua:-

1191 2190 1236 2214 que
1248 2182 1406 2213 cognoscatur.
1424 2186 1485 2206 Ante
1497 2185 1526 2206 C.
1538 2185 1671 2214 Sempronii
1680 2185 1775 2209 Gracchi
1783 2187 1880 2210 altemm
1888 2188 1961 2212 tribu-

1190 2221 1269 2238 natum
1277 2215 1320 2238 soli
1328 2214 1450 2240 senatores,
1457 2214 1612 2242 vetustiffima,
1620 2217 1746 2247 mopinot,
1753 2217 1852 2241 Romuli
1860 2219 1960 2249 lege‚1'u-

1189 2246 1302 2269 dicabant.
1309 2246 1422 2269 Gracchus
1429 2245 1534 2269 tribunus
1541 2246 1616 2276 plebis
1622 2249 1667 2270 Cn.
1677 2249 1786 2272 Domitio
1795 2249 1958 2278 Ahenobarbo,

1189 2278 1309 2301 C.Fannio
1318 2279 1409 2309 Nepote
1415 2276 1470 2301 coss.
1476 2278 1554 2308 legem
1563 2279 1695 2310 tulir,quam
1703 2281 1780 2310 paucis
1787 2287 1838 2304 ante
1845 2283 1909 2305 annis
1914 2281 1958 2305 fra-

1188 2316 1222 2332 ter
1234 2309 1282 2337 ejus
1292 2308 1401 2332 Tiberius
1407 2309 1465 2332 ferre
1472 2315 1567 2332 conatus
1574 2316 1634 2337 erat,
1646 2317 1670 2333 ut
1677 2312 1766 2342 equites
1774 2311 1817 2335 soli
1825 2313 1958 2340 iudicarent.

1189 2340 1219 2367 sic
1226 2341 1291 2367 enim
1297 2347 1377 2367 contra
1383 2348 1455 2373 quam
1461 2341 1592 2366 Plutarchus
1598 2341 1703 2374 prodidit
1705 2350 1742 2371 ,ex
1749 2344 1957 2374 Velleio,1¹ediano,

1851 2376 1958 2407 Appiano
