2075 2734
386 105 443 132 450
679 84 1680 122 ANTrQurrATumRoMAuAnuMLrn.VI.

429 141 473 168 Ne
493 147 525 165 ue
541 135 606 164 verb
621 144 717 164 omnes
731 132 823 172 populi
837 138 985 160 conventus
995 131 1101 160 >comitia
1116 131 1188 159 dieta
1202 131 1310 160 fuerunt
1320 151 1327 163 ‚
1354 130 1397 158 sed
1409 131 1428 158 ii
1441 128 1565 162 tantum,
1593 131 1639 167 qui
1651 131 1825 160 ferendorum
1840 133 1874 162 de
1887 134 1973 172 aliqua

388 147 604 215 reffiff‘iagiomm
620 173 694 201 causa
707 173 875 201 haberentur.
902 170 1019 206 Qando
1031 169 1096 198 vero
1110 169 1236 197 ludorum
1246 191 1254 202 ‚
1274 169 1316 198 vel
1330 168 1421 198 census
1437 168 1536 206 gratia,
1554 167 1690 196 universus
1704 171 1831 207 populuS,
1852 173 1891 200 uti
1904 171 1972 210 saepe

390 215 486 245 fiebat,
507 213 675 244 conveniret,
694 209 796 238 comitia
810 219 866 237 non
882 207 997 237 fuerunt.

429 257 526 280 Genera
539 249 695 277 somniorum
707 270 714 281 ,
741 257 836 277 eomrn
851 246 949 275 scilicet
963 268 971 280 ,
997 255 1054 284 quae
1068 247 1176 283 proprie
1191 245 1224 272 fic
1238 247 1308 274 dieta
1322 246 1381 275 sunt
1395 265 1402 275 ,
1431 244 1506 273 fuiffe
1520 244 1575 272 tria
1584 266 1591 278 ‚
1611 243 1727 277 curiata,
1753 246 1909 280 centuriam,
1929 247 1972 281 ἐς

389 291 486 321 tributa
508 291 577 316 inter
597 297 692 316 omnes
716 286 851 315 convenit.
891 285 973 322 Qod
994 285 1112 322 Agellum
1126 284 1170 312 lib.
1184 294 1225 319 15.
1240 284 1326 320 capite
1338 294 1380 320 27.
1393 292 1427 310 ex
1440 283 1512 310 Laelio
1527 283 1604 311 Felice
1618 282 1701 311 refert
1711 304 1718 315 ‚
1743 284 1778 311 de
1787 284 1892 312 comitiis
1906 287 1973 314 cala.

391 329 440 357 tis.-
460 338 489 355 ea
508 327 649 362 proprium
672 328 697 354 ὃ(
718 323 850 361 peculiare
870 331 954 360 genus
974 332 1029 350 non
1048 322 1177 349 efficiunt.
1220 323 1337 349 Fuerunt
1357 322 1431 349 enim
1446 320 1568 357 primum
1582 322 1676 350 omnia
1690 319 1793 348 comitia
1807 322 1888 350 calata
1902 324 1973 352 dieta

392 366 484 403 (quod
504 365 578 391 idem
604 364 686 391 etiam
707 364 817 391 innuere
832 362 937 389 videtur
952 382 959 393 ,
985 361 1107 397 inquiens
1121 380 1127 392 ‚
1153 358 1292 387 calcatorum
1305 358 1357 386 alin
1370 359 1445 387 fuiffe
1457 358 1558 387 curiata
1572 380 1579 390 ,
1607 359 1656 387 alia
1668 359 1832 396 centuriata)
1850 358 1863 387 ὲ
1877 362 1972 390 Graeco

393 404 477 432 verbo
493 409 580 433 καλέω,
601 402 673 438 quod
687 410 741 428 voco
755 399 884 436 fignificat
900 407 907 424 ε
932 399 1004 426 unde
1018 398 1129 426 vetustas
1142 398 1213 425 rudis
1228 397 1309 424 calare
1324 397 1410 428 dixit,
1433 398 1526 425 Latina
1543 396 1632 425 forma
1642 418 1649 429 ,
1670 406 1720 434 pro
1733 406 1820 424 vocare
1834 409 1842 423 :
1867 396 1911 426 fied
1924 408 1973 435 po-

392 442 445 469 stea
465 439 527 468 cum
548 440 575 466 in
595 439 640 467 ussi
659 438 711 466 hoc
731 438 843 466 verbum
864 435 914 463 esse
933 436 1044 464 defiiffet
1058 456 1065 467 ,
1091 441 1228 463 retentum
1248 436 1285 463 est
1305 444 1407 462 nornen
1424 435 1563 462 calatorum
1580 435 1739 463 comitiorum
1759 436 1788 462 in
1799 434 1839 462 his
1851 435 1974 469 tantum,

392 489 449 517 quae
464 487 514 515 pro
529 476 644 515 collegio
658 477 817 513 pontificum
832 473 995 503 habebantur
1010 494 1019 505 ,
1046 472 1089 502 vel
1101 474 1323 501 testamentorum
1338 473 1541 501 condendorum
1556 474 1629 501 causti
1642 473 1753 501 fiebant:
1774 473 1854 510 idque
1868 474 1975 512 religio-

395 518 435 545 nis
449 515 587 552 cujusdam
604 518 629 543 ὃς
644 515 807 552 antiquitatis
820 513 932 540 ratione.
964 514 1006 540 De
1020 512 1105 548 priori
1120 510 1193 539 caufit
1208 512 1325 548 loquitur
1338 511 1428 538 Laeluu
1441 511 1513 538 Felix
1527 512 1596 548 apud
1614 511 1742 549 Agellrum
1756 510 1801 538 lib.
1813 522 1854 547 15.
1868 521 1924 549 cap.
1933 523 1974 549 27.

395 556 519 592 inquiens
533 575 539 585 ,
565 553 647 580 calam
672 551 774 580 comnia
800 552 850 578 esse
864 571 871 581 ‚
898 559 955 586 quae
974 560 1023 593 pro
1043 550 1157 586 collegio
1170 548 1316 588 pontificum
1336 556 1381 576 aut
1399 548 1463 586 regis
1476 550 1606 583 fimorum
1620 570 1626 581 ,
1652 557 1695 576 aut
1709 547 1848 588 flammam
1867 559 1976 587 inaugu-
2013 572 2016 573 ν

395 593 542 622 sanderum
559 590 632 619 causti
643 590 810 618 haberentur.
845 589 889 615 De
903 588 1043 625 posteriori
1056 596 1147 616 autem
1162 586 1309 622 Theophilus
1321 587 1408 616 «lustin
1421 587 1501 616 lib.2.
1514 587 1548 615 fic
1561 586 1662 615 scribit:
1683 588 1747 615 Duo
1760 595 1835 614 erant
1847 589 1916 625 apud
1930 598 1976 616 ve-

394 639 463 660 teres
484 630 706 657 testamentorum
725 636 844 666 genera5
865 635 964 658 unum,
985 626 1057 663 quod
1076 624 1165 653 calatis
1185 625 1290 653 comitiis
1310 624 1388 653 fiebat
1403 645 1410 656 ‚
1429 627 1457 654 &
1476 625 1626 653 dicebatur:
1646 623 1774 656 alterum,
1792 626 1862 664 quod
1878 626 1906 653 in
1918 634 1976 659 pro-

393 670 486 697 ernau.
527 668 731 695 Testamentum
749 664 839 693 calatis
851 663 957 691 comitiis
968 685 976 697 ‚
1002 672 1127 700 tempore
1141 664 1212 700 pacis
1228 663 1305 692 tiebat
1317 663 1358 691 bis
1371 664 1398 690 in
1412 672 1483 690 anno
1497 683 1504 695 ‚
1530 662 1582 690 hoc
1595 663 1680 690 modo
1693 674 1698 690 :
1725 663 1816 691 Praeco
1826 663 1976 692 universam

395 706 555 735 circumibat
573 705 711 733 civitatem
722 725 731 739 ,
751 702 880 741 populum
897 711 1049 730 convocans
1063 712 1070 729 z
1089 712 1120 731 ac
1133 710 1193 730 tum
1206 703 1251 739 qui
1265 703 1455 729 testamentum
1469 701 1586 729 condere
1598 700 1718 732 volebat,
1739 701 1768 728 in
1783 703 1913 730 concione
1925 711 1976 738 po-

395 747 450 784 puli
464 765 472 776 ‚
499 742 556 779 ipso
576 743 640 771 teste
653 743 754 780 populo
767 762 775 774 ,
802 739 981 779 testamentum
993 740 1132 768 scribebat.
1173 741 1213 768 Ex
1228 750 1282 777 quo
1295 740 1376 769 etiam
1391 740 1495 767 dietum
1510 740 1547 767 est
1560 737 1648 767 calatis
1661 736 1770 766 comitiis
1781 749 1789 764 :
1814 748 1877 766 nam
1891 740 1977 768 calare

397 784 433 811 est
453 791 561 811 vocare:
581 780 684 808 camina
698 779 763 809 vero
777 779 870 817 populi
883 779 1065 817 congregatio.
1104 779 1242 816 Qonian]
1257 780 1339 816 igitur
1353 780 1442 807 vocati
1455 776 1697 817 congregabantur,
1717 775 1877 813 appellatum
1893 778 1930 806 est
1940 786 1978 806 te-

388 820 548 860 stamentum
561 816 650 848 calatis
662 817 780 848 comitiis.
796 820 861 846 Haec
873 817 925 845 ille.
1250 845 1263 849 ,

1094 904 1118 931 C
1141 913 1157 931 Α
1179 912 1205 931 r.
1241 903 1283 931 11.

828 978 919 1028 Quid
926 978 990 1024 fint
1003 981 1128 1012 comitia
1142 981 1281 1022 curiata,
1309 983 1346 1020 ὠ·
1359 977 1435 1027 quid
1447 980 1545 1014 curiae.

397 1070 486 1132 De
503 1067 609 1096 curiatis
628 1065 749 1098 comitiis,
769 1064 844 1102 quod
865 1074 894 1093 ea
915 1066 1041 1093 omnium
1060 1066 1148 1101 prima
1166 1064 1229 1097 sint,
1249 1066 1340 1102 primo
1361 1066 1445 1103 ezian2
1455 1063 1518 1092 loco
1529 1063 1673 1091 dicendum
1687 1065 1738 1092 effe
1750 1065 1874 1093 arbitror.
1913 1065 1981 1093 Fue-

492 1116 553 1135 runt
574 1115 639 1143 ergo
657 1104 755 1132 curiata
768 1102 867 1130 comitia
878 1123 885 1132 ,
912 1104 939 1130 in
953 1103 1047 1140 quibus
1061 1102 1174 1139 populus
1186 1102 1305 1130 cummim
1318 1102 1470 1141 suffragium
1485 1101 1589 1130 dicebat
1603 1112 1608 1128 :
1635 1101 1686 1130 hoc
1701 1104 1738 1131 est
1748 1123 1756 1134 ‚
1784 1104 1811 1130 in
1824 1102 1917 1139 quibus
1930 1111 1981 1138 po-

399 1146 455 1182 Puli
473 1154 521 1181 per
535 1145 617 1171 curias
630 1142 704 1170 divisi
717 1141 844 1168 sententia
860 1140 1017 1177 rogabatur,
1036 1149 1067 1168 ut
1081 1141 1153 1177 quod
1168 1140 1255 1177 plures
1268 1141 1345 1168 curiae
1358 1140 1516 1172 statuissent,
1536 1140 1562 1167 id
1574 1139 1671 1175 jussum
1680 1139 1773 1177 populi
1781 1140 1830 1167 esse
1837 1141 1979 1172 diceretur.

398 1184 494 1211 :Laelius
517 1183 589 1209 Felix
609 1182 678 1217 apud
700 1179 828 1217 Agellium
849 1178 894 1206 lib.
908 1189 948 1214 ις.
960 1188 1018 1215 cap.
1034 1188 1077 1214 27.
1096 1177 1142 1205 ubi
1155 1178 1299 1205 discrimen
1312 1179 1381 1206 inter
1393 1178 1493 1205 curiata
1506 1198 1515 1209 ,
1541 1184 1682 1205 centuriata
1697 1200 1703 1210 ‚
1732 1180 1758 1206 ὅ(
1771 1178 1866 1205 tributa
1879 1177 1980 1205 comitia

398 1220 531 1251 recenset,
553 1220 633 1250 dicit,
653 1217 716 1245 cum
731 1227 763 1244 ex
776 1217 918 1253 generibus
932 1218 1059 1244 omniurn
1071 1215 1225 1252 suffragium
1241 1216 1353 1248 feratur,
1372 1215 1470 1243 curiata
1483 1214 1585 1242 comitia
1600 1215 1658 1243 effe.
1692 1216 1774 1252 Qiod
1787 1224 1817 1243 ut
1828 1216 1924 1243 melius
1939 1217 1979 1243 in-

402 1259 551 1295 telligatur,
571 1257 604 1286 de
617 1255 706 1287 curin,
727 1256 797 1282 unde
810 1255 864 1283 haec
876 1254 974 1282 comnia
989 1263 1092 1282 nomen
1104 1261 1256 1286 traxerunt,
1275 1253 1356 1282 verba
1367 1253 1486 1282 facienda
1498 1252 1567 1281 fimt-

439 1301 547 1323 Curmm
567 1294 581 1321 ἐι
599 1303 660 1323 cura
674 1293 774 1321 didiam
789 1314 797 1325 ,
822 1293 893 1322 testis
906 1294 941 1320 est
953 1293 1023 1330 apud
1039 1292 1163 1319 nonium
1180 1295 1256 1319 Varro
1269 1291 1337 1319 libro
1349 1302 1373 1320 2.
1388 1293 1421 1320 de
1435 1292 1488 1319 vita
1501 1300 1565 1328 pop.
1578 1291 1696 1318 Roman.
1735 1292 1803 1318 Tres
1815 1297 1905 1318 autem
1920 1290 1980 1320 sunt

400 1334 605 1371 significationes
625 1334 698 1360 vocis
717 1341 787 1358 curm
801 1353 807 1361 ,
834 1340 947 1368 quarum
967 1334 994 1358 in
1014 1330 1121 1358 historia
1135 1331 1260 1357 Romana
1272 1330 1303 1357 fit
1315 1331 1428 1358 mentio.
1468 1329 1558 1356 Prima
1570 1329 1606 1356 est
1618 1348 1625 1360 ,
1652 1327 1725 1366 quod
1737 1328 1877 1363 curiaefimt
1890 1328 1981 1367 rugin-

399 1382 431 1399 sa
459 1372 504 1399 illa
525 1380 612 1405 parter
627 1391 633 1400 ,
660 1371 687 1397 in
706 1379 769 1405 quas
787 1369 915 1405 populum
938 1368 1070 1396 Romulus
1089 1367 1237 1399 distribuit5
1263 1367 1363 1398 altera,
1388 1367 1460 1404 quod
1479 1367 1624 1404 fignificant
1643 1368 1719 1398 fimas
1737 1365 1792 1394 illas
1811 1367 1891 1398 ades,
1917 1376 1981 1404 quas

400 1409 506 1447 fingulae
526 1410 619 1435 harum
641 1409 751 1445 triginta
769 1408 887 1442 partium
908 1407 1055 1434 habuerunt
1067 1426 1074 1437 ,
1103 1408 1129 1434 &
1149 1407 1176 1433 in
1197 1405 1291 1442 quibus
1303 1405 1374 1433 ficra
1387 1406 1428 1433 sua
1442 1414 1609 1442 peregerunt.
1649 1406 1722 1442 Qas
1734 1406 1854 1442 primum
1869 1405 1979 1441 quidem

401 1459 414 1475 a
435 1447 556 1475 Romulo
577 1448 605 1473 in
625 1454 720 1472 munte
743 1444 861 1472 Palatino
882 1445 1017 1476 conditam,
1040 1445 1179 1481 veterejfiqtee
1197 1443 1354 1480 appellatas:
1376 1445 1464 1481 postea
1484 1453 1548 1470 vero
1567 1443 1684 1471 nimium
1704 1443 1782 1470 aucto
1800 1443 1901 1479 populo
1913 1463 1921 1474 ,
1939 1453 1982 1469 no·

401 1495 445 1513 vas
459 1493 531 1519 prope
550 1482 683 1517 compitum
703 1480 810 1509 Fabrrcit
828 1483 968 1510 :cdifitams
987 1482 1062 1509 firiffe
1081 1480 1166 1518 festus
1186 1482 1273 1509 docet.
1313 1483 1408 1509 Tertio
1427 1481 1485 1508 sunt
1504 1481 1587 1508 etiam
1606 1479 1677 1506 curia
1697 1481 1773 1507 dietae
1790 1481 1857 1507 ardes
1869 1479 1933 1512 illae,
1952 1482 1981 1509 in

401 1522 496 1559 quibus
517 1521 618 1548 senatus
638 1521 673 1547 e'st
694 1519 805 1547 habitus.
845 1521 887 1547 De
908 1521 1020 1547 secunda
1042 1521 1067 1547 ὃς
1089 1520 1166 1546 tertia
1186 1519 1376 1556 significatione
1394 1522 1470 1547 Varro
1489 1516 1534 1545 lib.
1548 1528 1575 1554 4.
1596 1518 1629 1545 de
1650 1517 1715 1555 ling.
1731 1518 1817 1546 Latin.
1829 1518 1864 1546 fic
1875 1517 1978 1545 scribit:

401 1559 482 1587 Curiae
501 1559 610 1586 duorum
627 1567 749 1596 generum
768 1557 846 1584 sunt:
867 1567 930 1585 nam
951 1560 977 1586 ἃ
998 1557 1041 1584 ubi
1061 1566 1183 1584 curarent
1193 1557 1334 1591 Jncerdores
1352 1567 1393 1584 res
1412 1557 1514 1584 divinas
1528 1577 1535 1587 ,
1555 1563 1584 1583 ut
1605 1557 1681 1583 curiae
1699 1563 1814 1583 veteres:
1838 1558 1864 1584 &t
1884 1556 1928 1582 ubi
1939 1557 1980 1589 Je-

403 1607 480 1625 natm
499 1598 628 1625 humanas
641 1619 649 1629 ,
676 1604 706 1623 ut
726 1594 793 1622 curia
806 1594 913 1631 Hosttlm
927 1616 935 1627 ‚
960 1604 1040 1632 quam
1055 1595 1159 1630 primus
1171 1595 1311 1623 aedificavit
1325 1595 1451 1624 Hostilius
1465 1595 1534 1621 Rex.
1572 1592 1656 1630 festus
1669 1603 1748 1624 vero,
1768 1592 1860 1624 Curia,
1880 1594 1980 1630 inquit,

402 1636 477 1664 locus
496 1636 532 1663 est
546 1656 554 1666 ‚
582 1634 627 1662 ubi
647 1642 750 1661 tantum
771 1634 839 1660 ratio
858 1634 991 1661 sacrorum
1013 1633 1161 1669 gerebatur.
1201 1632 1284 1659 Curia
1302 1634 1384 1661 etiam
1403 1631 1577 1660 nominantur
1592 1651 1599 1662 ‚
1621 1631 1648 1658 in
1668 1631 1762 1668 quibus
1781 1630 1982 1668 uniuscujusque

403 1675 482 1712 partis
494 1672 587 1710 populi
604 1673 723 1700 Romani
739 1671 801 1708 quid
816 1673 918 1708 geritur
931 1681 935 1697 z
962 1672 1050 1708 quales
1065 1670 1125 1698 sunt
1138 1680 1174 1697 eae
1188 1691 1195 1702 ‚
1221 1672 1248 1697 in
1262 1680 1325 1707 quas
1340 1670 1472 1698 Romulus
1482 1669 1612 1706 populum
1628 1669 1758 1697 distribuit
1771 1691 1778 1701 ,
1800 1678 1914 1696 numero
1933 1671 1980 1697 tri-

398 1715 477 1750 ginta
490 1733 498 1743 ‚
524 1719 553 1739 ut
573 1711 600 1737 in
619 1711 662 1738 sua
683 1709 791 1746 quisque
809 1711 879 1737 curia
900 1709 969 1736 ficra
988 1708 1091 1746 publiea
1111 1707 1209 1736 faceret
1222 1729 1229 1740 ‚
1251 1708 1379 1746 feriasque
1398 1708 1550 1736 observaret
1562 1728 1570 1739 ‚
1588 1706 1678 1744 hisque
1696 1705 1770 1734 curiis
1788 1706 1908 1744 singulis,
1929 1717 1980 1735 no-

403 1752 479 1779 mina
499 1759 596 1776 curtum
618 1750 628 1783 (
638 1756 682 1776 aut
696 1745 834 1785 curenfium
847 1768 854 1778 ,
882 1748 935 1775 sive
952 1745 1132 1781 curacenfium)
1152 1748 1288 1783 virginum
1310 1747 1435 1784 impofita
1451 1747 1501 1773 effe
1514 1746 1638 1773 dicuntur
1650 1765 1659 1777 ‚
1685 1754 1748 1781 quas
1762 1746 1877 1782 virgines
1892 1754 1978 1781 quon—

402 1799 466 1825 qam
481 1787 599 1815 Romani
613 1788 646 1814 de
660 1785 761 1812 Sabinis
774 1792 927 1821 rapuerunt.
946 1788 1009 1812 Haec
1021 1784 1073 1812 ille.
1093 1786 1135 1812 De
1149 1786 1236 1820 prima
1248 1785 1437 1822 fignificatione
1451 1784 1615 1818 Pomponius
1628 1784 1649 1810 1.
1664 1784 1696 1810 C.
1702 1782 1737 1821 ff
1751 1791 1826 1810 muso
1840 1793 1864 1809 2.
1879 1783 1896 1809 l.
1908 1793 1933 1809 2.
1946 1783 1978 1810 de

406 1825 511 1864 Origine
523 1824 605 1860 juris,
625 1823 728 1854 scribit,
751 1825 775 1851 ὅῑ
796 1823 928 1851 Halicarn.
948 1822 1023 1849 lib.2.
1047 1823 1092 1859 qui
1115 1823 1194 1849 etiam
1210 1823 1343 1860 originem
1356 1821 1498 1851 curiarum:
1520 1821 1547 1848 id
1560 1821 1611 1851 est,
1632 1821 1742 1858 triginta
1754 1820 1845 1856 populi
1859 1821 1977 1849 Romani

404 1866 520 1902 partium
534 1863 568 1890 fic
583 1862 665 1890 refert
678 1871 683 1887 ·.
712 1861 742 1887 In
758 1868 810 1887 tres
825 1869 926 1897 partes,
950 1861 1049 1897 inquit,
1071 1859 1151 1887 divisa
1164 1860 1283 1888 universa
1296 1860 1469 1889 multitudine
1479 1880 1488 1891 ,
1508 1858 1629 1885 Romulus
1644 1858 1749 1894 ungulis
1762 1859 1918 1894 praeclarum
1933 1859 1977 1886 ali-

403 1912 487 1940 quem
507 1902 594 1928 virum
614 1901 711 1928 ducem
731 1898 890 1934 praepoi'uit:
910 1900 1006 1925 deinde
1023 1907 1241 1934 unamquamque
1260 1898 1363 1927 rursum
1383 1900 1410 1925 in
1429 1899 1523 1925 decem
1542 1897 1666 1932 partitus,
1686 1897 1802 1923 totidem
1822 1896 1977 1924 fortiffimos

404 1943 476 1968 viros
496 1941 532 1967 eis
552 1939 682 1975 pracfecit:
704 1936 748 1964 has
766 1935 861 1967 curias,
882 1937 936 1964 illas
955 1934 1033 1962 tribas
1054 1936 1143 1963 vocari
1163 1935 1262 1968 voluit,
1284 1937 1348 1964 ficut
1361 1943 1490 1964 vocantur
1504 1936 1530 1962 ὃ(
1543 1934 1632 1962 hodie.
1673 1934 1707 1960 Et
1719 1934 1798 1970 paulo
1811 1936 1880 1971 post:
1901 1936 1978 1962 Sacra

404 1979 446 2005 sua
467 1978 597 2005 Romulus
617 1977 711 2012 cuique
728 1974 799 2001 curm
819 1976 930 2010 partitus
950 1974 986 2002 est
998 1994 1005 2004 ‚
1033 1974 1163 2011 affignatis
1181 1974 1209 2001 in
1229 1974 1338 2012 ungulas
1355 1972 1407 2001 dtis
1425 1973 1466 2006 ζῇ·
1484 1971 1629 1999 damonibus
1643 1992 1651 2004 ‚
1674 1981 1739 2009 quos
1759 1980 1889 2009 perpetuo
1908 1972 1978 1999 cole-

406 2024 465 2043 rent
478 2026 483 2042 :
504 2014 675 2050 stimptusque
689 2015 716 2040 in
731 2012 784 2040 bz’ec
799 2012 918 2040 attribuit
931 2022 962 2040 ex
974 2012 1065 2038 a-rario
1079 2011 1186 2047 publico
1199 2023 1204 2039 :
1225 2021 1281 2049 qux
1294 2013 1397 2049 quoties
1413 2010 1607 2038 celebrarentur
1619 2030 1627 2042 ,
1649 2011 1756 2037 aderant
1768 2010 1837 2037 curia
1852 2009 1902 2038 fiiis
1915 2011 1977 2038 vici-

407 2053 453 2080 bus
467 2074 474 2084 ,
501 2053 662 2089 epulumque
683 2051 774 2079 diebus
788 2049 857 2078 festis
870 2049 1033 2086 prxbebatur
1046 2049 1182 2077 curmlrbus
1197 2051 1242 2084 (id
1256 2051 1291 2078 est
1304 2070 1311 2082 ,-
1340 2052 1371 2078 iis
1385 2050 1429 2087 qui
1441 2056 1515 2076 erant
1530 2047 1649 2084 ejusdem
1664 2049 1740 2076 curie
1747 2049 1799 2083 >in
1811 2048 1870 2077 aula
1883 2049 1976 2084 cuique

407 2092 483 2117 eurise
503 2092 617 2126 propria.
653 2089 787 2118 HaCtenus
807 2087 942 2127 Dmmfius.
979 2092 1018 2114 De
1037 2098 1137 2114 numero
1157 2089 1238 2125 igitur
1259 2091 1284 2116 &
1305 2089 1392 2125 prima
1411 2086 1515 2124 origine
1535 2085 1662 2113 curiarum
1674 2105 1682 2117 ‚
1708 2087 1780 2123 quod
1800 2086 1908 2123 trtgima
1919 2094 1975 2114 tan-

403 2128 467 2155 ‘tum
489 2128 598 2159 fuerint,
621 2130 633 2154 ὲ
654 2127 776 2155 Romulo
790 2127 880 2162 primo
895 2130 1082 2153 Romanorum
1099 2127 1175 2162 Rege
1189 2126 1325 2158 institutae,
1345 2126 1470 2162 quodque
1483 2125 1503 2152 is
1515 2134 1642 2152 numerus
1653 2132 1783 2161 perpetuo
1798 2124 1877 2152 fuerit
1890 2130 1975 2150 reten-

407 2167 449 2192 tus
462 2185 469 2196 ‚
496 2174 588 2200 practer
609 2165 742 2201 Ascanium
758 2163 905 2191 Padianum
919 2165 1127 2192 Commentario
1144 2166 1171 2191 in
1188 2164 1324 2191 Ciceronis
1340 2165 1465 2190 Veri-inas
1480 2184 1486 2193 ‚
1512 2163 1556 2199 qui
1571 2172 1651 2189 curms
1663 2172 1725 2190 cum
1738 2161 1852 2189 tribubus
1865 2159 1974 2188 confun-

405 2202 460 2235 dit,
482 2206 507 2230 ἃ
529 2202 631 2229 easdem
649 2204 680 2230 ad
696 2204 805 2239 triginta
819 2203 935 2238 quinque
950 2211 1094 2229 numerum
1109 2202 1195 2229 auetas
1209 2201 1282 2228 fuiss'e
1295 2201 1423 2229 affirmat,
1446 2201 1563 2238 plerique
1578 2199 1755 2228 consentiunt.
1794 2201 1825 2226 ln
1838 2208 1870 2225 eo
1883 2205 1973 2225 autem

407 2241 555 2276 discrepant
575 2240 727 2275 stripmres,
748 2241 817 2268 unde
831 2240 942 2267 nomina
957 2250 1025 2266 curta
1039 2240 1196 2275 acceperint.
1224 2238 1316 2266 Limus
1329 2241 1401 2267 enim
1418 2242 1444 2267 ὃς
1460 2237 1542 2275 frstus
1555 2238 1677 2266 authores
1688 2237 1760 2269 sunt,
1782 2237 1913 2272 virginum
1930 2238 1974 2263 Sa-

407 2279 529 2307 binarum
543 2279 557 2304 ᾲ
573 2279 587 2302 Γ
598 2279 701 2304 omanis
715 2286 848 2314 raptarum
864 2279 975 2305 nomina
989 2279 1066 2305 curiis
1079 2278 1161 2304 indita
1176 2277 1234 2304 esse.
1262 2278 1350 2305 Verba
1363 2277 1431 2305 Liri!
1445 2277 1489 2304 lib.
1503 2287 1524 2303 1.
1540 2276 1645 2304 Decade
1664 2286 1683 2303 1.
1697 2274 1755 2302 sunt
1768 2274 1830 2300 haec.
1857 2274 1894 2300 lzx
1905 2273 1974 2301 bello

406 2315 462 2346 tam
477 2317 541 2344 tristi
558 2315 613 2341 lxta
629 2324 736 2353 repente
749 2324 798 2350 pax
813 2316 944 2343 chariores
957 2315 1062 2343 Sabinas
1077 2316 1138 2342 viris
1152 2325 1182 2343 ac
1197 2315 1360 2351 parentibus,
1382 2318 1407 2344 Ex
1422 2321 1483 2341 ante
1498 2323 1593 2341 ornnes
1607 2312 1710 2340 Romulo
1725 2311 1769 2347 ipfi
1784 2310 1852 2337 fecit.
1883 2311 1975 2347 Itaque

407 2365 465 2389 §tun
485 2353 612 2392 populum
634 2353 660 2378 in
672 2358 757 2378 ἰη-κιαι
777 2362 882 2388 ινζζιηω
902 2354 1032 2382 divideret
1051 2354 1162 2381 nomina
1181 2362 1274 2381 earum
1291 2353 1365 2380 curtis
1383 2353 1518 2390 imporuit.
1558 2352 1587 2380 Id
1601 2360 1656 2378 non
1670 2350 1781 2377 traditur
1795 2368 1802 2379 ,
1827 2349 1974 2414 cumdhabud

1205 2407 1222 2422 0
1901 2397 1928 2414 ‘u
1950 2398 1973 2415 ie
