2075 2734
389 113 444 149 746
680 105 1124 137 ANT1Q01TATUM
1163 103 1511 132 Romananun
1550 104 1683 133 LrnLX.

386 161 463 191 sunt,
484 157 589 186 addere.
616 155 707 184 Causae
720 165 765 184 cur
778 154 872 182 colonia
886 154 1096 186 deducerentur,
1117 152 1162 182 sex
1175 154 1343 190 potissimum
1362 154 1485 184 fuerunt:
1503 165 1569 186 una.
1589 162 1620 184 ut
1632 157 1734 193 priores
1746 159 1837 195 populi
1852 161 1898 197 qui
1910 172 1973 194 eum

387 197 480 226 locum
490 217 498 228 ,
519 197 547 224 in
561 205 642 233 quern
655 193 747 222 colonia
759 193 939 221 deducebatur
953 214 962 225 ‚
982 193 1164 221 inhabitarant
1176 213 1184 226 ‚
1205 195 1392 222 coercerentur
1405 204 1411 221 ι
1432 193 1528 226 altera,
1549 203 1578 222 ut
1591 193 1707 223 hostium
1720 196 1881 226 incurfiones
1894 204 1976 239 repri-

388 243 540 264 merentur:
561 232 640 261 tertia
650 252 658 262 ,
677 239 706 259 ut
720 233 795 268 stirps
809 239 950 268 augeretur
964 242 971 259 ·.
990 240 1099 271 quarm.
1123 238 1153 260 ut
1166 230 1239 268 plebs
1253 232 1351 260 urbana
1366 231 1548 260 exhauriretur
1562 243 1570 260 ι
1589 232 1699 271 quinta,
1721 242 1749 263 ut
1762 234 1903 268 seditiones
1919 242 1977 269 Ro-

387 283 476 302 manae
491 272 504 300 ὲ
518 272 595 309 plebe
611 278 691 299 motae
705 270 857 298 sedarentur
873 281 878 297 :
899 271 979 304 ftxta
992 290 1000 300 ,
1021 278 1051 299 ut
1063 270 1179 306 praemiis
1195 269 1293 298 milites
1308 272 1428 299 veterani
1442 271 1622 300 afficerentur.
1663 273 1828 311 Qacunque
1841 277 1922 313 igitur
1941 280 1974 308 de

387 312 462 341 causti
477 312 684 340 deducerentur,
697 307 905 344 finattcftorzfulto
919 319 986 346 opus
1000 308 1065 339 fuit,
1086 315 1131 335 aut
1144 309 1283 346 rogatione
1295 309 1381 346 aliqua
1393 308 1529 346 populari,
1550 319 1666 347 quorum
1680 318 1827 349 utrumque
1840 324 1895 343 uno
1910 317 1977 354 legis

387 351 502 379 nomine
518 347 756 384 comprehenditur
771 368 778 378 ‚
802 356 860 383 quae
871 347 914 373 lex
926 357 1030 385 agrarm
1042 345 1171 383 appellata
1185 348 1231 375 est.
1271 349 1335 375 Haec
1349 349 1377 375 &c
1390 357 1486 386 agrurn
1499 348 1621 376 definivit
1634 369 1642 380 ‚
1662 349 1708 385 qui
1722 349 1785 378 eslet
1803 351 1975 389 dividendus,

388 391 417 417 ὃς
431 388 539 424 quibus,
559 396 589 414 ac
623 386 683 413 uam
698 385 794 413 multis
808 385 978 417 hominibus,
1000 388 1026 414 &
1040 395 1087 422 per
1100 394 1167 422 quos
1180 406 1187 417 ,
1208 387 1234 413 δε
1248 386 1390 422 quomodo
1403 407 1412 417 ,
1433 388 1461 414 &
1475 386 1569 423 quibus
1583 385 1713 415 limitibus
1727 388 1789 415 effet
1802 389 1976 427 dividendus,

384 425 548 463 praescripfit.
588 425 662 451 Cum
676 425 767 461 itaque
779 424 812 452 de
826 423 918 451 colonia
931 424 1085 452 deducenda
1104 424 1137 451 ad
1152 423 1272 451 senatum
1287 432 1332 452 aut
1345 423 1476 461 populum
1491 424 1604 454 relatum
1620 425 1684 454 esset
1698 446 1705 457 ‚
1726 434 1785 454 tum
1800 428 1819 454 ii
1833 448 1841 458 ,
1860 431 1904 466 qui
1921 435 1975 469 agri

385 464 532 499 cupiditate
547 462 721 494 tenebantur,
741 463 855 490 nomina
869 463 896 490 in
911 462 1032 490 coloniam
1045 462 1152 490 dabant.
1193 461 1276 498 Qod
1290 462 1309 489 fi
1322 470 1367 491 aut
1381 462 1469 499 plures
1481 483 1487 493 ,
1506 470 1554 493 Vaut
1569 464 1720 500 pauciores,
1742 474 1822 501 quam
1840 467 1899 505 lege
1911 478 1976 505 prae.

384 502 514 538 scriptum
529 508 584 529 erat
599 501 712 528 nomina
726 501 753 528 in
767 499 887 528 coloniam
900 501 983 529 effent
993 500 1115 537 professi,
1137 508 1196 528 tum
1210 500 1244 527 ad
1258 500 1357 528 sortem
1375 500 1566 538 confugiebant
1576 522 1584 532 ‚
1602 509 1632 530 ut
1645 512 1677 530 ex
1691 503 1819 531 omnibus
1833 507 1976 537 educeren.

387 546 447 571 tur,
467 540 512 575 qui
527 548 593 577 agro
605 546 717 575 accepto
731 539 845 568 exirent.
883 542 1016 567 Numerus
1029 547 1120 567 autern
1133 538 1272 566 colonorum
1292 548 1341 575 pro
1359 540 1415 577 agri
1428 539 1603 575 amplitudine
1624 541 1651 568 in
1665 550 1747 578 quem
1761 542 1974 581 deducebantur,

385 577 642 615 scribebaturnquo
657 576 759 605 faCtum
773 578 824 610 est,
844 586 875 605 ut
888 577 974 606 modo
987 578 1063 610 bina,
1084 575 1172 605 mode>
1185 584 1276 609 terna,
1297 577 1383 606 modo
1399 585 1526 613 quaterna
1539 577 1637 610 millia,
1657 588 1736 616 atque
1748 580 1863 616 amplius
1878 582 1977 613 scribe-

385 623 487 643 rentur.
529 615 738 644 Deducebantur
751 624 843 644 autem
857 615 870 642 a
882 615 1043 648 triumviris,
1063 615 1105 643 vel
1120 614 1313 654 quinqueuiris.
1334 616 1376 644 vel
1386 615 1561 652 ftptemviriss
1584 616 1624 643 vel
1633 616 1795 648 decemviris.
1816 619 1858 647 vel
1872 622 1976 660 viginti-

383 653 461 685 τίκ-ἐπ,
481 655 528 691 qui
541 654 577 682 ob
593 653 646 682 hoc
661 655 742 682 creati
757 662 847 686 erant,
867 661 899 682 ut
911 654 989 682 lib.6.
1004 655 1139 686 diximus,
1162 653 1207 681 sub
1222 654 1334 686 vexillo,
1355 655 1425 693 quali
1440 655 1570 682 exercitus
1584 654 1685 691 aliquis.
1711 657 1773 684 Dux
1787 665 1878 686 autem
1893 662 1976 690 dedu.

385 692 484 720 §tionis
496 692 588 729 aliquis
603 690 616 720 ἐ
630 691 787 720 curatoribus
798 693 907 730 agrariis
922 702 986 721 erat.
1013 693 1094 730 Signa
1107 691 1263 720 cohortium
1278 702 1335 730 quae
1349 693 1461 726 fuerint,
1483 703 1515 720 ex
1529 694 1645 729 antiquis
1658 696 1780 721 nummis
1793 698 1975 733 cognoscitur.

386 730 441 757 Ubi
457 729 522 758 vero
536 730 626 757 colonos
641 732 668 758 in
685 732 768 767 agri5‚
790 740 844 768 quo
859 731 1008 760 deducendi
1020 738 1094 759 erant
1105 752 1112 762 ‚
1133 730 1296 758 collocarant
1309 753 1318 763 ‚
1339 740 1399 760 tum
1417 740 1504 760 aratro
1524 731 1619 759 urbem
1629 752 1636 763 ‚
1657 734 1683 760 &
1697 740 1794 769 agrum
1808 735 1974 766 circumscri-

385 767 498 801 bebant‚
519 777 573 805 quo
587 768 673 801 facto,
693 770 751 807 agri
763 768 937 799 divisionem,
956 779 987 798 ac
1002 769 1050 797 suae
1061 770 1156 805 cuique
1170 770 1250 805 partis
1263 770 1466 807 assignationem
1480 769 1711 808 aggrediebantur.
1732 772 1800 806 Quae
1812 775 1905 802 omnia
1917 776 1974 812 plu-

383 806 455 834 ribus
470 806 598 844 explicat,
619 809 645 836 ὃς
663 815 785 835 veterum
801 807 963 844 scriptorum
976 808 1136 837 testimoniis
1148 807 1245 844 probat
1259 808 1365 836 Carolus
1376 808 1489 848 Sigonius
1503 809 1563 837 libr.
1573 817 1598 836 2.
1619 808 1652 837 de
1666 809 1787 847 Antiquo
1800 810 1861 847 jure
1876 813 1972 848 Italiae,

383 853 409 872 c.
418 854 442 872 z.
456 855 488 873 ex
501 854 556 883 quo
566 845 622 873 haec
635 845 725 873 sumus
738 846 864 875 mutuati.
1248 851 1259 858 ⁸

1027 917 1051 944 C
1081 926 1097 944 Α
1126 927 1150 943 Ρ.
1194 916 1319 945 XXIV.

505 971 559 1004 De
574 971 727 1021 republica
744 972 932 1006 coloniarum
943 998 952 1014 ‚
977 973 1232 1019 municipiorum,
1253 971 1520 1020 profet‘lurarum‚
1547 979 1594 1008 (9⁴
1610 974 1855 1021 provinciarum.

381 1038 540 1100 Poteram
559 1041 622 1070 hinc
634 1044 665 1070 mi
681 1042 729 1070 alia
744 1042 868 1074 transire,
891 1042 937 1070 nisi
954 1041 1020 1069 nzihi
1034 1041 1309 1078 rerumpublicarum,
1331 1050 1388 1079 quae
1399 1043 1427 1070 in
1438 1041 1547 1074 coloniis,
1569 1039 1727 1074 municipiis,
1743 1040 1906 1077 pascebaris,
1919 1044 1972 1072 &c.

456 1079 579 1111 fuerunt,
600 1082 743 1119 descriptio
759 1081 894 1109 rideretur
911 1082 1097 1116 maximopere
1110 1081 1162 1108 effi:
1175 1080 1333 1108 necessaria:
1355 1089 1434 1117 quam
1444 1100 1451 1111 ,
1472 1089 1507 1107 ne
1520 1080 1547 1107 in
1560 1078 1601 1107 his
1615 1078 1688 1106 libris
1701 1079 1905 1112 defideraretur‚
1921 1081 1975 1111 hoc

380 1114 445 1144 loco
460 1117 574 1145 inserere
590 1119 662 1147 volui
679 1140 687 1151 ‚
706 1120 778 1157 quod
798 1127 826 1147 ut
841 1119 988 1148 benevolus
1008 1119 1093 1146 lector
1108 1117 1223 1155 benigne
1244 1119 1436 1154 interpretetur
1450 1139 1457 1150 ‚
1478 1120 1505 1146 δε
1519 1117 1584 1146 boni
1599 1125 1692 1145 meum
1709 1117 1824 1145 studium
1839 1119 1973 1153 consulat,

382 1154 560 1184 vehementer
573 1159 654 1185 etiam
670 1165 748 1194 atque
763 1159 844 1186 etiam
862 1167 939 1196 rogo.
980 1156 1161 1185 Desumemus
1173 1165 1263 1185 autem
1279 1160 1306 1186 &c
1319 1157 1416 1184 harum
1431 1165 1520 1185 rerum
1534 1155 1739 1193 explicationem
1753 1165 1787 1184 ex
1799 1157 1957 1185 doctissimis
1963 1178 1972 1191 ,

381 1191 528 1222 doc'tiffimi
540 1194 638 1232 sigonii
653 1197 865 1224 ‘Commentariis
875 1217 882 1228 ‚
903 1193 948 1234 qu'i
962 1195 1021 1224 libr.
1031 1206 1057 1225 2.
1069 1196 1102 1223 de
1116 1195 1234 1235 Antiqua
1247 1194 1320 1233 Jure
1332 1194 1425 1228 Italia,
1444 1196 1491 1224 ista
1503 1196 1596 1223 omnia
1609 1193 1756 1222 luculenter
1770 1197 1797 1223 &z
1812 1195 1916 1224 erudite
1929 1206 1975 1224 ex-

382 1233 469 1268 ponit.
497 1235 536 1260 Ac
551 1235 584 1260 de
597 1234 695 1261 coloniis
708 1234 840 1270 primum.

422 1269 584 1298 Coloniarum
599 1271 729 1306 respublica
747 1274 774 1300 in
788 1272 905 1310 legibus,
927 1274 954 1302 ἃ
970 1271 1061 1309 legum
1076 1272 1242 1300 curatoribus
1255 1272 1339 1309 posita
1354 1273 1400 1302 est.
1425 1277 1502 1310 Leges·
1522 1271 1564 1300 vel
1580 1270 1593 1299 ὲ
1606 1269 1708 1309 populo
1722 1272 1851 1299 Romano
1864 1281 1972 1309 accepe-
2000 1279 2007 1284 “

383 1315 458 1339 runt.
481 1308 523 1336 vel
536 1309 595 1346 ipsae
609 1310 655 1338 fibi
670 1320 718 1347 per
726 1312 863 1345 striatam,
884 1318 929 1339 aut
942 1310 1073 1348 populum
1089 1311 1282 1339 condiderunt:
1299 1314 1396 1350 Legum
1409 1320 1534 1339 curatores
1543 1318 1590 1339 aut
1600 1308 1762 1347 magistratus
1774 1330 1783 1341 ,
1807 1316 1853 1338 aut
1859 1311 1973 1345 socerdo-

380 1354 419 1373 tes
434 1345 553 1375 fuerunt:
574 1347 754 1377 humanarum
771 1349 823 1381 illi,
843 1350 871 1377 hi
884 1350 1046 1377 divinarum.
1064 1353 1141 1387 Leges
1153 1358 1244 1378 autern
1258 1349 1315 1377 suas
1329 1359 1442 1387 quaeque
1453 1348 1546 1377 colonia
1559 1348 1650 1376 habuit
1666 1349 1824 1384 praecipuas,
1843 1347 1857 1375 a
1869 1350 1972 1378 Roma-

379 1385 421 1412 nis
435 1385 546 1421 quidem
564 1386 667 1423 legibus
686 1387 816 1424 separatas
829 1409 836 1420 ‚
857 1387 900 1416 sed
916 1396 1009 1416 tamen
1030 1387 1044 1415 a
1059 1389 1191 1415 Romanis
1209 1387 1357 1416 triumviris
1370 1410 1378 1420 ,
1398 1389 1443 1425 qui
1457 1388 1594 1416 coloniam
1609 1387 1773 1415 deduxerant
1785 1405 1793 1416 ‚
1814 1386 1895 1415 datas.
1935 1388 1971 1416 Et

381 1430 477 1460 praeter
493 1433 549 1457 eas,
570 1424 631 1453 alias
643 1426 657 1453 a
671 1426 762 1453 colonio
776 1426 907 1457 concilio,
927 1426 979 1453 hoc
993 1426 1043 1456 est,
1057 1426 1152 1460 senatu
1164 1427 1318 1463 populoque
1332 1427 1379 1455 suo
1391 1426 1464 1455 latas.
1484 1430 1615 1454 Senatores
1627 1426 1655 1453 in
1667 1424 1781 1456 coloniis,
1803 1432 1832 1451 ut
1843 1426 1926 1454 etiam
1941 1427 1970 1455 in

383 1461 538 1497 municipiis
551 1461 693 1490 decuriones
709 1464 885 1494 vocabantur,
906 1473 965 1491 eam
979 1464 1013 1490 ob
1029 1464 1147 1494 cardam,
1168 1463 1242 1500 quod
1256 1464 1386 1498 Pomponio
1401 1465 1447 1492 IC.
1459 1463 1585 1494 authore,
1606 1464 1710 1490 decima
1723 1471 1783 1498 pars
1794 1471 1905 1492 eorum¹
1924 1465 1969 1501 qui

382 1498 599 1531 deducerentur,
633 1500 732 1536 publici
753 1501 855 1529 confilii
874 1502 958 1537 gratia
977 1501 1007 1528 fit
1033 1501 1108 1529 solita
1135 1501 1275 1529 conscribi.
1317 1504 1442 1537 Qorum
1462 1510 1591 1528 numerus
1616 1510 1649 1528 an
1675 1501 1702 1526 in
1722 1499 1849 1527 omnibus
1874 1501 1971 1528 colomis

383 1536 456 1563 idem
479 1535 573 1568 fuerit,
594 1537 668 1566 certo
688 1538 747 1566 sciri
766 1548 822 1566 non
841 1540 936 1574 potest.
975 1541 1037 1566 Hoc
1058 1539 1166 1575 quidem
1188 1548 1220 1566 ex
1242 1538 1323 1565 Plinio
1339 1540 1446 1575 juniore
1467 1538 1527 1566 satis
1544 1539 1659 1566 constat,
1680 1538 1706 1564 in
1727 1539 1758 1565 iis
1776 1537 1895 1574 legendis
1915 1549 1972 1567 non

382 1573 473 1604 aliter,
495 1582 575 1612 atque
594 1577 621 1603 in
642 1575 763 1603 senatore
784 1578 926 1607 Romano,
947 1576 1116 1604 observatum
1137 1577 1188 1604 effe
1207 1576 1330 1608 ccnlum‚
1352 1579 1397 1614 qui
1416 1577 1497 1604 fuerit
1518 1584 1627 1604 centum
1648 1575 1774 1602 millium.
1805 1580 1876 1612 Magi
1898 1586 1973 1604 raim

351 1626 355 1627 ν
383 1612 535 1639 coloniarum
556 1615 681 1650 praecipui
702 1622 775 1642 erant
794 1613 941 1645 duumviri,
961 1616 1066 1649 censores
1079 1635 1087 1646 ,
1107 1615 1186 1641 adiles
1198 1635 1205 1643 ,
1233 1617 1259 1643 ἓξ
1279 1614 1412 1653 quaslorec.
1450 1615 1644 1641 Duumrimtus
1665 1613 1831 1650 magistratus
1852 1623 1908 1642 erat
1925 1624 1971 1643 an.

385 1659 466 1680 nuus,
487 1653 690 1686 propemodum
710 1652 839 1689 potestate
858 1653 978 1686 confidam
993 1673 1000 1683 ,
1026 1659 1071 1679 aut
1091 1661 1168 1680 certae
1181 1661 1299 1686 pretoria
1319 1655 1388 1690 apud
1411 1655 1551 1679 Romanos
1570 1650 1695 1689 aequalis:
1723 1660 1839 1688 quorum
1860 1655 1972 1682 nomina

383 1688 410 1716 in
430 1689 545 1725 antiquis
564 1688 708 1726 lapidibus,
730 1693 757 1719 ὃς
777 1690 982 1718 numismatibus
1000 1699 1098 1718 extant.
1138 1691 1202 1718 Imo
1221 1694 1248 1719 ὃς
1269 1692 1359 1718 iterati
1375 1690 1559 1718 duumviratus
1571 1710 1580 1723 ,
1605 1698 1636 1718 ut
1655 1691 1724 1726 apud
1744 1691 1885 1718 Romanos
1906 1702 1970 1720 con-

383 1725 493 1758 sulatus,
516 1736 594 1755 notae.
635 1730 711 1767 Qs
731 1736 822 1756 tamen
841 1729 868 1756 in
887 1729 988 1765 aliquot
1005 1727 1117 1758 colomis,
1138 1738 1250 1766 quarum
1271 1731 1404 1757 memoria
1424 1730 1457 1757 ad
1477 1729 1594 1757 nostram
1614 1727 1696 1765 usque
1715 1735 1821 1756 aetatem
1841 1737 1970 1768 propaga-

385 1771 411 1791 ta
425 1765 461 1791 est
474 1785 483 1795 ,
503 1764 650 1793 triumviros
664 1776 771 1804 quoque
786 1767 860 1794 fuiffe
881 1768 908 1794 in
921 1767 1014 1793 colonia
1029 1765 1169 1793 Auximate
1183 1788 1190 1799 ‚
1211 1769 1238 1796 δε
1256 1767 1363 1805 Signina
1376 1789 1383 1799 ‚
1404 1778 1436 1797 ex
1449 1767 1577 1804 lapidibus
1593 1775 1715 1795 veterum
1729 1766 1846 1797 constat,
1873 1767 1971 1805 eosque

386 1803 408 1829 Ι.
418 1803 452 1830 D.
465 1802 517 1830 hoe
533 1804 569 1830 est
582 1804 647 1839 juris
660 1805 770 1832 dicundi
784 1805 856 1833 causa
872 1812 1087 1842 cognomentum
1103 1813 1134 1833 cx
1149 1805 1242 1833 officio
1256 1805 1385 1836 habuisse,
1405 1805 1543 1841 probabile
1557 1805 1601 1832 est.
1640 1806 1756 1838 Censores
1771 1805 1854 1831 etiam
1867 1798 1894 1833 in
1907 1805 1969 1833 colo-

383 1841 432 1867 niis
447 1841 533 1872 fuisse,
554 1843 635 1879 inque
649 1844 679 1870 iis
695 1843 804 1871 censum
820 1844 899 1880 egisse
914 1844 1025 1880 perinde
1038 1851 1119 1879 atque
1133 1844 1251 1870 Romani
1266 1844 1384 1878 cergsores,
1408 1845 1518 1873 Romam
1539 1852 1570 1870 ex
1585 1841 1674 1869 Livio.-
1693 1849 1722 1869 ut
1735 1842 1829 1869 itidem
1845 1844 1926 1872 addes
1940 1846 1968 1872 ἃ

382 1878 508 1917 ‹postor-es
520 1889 551 1907 ex
566 1882 747 1910 marmoribus
760 1882 875 1919 antiquis
889 1882 1000 1910 constat.
1042 1882 1076 1908 Et
1090 1880 1140 1909 hos
1153 1879 1315 1919 magistratus
1335 1882 1362 1909 in
1375 1879 1473 1908 coloniis
1486 1889 1611 1918 praetexta
1624 1879 1683 1908 urbs
1697 1879 1771 1908 fuiffe
1785 1881 1859 1908 idem
1873 1881 1968 1910 author

382 1919 483 1952 prodit.
1171 1949 1172 1956 ἵ

422 1956 563 1983 Sacerdotes
577 1957 659 1993 porro
693 1966 724 1986 ut
735 1968 842 1996 augures
855 1961 881 1988 ἃ
891 1958 1016 1994 pontifices
1032 1959 1059 1986 in
1072 1956 1169 1985 coloniis
1184 1965 1339 1995 cooptatos,
1359 1956 1485 1985 ciceronis
1501 1957 1612 1995 Agraria
1625 1955 1741 1983 testatur.
1775 1958 1818 1985 An
1832 1957 1898 1986 vero
1912 1967 1969 1986 cer.

388 2001 428 2022 tus
442 2003 568 2022 numerus
579 1996 739 2030 ficei-dotum
754 1997 848 2029 fuerit,
870 2007 902 2025 an
920 1994 984 2025 vc'ro
997 2007 1048 2034 pro
1060 1995 1152 2023 colonie
1172 1998 1357 2035 magnitudine
1377 1997 1517 2024 variaverit
1532 2017 1538 2027 ,
1559 2004 1652 2032 parum
1669 1994 1805 2031 explorata
1816 1997 1884 2032 apud
1898 1998 1966 2025 anti-

388 2040 455 2068 quos
469 2035 602 2061 memoria
616 2035 660 2062 est.
701 2036 784 2063 Fuere
798 2035 941 2072 &projecit
953 2036 980 2063 in
993 2035 1102 2064 colomis,
1125 2038 1151 2064 δε
1165 2037 1283 2072 praefecti
1294 2036 1349 2072 juri
1362 2036 1492 2063 dicundo:
1513 2035 1552 2062 uti
1564 2042 1623 2061 tum
1638 2043 1671 2061 ex
1687 2033 1889 2062 numismatibus
1901 2037 1970 2064 anti-

388 2070 446 2105 quis
459 2090 465 2100 ,
485 2078 543 2097 tum
558 2081 590 2099 ex
605 2073 715 2110 antiquo
721 2072 846 2111 fastorum
860 2074 1051 2109 municipalium
1068 2073 1225 2110 fragmento
1235 2096 1243 2107 ‚
1263 2075 1335 2112 quod
1356 2072 1487 2101 Hal-crtus
1501 2072 1621 2100 Goltzius
1642 2072 1759 2109 Augusto
1779 2071 1826 2100 suo
1838 2075 1965 2106 attexuit,

386 2107 496 2134 constat.
535 2109 631 2137 Praeter
645 2120 702 2141 eos,
724 2121 790 2148 quos
805 2113 890 2140 modo
903 2112 1097 2143 recensuimus,
1117 2111 1281 2150 magistratus
1292 2133 1300 2147 ,
1321 2114 1403 2141 ctiam
1412 2109 1515 2145 patroni
1527 2110 1681 2138 coloniarum
1695 2109 1817 2139 fuerunt:
1838 2112 1875 2140 ita
1888 2116 1968 2140 Bono-

385 2146 477 2179 menfts
491 2145 517 2171 in
536 2148 715 2176 Antoniorum
732 2149 852 2178 clientela
868 2150 941 2178 fuiss'e
955 2152 1046 2187 prodit
1059 2155 1192 2178 Suetonius
1205 2172 1212 2183 ‚
1234 2160 1263 2179 ut
1276 2151 1434 2178 Puteolanos
1455 2150 1483 2176 in
1497 2149 1647 2178 Caffiorum
1661 2169 1669 2181 ‚
1696 2148 1781 2176 Cicero
1795 2150 1919 2183 testatur,
1940 2153 1966 2180 δί

388 2183 548 2212 eorumdem
565 2186 635 2212 varia
648 2187 788 2224 amplaque
804 2189 829 2216 in
844 2189 976 2218 veteribus
992 2189 1172 2217 marmoribus
1185 2190 1292 2218 mentio
1305 2197 1386 2217 extat.

426 2227 618 2255 Municiprorum
645 2225 787 2260 republica
814 2236 870 2264 qus:
898 2228 977 2256 fuerit
988 2249 996 2260 ,
1028 2227 1139 2255 difficile
1163 2229 1200 2256 est
1227 2229 1326 2256 dicere.
1366 2226 1529 2255 Universum
1559 2233 1649 2255 autem
1674 2236 1756 2263 genus
1783 2233 1965 2264 temperatum

387 2260 423 2287 est
444 2269 476 2288 ex
495 2259 620 2287 omnibus
640 2270 722 2298 prope
744 2264 929 2300 rebuspublicis
944 2288 951 2299 ‚
986 2269 1012 2295 ἃ
1032 2275 1099 2302 pene
1123 2270 1252 2295 Romanae
1277 2265 1363 2294 limile
1382 2266 1486 2294 videtur
1506 2265 1589 2294 fuisse.
1630 2266 1737 2292 Ordines
1756 2264 1783 2291 in
1802 2263 1964 2299 municipiis,

386 2298 619 2335 quemadmodum
643 2301 737 2328 Rofflae
757 2301 864 2331 fuerunt
883 2312 936 2332 tres
949 2325 955 2336 ‚
975 2304 1135 2336 decuriones,
1155 2304 1265 2344 equites·
1287 2307 1314 2334 &
1328 2303 1404 2339 plebs.
1445 2304 1560 2332 Consilia
1579 2302 1684 2340 publica
1702 2304 1757 2330 duo
1771 2324 1778 2335 ,
1795 2305 1914 2339 senatus,
1938 2305 1966 2332 ὅτ.

380 2337 471 2377 popull-
513 2337 680 2378 Mssgistfflssus
695 2358 702 2369 ‚
731 2338 846 2366 Dlsslator
862 2361 870 2374 ‚
903 2343 1035 2370 duumviri
1045 2364 1054 2376 ‚
1081 2343 1243 2382 quatuorviri
1261 2365 1268 2376 ‚
1300 2343 1404 2378 cergsbres
1414 2363 1422 2377 ‚
1449 2342 1527 2370 adiles
1539 2364 1549 2376 ‚
1583 2344 1610 2370 ὃς.
1629 2340 1766 2381 questores.
1807 2341 1964 2374 Sacerdotes,

375 2373 494 2410 flamines
520 2375 739 2412 municipiorum.
787 2378 936 2407 Decuriones
961 2382 1046 2409 iidem
1073 2389 1148 2411 erant
1161 2402 1168 2414 ,
1201 2383 1248 2420 qui
1273 2384 1370 2410 Romae
1388 2382 1517 2417 Jerisitores
1528 2401 1537 2413 ,
1575 2381 1604 2408 in
1630 2382 1725 2418 quibus
1750 2379 1868 2417 legendis
1893 2378 1966 2406 sum-

1886 2426 1964 2446 niam
