2075 2734
339 94 398 125 944
656 86 1118 118 Auxiqutrlt'tu

1143 93 1165 113 n
1210 85 1581 130 Romananuw

490 177 638 220 Tribus
660 177 853 218 Romanae
873 208 882 224 ,
911 176 1014 218 Livii
1035 175 1145 217 locus
1161 176 1347 234 expensus
1362 207 1375 228 ,
1403 181 1443 220 &
1464 178 1650 225 Scaevolae
1672 182 1771 238 post,

721 231 882 274 Covarr.
893 231 959 272 lib.
972 232 1048 275 IV.
1058 269 1061 271 μ
1072 232 1219 274 Variar.
1240 233 1391 275 retolut.
1412 248 1497 290 cap.
1505 236 1538 276 I.

411 331 500 351 emanat
511 325 585 350 tribus
602 331 704 350 numero
727 331 766 352 35.
782 325 866 350 fuere:
890 325 1025 351 authoribus
1038 326 1119 349 Cicero-

426 367 452 381 ne
471 365 493 384 3.
513 366 535 381 m
557 360 643 381 Verrem
661 357 721 381 stet.
741 355 767 380 ὁ·
784 358 808 381 in
825 364 883 381 orat.
908 365 979 381 (avirra
1003 359 1096 381 Rullum
1109 373 1116 385 ‚

343 392 429 421 Philip.
437 393 458 413 6.
473 387 560 413 &alibi
572 389 653 413 multis
666 388 767 413 inlotis:
783 391 894 419 Asconio:
908 391 967 414 item
974 390 1041 412 Livio
1051 388 1116 412 lib.r.

347 420 374 445 (θ’
390 420 429 445 lib.
446 428 485 449 34.
506 423 541 444 Ex
553 420 598 444 hoc
609 427 687 444 autem
699 427 800 444 numero
814 427 912 452 quatuor
924 428 1015 445 tantum
1028 419 1120 443 ‘Urbana

344 452 408 477 fuere
422 469 430 480 ‚
448 453 554 476 Palatina
569 469 575 480 ‚
593 453 706 483 Esquilina
720 469 726 478 ‚
745 453 824 475 collina
834 469 842 480 ,
858 453 983 476 Saburram
993 463 1001 476 .·
1023 452 1050 476 in
1062 459 1118 483 quas

344 483 473 511 transferri,
494 490 520 508 ut
531 484 612 514 iuquit
623 484 685 508 plin.
700 482 743 508 lib.
754 488 793 508 ιε.
802 490 852 515 cap.
865 492 888 510 3.
902 484 1041 516 ignominia
1055 482 1116 507 esser.

343 518 421 543 Nam,
439 515 535 539 authore
548 515 620 539 Livio
632 515 706 541 lib.9.
718 521 839 541 extremo,
858 516 984 546 QFabius
1001 516 1118 539 Maximus

342 547 476 572 concordiae
487 546 549 571 causa
563 554 663 571 omnem
675 545 794 571 forensem
805 546 896 571 turbam
907 555 1022 572 excretam
1031 547 1055 570 in
1063 554 1116 578 qua-

345 584 401 603 tuot
413 578 486 603 tribus
503 578 605 607 coniecit
616 596 623 606 ,
646 577 789 610 urbanasque
807 585 844 602 eas
858 580 987 611 appellavit.
1020 581 1118 603 Nomen

343 610 391 635 hoc
403 616 539 641 acceperunt
550 610 563 634 a
574 609 675 642 partibus
687 609 766 635 Urbis.
782 611 890 641 Reliqua:
903 618 986 635 omnes
998 609 1119 635 laudatissi-

345 650 390 666 mae
403 642 492 671 Rustica
506 659 514 669 ,
530 649 614 666 eorum
629 659 635 669 ‚
653 642 694 672 qui
707 650 757 666 rura
769 641 880 666 haberent
893 660 899 670 ,
917 651 967 675 quac
978 644 1071 675 proprie
1084 642 1118 665 in-

326 673 335 679 ‘
345 681 480 705 genuorum
492 681 563 697 erant.
581 673 712 697 Asconium
726 680 814 700 autem,
835 673 876 697 ubi
891 682 913 700 3-
930 675 955 698 in
969 678 1063 698 Verrem
1077 673 1119 697 ast.

344 713 386 729 cut
403 706 433 730 de
450 705 590 729 nominibus
601 705 741 729 Sabinorum
753 706 830 736 plures
848 705 921 729 tribus
935 706 1020 730 dixerit
1032 705 1076 729 effe
1089 704 1119 728 fa-

346 737 404 764 aas,
426 737 506 761 mirari
519 737 570 760 satis
583 744 632 760 non
646 736 750 768 possum:
768 739 833 761 Cum
842 735 855 760 ὲ
867 737 956 761 Sabinis
969 746 1018 762 non
1032 736 1118 763 tribus,

345 768 384 793 sed
397 770 465 792 curiae
478 769 576 793 nomina
589 771 731 800 acceperint,
747 775 773 792 ut
786 767 865 799 inquit
878 770 958 793 Livius
971 770 1013 794 lib.
1032 778 1051 793 1.
1069 771 1117 792 Sex.

345 803 431 831 Pomp.
450 800 479 824 de
488 800 551 824 verb.
566 799 642 832 fignif.
656 799 698 825 lib.
718 808 742 827 3.
764 799 851 823 Urbem
865 807 919 823 vero
933 801 957 824 in
973 809 1011 828 30·
1023 801 1096 824 etuias
1108 799 1120 823 Ξι

345 832 454 856 Romulo
467 841 472 854 :
489 831 501 855 ὲ
515 833 594 855 Servio
609 832 692 855 Tullio
705 848 711 858 ‚
730 832 771 862 qui
785 832 867 855 multis
878 833 943 856 annis
962 833 1012 863 post
1027 835 1116 856 Romu-

344 864 396 887 lum
407 880 414 890 ,
438 864 463 887 in
477 870 578 895 quatuor
590 870 680 887 tantum
693 862 765 886 tribus
778 862 876 887 divisam
895 862 939 888 effe
951 864 1038 888 constat
1051 880 1058 890 ,
1081 871 1117 886 au-

345 894 414 919 thore
426 895 496 918 Livio
509 894 551 918 lib.
564 903 584 919 t.
598 902 647 925 qua:
655 894 777 926 explevere
790 902 967 921 numerum-35.
981 899 1011 919 At
1020 893 1117 926 Dionys.

344 927 463 950 Halicarn.
483 925 525 950 lib.
540 934 561 950 2.
583 925 662 949 scribit
674 942 680 952 ,
704 926 884 950 multitudinem
903 927 1015 950 omnium
1033 927 1058 950 in
1072 933 1118 950 tres

344 964 418 990 partes
432 956 529 981 divisam
543 956 669 981 {Romulo
682 956 762 984 fuisse,
780 965 803 981 ac
810 957 941 988 quamlibet
952 957 1027 981 rursus
1038 965 1117 981 earum

345 990 449 1021 partium
468 990 493 1012 in
507 988 577 1012 denas
596 988 742 1011 distributam
762 987 789 1011 ab
802 988 909 1012 eodem:
932 996 1021 1013 vocatas
1040 996 1116 1012 autem

345 1028 419 1052 partes
430 1020 544 1049 majores,
561 1018 645 1046 tribum
662 1020 768 1043 minores
780 1027 836 1043 vero
849 1022 926 1044 curias.
949 1022 983 1044 M.
996 1021 1055 1044 item
1062 1023 1116 1044 Var-

344 1059 373 1075 ro
385 1053 460 1079 lib.4.
473 1051 502 1074 de
516 1052 542 1074 L.
552 1053 577 1074 L.
593 1050 685 1077 scribit,
701 1058 781 1082 agrum
795 1054 869 1076 Rom.
883 1052 909 1075 in
919 1058 964 1075 tres
979 1059 1063 1082 partes,
1075 1059 1118 1075 un-

345 1084 375 1107 de
388 1083 461 1107 tribus
474 1082 534 1106 dicta
545 1081 586 1109 sit,
603 1081 738 1106 distincC’tum
751 1082 825 1106 fuiss'e.
843 1084 960 1107 T.Livius
972 1083 1117 1108 lib.2.com-

346 1121 463 1139 memorat
476 1131 482 1141 ,
499 1121 529 1137 eo
543 1120 650 1144 tempore
665 1117 748 1138 Romae
762 1122 832 1138 unam
850 1115 875 1138 &
887 1116 984 1146 triginta
1001 1115 1074 1139 tribus
1086 1115 1116 1138 fa-

347 1147 394 1170 ἕλες
407 1145 481 1171 fuisse.
504 1145 570 1169 Idem
583 1144 626 1169 lib.
641 1150 662 1170 6.
679 1145 757 1169 scribit
775 1146 861 1170 additas
874 1146 940 1170 fuisse
951 1153 1006 1171 tunc
1019 1153 1118 1179 quatuor

346 1178 433 1205 tribus,
452 1178 476 1201 δι’
487 1184 569 1204 easar.
584 1185 709 1201 numerum
722 1177 859 1208 expleviffe:
878 1180 1117 1210 nempeStellatinam,

346 1210 505 1233 Tromentinam
519 1225 525 1236 ‚
542 1207 670 1231 Sabatinanz
685 1225 690 1235 ‚
708 1211 865 1241 anienscm.
888 1210 954 1234 Idem
967 1210 1010 1234 lib.
1024 1218 1047 1237 7.
1064 1210 1119 1234 duas

349 1240 435 1265 additas
448 1239 492 1264 effe
504 1246 591 1266 narrat,
609 1242 738 1268 Feminam,
756 1241 780 1263 &
794 1240 924 1266 Publiciam.
942 1242 995 1266 Lib.
1008 1241 1084 1266 rursus
1095 1247 1117 1266 8.

347 1275 452 1299 ,Menam
465 1271 491 1295 &⁹
503 1272 623 1303 Scaptium.
640 1271 692 1295 Lib.
706 1280 729 1298 9.
745 1274 876 1302 Ufentinam
889 1274 915 1298 (γ’
928 1275 1059 1297 Falerinm.
1074 1273 1118 1298 lib.

352 1315 388 1330 10.
403 1305 463 1328 item
476 1303 542 1327 duas:
559 1310 645 1333 nempe
657 1304 792 1333 Aninfim,
813 1303 995 1329 &Tarentinam
1013 1308 1039 1330 L.
1047 1305 1118 1329 etiam

347 1338 429 1361 Florus
441 1335 466 1359 in
479 1334 588 1366 Epitoma
599 1334 642 1358 lib.
659 1343 694 1361 19.
713 1334 791 1359 scribit
805 1335 858 1359 duas
870 1336 943 1360 tribus
955 1354 962 1364 ,
982 1338 1079 1360 Velinam
1093 1336 1119 1360 ὼ

348 1369 501 1400 Esquilinam.
519 1373 574 1389 tunc
584 1366 680 1395 adjectas
692 1365 766 1390 fuiss‘e.
795 1369 850 1398 Qio
863 1367 888 1391 fir
901 1385 907 1394 ‚
926 1375 951 1391 ut
963 1368 1013 1398 post
1028 1376 1065 1394 3<.
1081 1369 1120 1392 tri-

348 1399 392 1424 bus
404 1398 472 1422 faustas
485 1398 509 1420 ὅ(
523 1397 670 1425 constitutas,
688 1399 742 1421 alias
758 1406 792 1421 xo.
808 1399 880 1422 tribus
893 1399 988 1428 adiecsstas
997 1399 1120 1429 fuiti‘ejure

349 1430 462 1463 posfimus
475 1427 595 1452 asseverare
613 1429 751 1453 testimonio
765 1430 827 1453 Livii
840 1431 864 1454 ὃ(
884 1433 909 1454 L.
923 1432 993 1455 flori.
1021 1433 1057 1456 Sic
1070 1431 1122 1456 sane

349 1471 391 1491 45-
404 1461 478 1486 tribus
491 1463 563 1484 Rom.
577 1461 723 1485 constabunt.
741 1461 813 1494 Qiod
826 1463 938 1486 Ciceroni
951 1463 975 1486 &
987 1463 1053 1490 aliis,
1070 1464 1123 1495 ipfi-

349 1501 397 1526 que
410 1493 478 1517 Livio
492 1491 622 1523 refragatur.
647 1492 697 1516 Nisi
711 1493 764 1524 quis
783 1494 843 1523 apud
856 1494 952 1517 Livium
967 1495 1119 1522 intellexerit,

348 1532 437 1549 veteres
448 1523 522 1547 tribus
535 1523 625 1547 civibus
638 1540 644 1550 ‚
662 1524 687 1547 δι
698 1523 824 1547 tribulibus
836 1525 911 1548 auritas
923 1525 1001 1549 fuisse:
1021 1534 1071 1550 non
1084 1534 1122 1550 au-

349 1564 400 1581 tem
418 1562 490 1580 novas
508 1553 581 1577 tribus
598 1554 715 1578 veteribus
734 1563 771 1582 35·
791 1555 880 1580 additas
897 1556 960 1580 effe:
984 1558 1026 1588 qui
1044 1556 1121 1582 sensus

351 1588 455 1612 omnino
468 1586 577 1616 congruit
590 1587 668 1610 Livio.

384 1620 496 1650 Sapiniam
514 1624 570 1640 vero
589 1617 677 1641 tribum
695 1624 745 1641 non
764 1616 815 1641 satis
833 1617 979 1649 agnoscimus
997 1626 1022 1642 ut
1035 1622 1122 1643 Roma-

350 1659 413 1676 nam.
432 1650 514 1673 Livius
525 1649 615 1672 etenim
628 1649 670 1673 lib.
680 1656 688 1674 3
698 1657 715 1672 r.
730 1650 753 1672 δι
769 1657 807 1675 33-
820 1649 969 1676 nonscribit,
987 1650 1075 1674 tribum
1083 1652 1122 1674 ali-

350 1689 421 1714 quam
436 1684 568 1705 Romanam
582 1680 668 1704 dictam
680 1679 746 1704 fuisse
753 1681 880 1712 Sapiniam:
899 1681 936 1704 sed
950 1682 1074 1706 Umbriam
1081 1686 1121 1706 lta.

351 1716 386 1739 lite
399 1713 522 1743 regionem
534 1712 670 1743 appellatam
683 1711 747 1736 fuisse
760 1712 844 1735 tribum
856 1713 977 1741 Sapiniam.

383 1745 468 1769 Adhaec
481 1745 505 1767 ὃ(
520 1744 619 1775 Qintil.
635 1743 677 1767 lib.
692 1752 714 1771 7.
727 1751 776 1774 cap.
792 1752 813 1770 3.
826 1742 912 1767 scribit.
946 1746 1032 1777 Propria
1047 1745 1122 1773 liberi,

350 1786 397 1808 quie
413 1786 452 1799 nnn
465 1775 526 1798 habet
539 1792 547 1802 ,
572 1776 613 1805 m'fi
629 1775 684 1798 liber
697 1783 702 1797 :
724 1782 838 1805 [mammen
850 1792 859 1802 2
880 1785 953 1799 nomen
966 1792 973 1803 ,
995 1786 1120 1807 cognomen,

350 1810 446 1834 tribum,
465 1806 526 1829 habet
539 1808 578 1829 hac
587 1807 692 1831 adamus.
722 1807 770 1837 Qi
782 1807 882 1838 quidem
895 1808 960 1830 locus
971 1808 1082 1832 conducit
1095 1809 1122 1832 ad

350 1847 426 1864 verat-n
440 1839 657 1869 interpretationem
669 1839 773 1862 scaevolae
786 1840 840 1869 J.C.
853 1839 878 1863 in
890 1839 907 1863 l.
921 1845 1038 1871 patronus.
1056 1840 1122 1864 D-de

348 1873 395 1903 leg.
404 1879 425 1898 3-
439 1878 489 1902 quae
503 1869 532 1893 fic
545 1869 627 1893 habet:
870 1896 875 1901 ¹

379 1903 552 1927 PATRONUS
570 1901 643 1924 liberto
657 1900 733 1929 statim
745 1900 828 1924 tribum
838 1902 882 1924 emi
893 1902 983 1933 petierat
997 1914 1003 1926 :
1021 1902 1120 1926 Libertus

349 1935 388 1957 diu
400 1943 481 1956 moram
495 1932 522 1956 ab
531 1934 610 1956 herede
619 1935 703 1965 patruni
713 1932 782 1963 paffics
795 1933 823 1962 est
836 1949 843 1958 ,
871 1931 896 1956 Θ
909 1934 1006 1957 decedens
1017 1935 1120 1957 haredcm

350 1967 440 1995 reliquit
453 1965 591 1994 clariffimum
607 1973 690 1988 virum.
718 1965 839 1996 Qaefitum
851 1965 880 1993 est
891 1981 898 1991 ‚
914 1974 941 1988 an
953 1965 1021 1989 tribur
1034 1967 1120 1994 astuma-

350 1998 379 2019 tio
392 1997 467 2020 lavedi
480 1997 526 2028 ejus
538 1995 647 2020 debeatur.
669 1994 806 2026 Respondi,
823 1995 911 2020 deberi.
937 2000 996 2021 Item
1009 1998 1119 2028 quesitum

349 2028 376 2057 cst
385 2045 390 2053 ,
405 2037 433 2050 aa
447 2026 472 2051 ύ-
486 2029 604 2055 commoda,
624 2027 650 2051 (θ’
659 2028 784 2058 primipales
795 2026 937 2051 liberalitates
946 2045 952 2055 ‚
969 2038 1022 2060 quas
1029 2030 1118 2052 libertus

348 2067 379 2080 ex
391 2061 463 2081 eadem
476 2058 533 2081 tribu
547 2060 613 2090 usque
631 2060 654 2081 in
667 2059 723 2081 diem
736 2060 861 2088 mortixsuae
875 2061 1019 2088 conferatur-us
1026 2061 1116 2090 sufflet,

345 2091 397 2119 fiet
411 2090 476 2112 γνώω
490 2091 608 2118 secundum
625 2091 762 2113 voluntatem
773 2091 859 2122 patroni
871 2091 909 2119 fici
928 2098 977 2114 ncnc
994 2098 1116 2124 comparata

342 2122 433 2151 sursset,
453 2130 479 2143 nn
491 2129 539 2142 vcro
553 2122 620 2150 usura
634 2122 771 2151 <firmationis
784 2122 858 2144 haredi
869 2124 915 2150 ejus
929 2122 1052 2146 debeantur.
1071 2125 1115 2146 Re-

349 2151 432 2182 spondi
446 2168 453 2178 ,
470 2151 587 2182 quidquid
600 2152 648 2183 ipse
659 2152 822 2176 consecuturus
833 2152 887 2178 effet
899 2169 907 2183 ,
922 2154 948 2184 id
961 2154 988 2180 ad
1000 2154 1116 2181 haeredem

352 2186 418 2209 luem
429 2182 627 2209 transmitteretur.
646 2186 696 2208 Hac
710 2185 748 2208 ille
760 2185 780 2215 J.
789 2186 818 2208 C.

1176 328 1205 351 Et
1216 324 1268 350 sane
1279 334 1335 351 cum
1341 333 1450 358 patronus
1457 327 1558 352 voluerit
1569 328 1639 360 ipfius
1651 329 1769 361 impensa,
1786 332 1834 362 eius
1844 333 1917 360 liber.

1145 363 1197 393 tum
1209 359 1287 382 civem
1300 361 1437 382 Romanum
1449 357 1500 382 fieri
1511 374 1519 386 ,
1542 359 1567 383 δε
1579 361 1604 384 in
1617 361 1719 393 aliquam
1732 363 1822 388 tribum
1833 367 1916 392 adscri-

1145 389 1169 412 bi
1183 398 1190 417 5
1213 390 1276 414 unde
1289 390 1362 413 multa
1379 389 1508 414 commoda
1526 397 1555 414 ex
1566 391 1665 422 publicis
1679 394 1843 426 largitionibus
1858 415 1865 426 ,
1891 400 1916 424 δε

1145 420 1262 445 Caesarum
1275 420 1450 445 liberalitatibus
1461 420 1623 447 consecuturus
1635 424 1696 448 foret
1710 434 1716 448 ;
1736 428 1783 450 Nec
1797 427 1866 453 haeres
1878 438 1917 461 pa-

1145 453 1207 476 troni
1220 453 1265 477 hoc
1278 453 1348 477 fuerit
1362 452 1481 477 exsecutus
1494 470 1501 481 ,
1518 456 1672 487 mortuusque
1688 456 1715 480 sit
1725 457 1822 484 libertus
1831 462 1914 485 reli-ito

1146 484 1234 508 hxrede
1246 502 1253 511 ‚
1272 486 1314 516 qui
1326 485 1383 509 civis
1395 491 1441 508 erat
1455 487 1529 509 Rom.
1542 486 1566 509 δι
1585 487 1609 510 in
1623 488 1684 511 tribu
1696 489 1836 515 censebatur.
1869 497 1916 518 Ac-

1146 515 1232 540 curfius
1245 517 1268 539 δε
1281 517 1321 540 alii
1334 517 1437 540 sczvolae
1453 517 1589 548 responsum
1601 526 1650 542 uon
1664 520 1724 544 redte
1736 529 1851 552 accepere.

1177 547 1220 571 Sed
1233 547 1272 572 etfi
1286 549 1311 572 in
1324 548 1401 579 plures
1414 547 1487 571 tribus
1499 548 1571 571 divisa
1586 548 1656 574 suerit
1669 551 1727 576 Urbs
1741 555 1832 582 Roma,
1852 561 1916 580 aetate

1147 584 1224 603 tamen
1236 580 1299 603 Livii
1313 596 1320 606 ,
1341 581 1365 603 &
1379 580 1502 603 Ciceronis
1517 580 1542 603 ad
1557 581 1664 613 quinque
1681 583 1704 606 ὅ(
1718 584 1811 615 triginta
1829 593 1915 611 omnes

1146 611 1241 634 redastae
1253 611 1361 635 fuerunt:
1378 618 1403 635 ut
1416 619 1443 634 ex
1452 610 1538 634 iisdem
1551 611 1685 637 authoribus
1698 622 1794 645 apparet.
1817 618 1860 641 Sed
1872 626 1916 644 nee

1145 641 1191 665 hoc
1203 644 1286 673 placet.
1303 643 1425 674 Legendus
1436 645 1461 667 &
1474 645 1552 666 Franc.
1565 646 1692 669 Connanus
1704 647 1733 669 de
1745 647 1844 672 libertis.

1177 674 1295 697 Tribubus
1306 675 1385 706 primo
1398 677 1476 698 Roma
1489 673 1635 699 dividebatur
1650 685 1656 699 :
1672 677 1729 701 inde
1741 678 1867 708 divisores,
1884 682 1916 707 ait

1146 705 1238 729 Coelius
1251 706 1388 733 Taurellus‚
1405 713 1454 738 pag.
1466 710 1520 733 346.
1534 706 1592 730 disti
1606 705 1618 730 ὲ
1632 710 1667 732 Μ.
1682 710 1764 732 Tullio
1777 711 1913 741 invenem,

1148 737 1170 759 δε
1184 736 1211 791 {d
1225 738 1297 761 Attic.
1311 738 1340 762 de
1353 737 1439 770 quibus
1458 738 1530 762 multa
1542 737 1637 762 Budaus
1656 740 1683 763 ad
1697 741 1776 772 legem
1787 743 1876 774 juliam
1887 745 1917 770 de

1147 775 1183 791 arn
1203 775 1245 792 nu.

1179 799 1264 823 Liberti
1275 807 1353 825 autem
1366 801 1426 831 apud
1441 803 1563 825 Romanos
1573 800 1678 827 tribuum
1691 803 1725 832 ius
1742 812 1791 828 nun
1810 813 1863 830 uam
1880 806 1919 831 ha-

1145 830 1256 855 buerunt:
1273 832 1313 856 etsi
1325 832 1393 856 liberi
1407 833 1492 859 essent,
1508 840 1550 856 nec
1563 841 1648 857 eorum
1660 834 1705 859 filii
1718 843 1725 858 2
1741 835 1779 860 sed
1808 837 1837 861 lii
1851 838 1920 871 inge·

1147 870 1249 885 nuorum
1263 871 1292 886 ex
1305 864 1341 887 his
1353 880 1360 891 ,
1377 866 1419 894 qui
1434 864 1566 888 manumissi
1583 865 1654 888 essent
1665 874 1838 897 procreatorum
1851 878 1858 892 z
1875 872 1919 901 qui

1145 900 1200 917 tunc
1211 893 1306 917 libertini
1318 894 1459 918 dicebantur.
1484 897 1555 924 Quod
1569 895 1683 920 ferebatur
1694 898 1831 924 testimonio
1844 901 1919 929 Livii,

1148 926 1190 955 qui
1205 924 1246 948 sub
1259 925 1331 950 finem
1344 926 1399 949 libri
1412 935 1434 953 9.
1447 926 1526 950 scribit
1539 944 1545 954 ,
1562 927 1709 951 libertinorum
1722 930 1782 959 filios
1800 931 1827 954 ab
1838 935 1920 964 appio

1149 957 1238 979 Claudio
1254 957 1354 980 tributim
1372 959 1452 987 <limfis
1465 959 1554 986 summa
1568 960 1669 983 civitatis
1681 962 1832 992 indignatione.
1865 966 1918 988 Huc

1148 987 1219 1011 etiam
1234 989 1335 1019 pertinet
1354 989 1420 1019 quod
1433 988 1473 1011 hac
1485 989 1515 1012 de
1529 997 1553 1012 re
1574 990 1644 1015 tradit
1660 994 1755 1017 sueton.
1775 994 1802 1018 in
1813 994 1919 1020 Claudio

1148 1025 1196 1050 cap.
1207 1027 1247 1046 24.
1259 1019 1282 1042 δι
1296 1020 1427 1043 Plutarchus
1440 1020 1464 1043 in
1478 1021 1605 1051 Poplicola.

1179 1051 1220 1080 Jus
1233 1057 1288 1074 vero
1302 1053 1415 1074 Romanae
1427 1051 1527 1074 civitatis
1546 1053 1641 1082 pecunia
1661 1054 1732 1084 quaeri
1750 1054 1846 1080 solitum
1861 1074 1869 1084 ‚
1888 1064 1919 1083 ex

1150 1082 1319 1113 Apostolorum
1330 1082 1386 1106 zetis
1396 1090 1446 1114 cap.
1457 1090 1494 1106 22.
1508 1090 1607 1115 apparet.
1624 1084 1920 1116 Qod&Taurellusibid.

1148 1120 1250 1137 annotat.

1181 1145 1281 1176 Dionys.
1294 1144 1336 1169 lib.
1349 1153 1372 1173 4.
1393 1145 1478 1176 ⁴antiq.
1490 1148 1562 1169 Rom.
1582 1153 1610 1169 ex
1623 1146 1759 1172 authoritate
1770 1151 1873 1176 Venonii
1886 1159 1922 1176 re-

1149 1175 1207 1204 fert,
1224 1176 1237 1200 a
1249 1179 1329 1201 Servio
1342 1177 1424 1200 Tullio
1437 1177 1526 1201 Urbem
1536 1177 1633 1201 divisam
1645 1178 1712 1203 fuisse
1730 1181 1755 1204 in
1768 1188 1868 1211 quatuor
1879 1185 1922 1208 tri-

1151 1207 1193 1231 bus
1207 1216 1212 1230 :
1231 1216 1309 1238 quarta
1323 1208 1439 1233 veteribus
1452 1209 1536 1233 addita.
1564 1211 1634 1240 Pagos
1647 1217 1724 1234 autem
1739 1212 1878 1238 rusticorum
1891 1216 1918 1241 in

1150 1240 1245 1271 triginta
1258 1241 1281 1264 ὅ(
1296 1248 1378 1264 unum.
1410 1241 1470 1264 Hinc
1483 1240 1587 1264 constant
1607 1242 1701 1272 triginta
1713 1243 1818 1276 quinque
1836 1246 1920 1272 tribus.

1151 1271 1219 1295 Unde
1231 1272 1333 1301 conjicio
1348 1271 1422 1302 postea
1434 1271 1508 1296 tribus
1520 1272 1624 1297 Rusticas
1641 1273 1667 1297 in
1680 1274 1768 1298 Urbem
1781 1277 1922 1303 nominibus

1153 1303 1260 1358 app‘pfitis
1275 1303 1386 1328 transsatas
1398 1303 1460 1328 effe:
1483 1310 1551 1336 atque
1563 1304 1594 1328 ita
1606 1304 1697 1330 sortasse
1715 1306 1796 1332 Livius
1808 1309 1922 1342 interpre-

1151 1341 1188 1358 tan
1208 1343 1242 1358 us.

1184 1369 1217 1390 Ex
1232 1375 1270 1394 35·
1288 1373 1365 1391 autem
1381 1367 1488 1391 tribubus
1507 1367 1609 1399 aliquam
1627 1368 1668 1398 (ut
1681 1368 1711 1392 ait
1727 1368 1840 1394 Asconius
1854 1381 1876 1397 2.
1894 1373 1922 1398 in

1152 1401 1247 1422 Verrem
1261 1399 1311 1422 Ast.
1322 1400 1331 1429 )
1349 1399 1434 1423 necess'e
1446 1405 1507 1427 erat,
1524 1398 1680 1431 cujuscunque
1692 1399 1746 1424 effer
1759 1403 1851 1426 ordinis
1862 1405 1922 1429 civis

1152 1432 1225 1454 Rom.
1238 1430 1362 1454 obtineret.
1380 1433 1400 1454 Is
1412 1437 1489 1454 autem
1501 1431 1663 1455 ostendebatur
1675 1439 1711 1455 aut
1719 1435 1862 1462 praenomine
1869 1436 1920 1464 suo,

1153 1468 1189 1485 aut
1202 1460 1214 1484 a
1227 1462 1328 1486 nomine
1342 1463 1460 1492 (nomine
1472 1469 1549 1486 autem
1559 1462 1649 1486 familia
1663 1463 1814 1495 fignificatur)
1832 1465 1921 1496 ‘apanis

1153 1494 1312 1524 piaenomine,
1329 1492 1341 1516 Ξ
1356 1493 1431 1521 tribu,
1450 1495 1475 1518 in
1488 1501 1533 1525 qua
1544 1494 1723 1520 censeretur-‚aut
1735 1494 1746 1517 a
1759 1498 1919 1527 cognomine,

1152 1530 1176 1547 ut
1191 1525 1250 1555 apud
1263 1525 1314 1548 Cic.
1326 1525 1428 1557 Philipp.
1441 1534 1466 1552 9.
1484 1525 1661 1558 Sflrvusulpttlm
1675 1526 1709 1555 Ξ.
1721 1528 1747 1550 F.
1759 1529 1862 1552 Lemonia
1873 1532 1921 1553 Ru-

1160 1565 1193 1579 us,

1145 1558 1163 1587 s
1183 1588 1286 1610 Lemonia
1308 1587 1373 1611 enim
1386 1586 1462 1610 tribus
1478 1587 1509 1611 est
1527 1587 1620 1611 ablativi
1637 1586 1705 1612 casus.
1739 1591 1800 1614 Nam
1813 1590 1859 1614 hoc
1871 1592 1921 1617 cas·

1153 1618 1226 1641 tribus
1240 1618 1392 1649 significatur,
1410 1625 1435 1641 ut
1447 1618 1473 1641 sit
1484 1628 1512 1641 ex
1525 1621 1628 1642 Lemonia
1641 1636 1647 1646 ,
1667 1626 1692 1643 ut
1705 1620 1784 1651 inquit
1796 1621 1921 1650 Asconius,

1153 1652 1187 1673 De
1204 1650 1348 1680 praenomine
1361 1666 1367 1675 ‚
1390 1650 1492 1674 nomine
1506 1667 1513 1677 ,
1535 1651 1560 1673 &
1573 1652 1719 1681 cognomine
1738 1653 1801 1676 And.
1817 1655 1918 1680 Alciatus

1151 1680 1345 1712 dispunstionum
1356 1680 1398 1704 lib.
1406 1689 1430 1709 4.
1443 1688 1493 1713 cap.
1503 1689 1522 1705 t.
1536 1682 1560 1705 δε
1573 1683 1698 1714 diligenter
1712 1687 1766 1707 Ant.
1779 1685 1921 1716 Augustinus

1151 1713 1193 1737 lib.
1204 1714 1349 1739 3.emendat.
1366 1713 1426 1744 Juris
1437 1720 1485 1744 cap.
1496 1718 1519 1736 8.
1536 1714 1559 1736 ἃ
1571 1714 1684 1738 Plutarch.
1699 1716 1781 1739 Mario.

1186 1747 1237 1768 Hoc
1251 1745 1274 1767 &
1288 1745 1346 1775 apud
1360 1743 1516 1768 Athenienses
1529 1746 1590 1769 olim
1602 1744 1721 1773 obtinuit,
1739 1754 1764 1770 ut
1776 1754 1805 1770 ex
1813 1749 1919 1774 Demost.

1150 1776 1295 1799 orationibus
1307 1776 1373 1799 facile
1385 1776 1481 1800 constat.
1498 1777 1645 1806 Demosthenes
1658 1778 1753 1806 Demofl.
1766 1781 1792 1803 F.
1804 1781 1919 1804 Patameu-

1148 1808 1183 1835 fir.
1207 1808 1311 1831 Paeanion
1325 1813 1401 1830 autem
1418 1814 1463 1830 erat
1481 1808 1543 1830 vicus
1556 1808 1706 1831 Pandionidis
1725 1809 1806 1832 tribus.
1829 1812 1918 1836 suidas„

1148 1837 1251 1868 Idipsum
1263 1838 1329 1862 facile
1341 1838 1464 1862 deducitur
1475 1845 1504 1862 ex
1516 1839 1622 1863 Demoss.
1635 1840 1789 1864 controvetlia
1801 1840 1831 1865 de
1839 1845 1920 1868 nomi-

1149 1877 1190 1894 nez
1208 1870 1233 1892 ἃ
1246 1870 1351 1894 oratione
1363 1870 1392 1894 de
1404 1877 1498 1894 corona.

1181 1903 1207 1924 In
1225 1901 1341 1933 lapidibus
1359 1909 1414 1925 vero
1434 1901 1537 1933 antiquis
1554 1900 1602 1925 sere
1620 1901 1711 1934 semper
1723 1919 1730 1930 ‚
1754 1903 1859 1929 inlibris
1878 1907 1920 1930 ali-

1149 1932 1242 1964 quando
1251 1932 1367 1965 prioribus
1380 1933 1547 1957 tantummodo
1555 1933 1628 1957 literis
1635 1934 1836 1965 fignificaritribus
1845 1938 1921 1962 anirn-

1151 1964 1264 1992 advertas,
1283 1972 1307 1988 ut
1318 1964 1384 1996 epist.
1394 1973 1416 1991 7.
1429 1964 1471 1988 lib.
1481 1970 1503 1988 8.
1516 1964 1580 1996 epist.
1593 1964 1699 1990 adfamil.
1717 1967 1766 1991 Cic.
1780 1967 1821 1991 ubi
1833 1969 1920 2000 legitur

1159 1998 1220 2019 Pom.
1228 1996 1349 2021 sciendum
1355 1997 1443 2020 etenim
1451 1996 1482 2020 est
1490 1998 1625 2029 Pomptinam
1633 1997 1722 2021 tribum
1730 1999 1832 2030 intelligi
1840 2008 1845 2021 ε
1863 2009 1918 2026 nam

1154 2028 1176 2051 ὅς
1191 2029 1283 2051 Pontina
1297 2028 1322 2052 (7
1334 2030 1447 2060 Pomptina
1460 2029 1485 2052 in
1499 2028 1559 2059 lapp.
1572 2029 1685 2059 antiquis,
1704 2030 1727 2053 ὅ(
1741 2030 1834 2054 vetustis
1852 2031 1920 2057 libris

1151 2059 1261 2090 scriptum
1274 2059 1313 2084 est.
1336 2062 1363 2083 Et
1376 2061 1401 2083 in
1414 2060 1495 2084 eadem
1508 2059 1574 2091 epist.
1593 2060 1633 2084 ubi
1645 2062 1730 2092 legitur
1742 2064 1815 2092 Pomp.
1825 2065 1916 2093 Popilia⁴

1149 2089 1190 2114 ubi
1204 2093 1268 2114 Pum.
1282 2092 1383 2121 Pupinia.
1400 2091 1440 2114 ubi
1454 2095 1514 2114 Ant.
1523 2093 1636 2124 Anienfis.
1653 2092 1718 2122 quod
1731 2100 1784 2116 cum
1797 2100 1859 2117 antea
1866 2103 1917 2119 non

1149 2121 1202 2145 esset
1212 2123 1359 2154 exploratum
1373 2139 1380 2150 ‚
1397 2123 1436 2146 alii
1450 2130 1493 2153 pro
1506 2125 1552 2146 An.
1566 2124 1637 2154 Capito
1651 2124 1738 2148 duabus
1751 2125 1848 2149 vocibus
1861 2134 1917 2150 con-

1149 2153 1350 2210 Luncstiselegdzbgant
1362 2156 1531 2179 ANCAPtTO.
1555 2154 1620 2180 Plura
1632 2156 1694 2181 Paul.
1709 2156 1828 2182 Manutius
1847 2158 1873 2183 in
1887 2158 1918 2184 li-

1166 2193 1183 2209 ri
1216 2201 1220 2208 .
1247 2193 1270 2217 pi
1293 2204 1298 2210 .
1323 2203 1327 2209 .

1790 2355 1916 2385 FASTI
