2075 2734
377 78 428 106 De
448 87 548 106 mono
570 77 897 105 esmona-tonum
918 73 1183 107 Commmaum,
1203 76 1256 105 ὅτε.
1296 77 1380 105 CAr.
1404 75 1446 114 13}
1646 87 1701 121 4⁶3

120 128 254 161 Februario
270 127 361 157 mense
375 149 382 161 ,
408 129 519 157 dimissis
533 128 631 156 scilicet
645 128 672 155 in
685 125 804 162 hyberna
819 122 988 166 exercitibus.
1027 126 1108 153 Anno
1122 133 1212 153 autem
1228 125 1309 156 Urbis
1323 136 1387 154 nex.
1405 126 1564 166 QFulvius
1576 128 1705 161 Nobilior.

121 173 150 200 &2
170 173 202 197 T.
215 166 322 195 Annius
334 167 427 202 Luscus
442 166 569 195 Consules
581 187 588 198 ‚
613 164 697 201 primi
711 162 822 191 Kalend.
839 164 970 200 Januarns
983 163 1168 199 magistratum
1184 165 1301 193 inierunt
1313 185 1323 199 ‚
1349 165 1407 201 post
1421 166 1494 203 quod
1508 174 1615 204 tempus
1629 170 1706 199 idem

120 206 216 236 deinde
228 206 242 234 ὲ
255 205 423 243 sequentibus
435 204 592 233 Consulibus
605 203 706 231 factum
723 201 768 229 est.
790 203 826 241 At
839 210 873 228 eo
888 206 1014 241 tempore
1028 202 1161 230 ordinaria
1173 201 1367 240 magistratuum
1380 205 1480 232 creatio
1495 204 1560 238 fuit,
1579 207 1611 235 ad
1621 208 1704 237 finem

120 244 217 273 menfis
259 245 318 276 ulii,
340 246 367 273 ὅ(
382 244 543 280 principium
558 241 681 279 Augusti,
702 246 730 267 ut
745 249 778 267 ex
793 242 918 266 theronu
933 239 1055 266 oratione
1069 239 1181 269 secunda
1195 243 1222 269 in
1238 244 1352 270 Verrem
1364 263 1373 274 ,
1393 243 1506 279 epistolis
1519 243 1552 271 ad
1565 247 1704 279 Atticum,

120 285 148 312 &
161 283 269 319 epistola
283 281 356 311 Caelii
367 282 401 310 ad
414 280 570 312 Ciceronem,
590 279 699 307 constat.
740 278 821 314 Qud
835 276 854 305 fi
868 275 936 304 ultra
951 276 1110 307 ducerentur
1121 279 1222 307 comitm
1234 300 1241 312 ,
1261 281 1287 308 id
1303 280 1443 308 eveniebat
1456 288 1567 319 propter
1581 284 1706 314 intercess

119 320 221 354 fiones,
241 329 287 350 aut
300 319 530 350 obnuntiationes,
550 327 598 355 per
611 326 674 354 quas
687 315 865 345 differrentur.

161 361 246 388 Porro
265 366 355 387 autem
374 355 520 392 Consularia
538 355 640 383 camina
657 364 718 382 ante
738 355 861 391 praetoria
874 354 965 382 haberi
977 353 1096 382 solebant
1109 366 1116 385 ς
1145 356 1281 384 interdum
1297 357 1408 393 quidem
1424 357 1522 386 eodem
1537 359 1582 386 die
1594 378 1602 391 ‚
1630 367 1659 388 ut
1673 370 1705 390 ex

116 395 189 425 Livii
202 397 246 425 lib.
260 408 302 425 ιο.
315 395 428 427 constat,
448 394 584 422 interdurn
596 394 703 431 postero
717 393 775 425 die,
795 402 988 431 nonnunquam
1000 394 1097 425 tertio,
1117 401 1161 421 aut
1173 394 1225 421 alio
1239 395 1358 431 quodam
1371 396 1430 432 post
1438 396 1494 429 die,
1514 398 1554 426 uti
1563 406 1595 425 ex
1604 398 1705 427 eodem

116 434 190 462 Livio
204 435 314 471 intelligi
326 433 421 470 potest.
541 457 546 465 ,
1229 467 1232 471 ⁴

157 473 316 501 Censoribus
334 472 453 499 creandis
471 469 573 499 comitia
593 471 671 499 initio
687 470 767 508 paulo
786 471 846 507 post
865 470 962 498 initum
977 468 991 497 a
1005 468 1150 504 Conficlrbus
1163 466 1339 505 magtstratum
1352 490 1360 502 ,
1387 471 1540 509 priusquam
1556 474 1583 502 in
1596 475 1711 510 provin·

118 511 171 540 cias
186 508 416 548 proficiscerentur
430 531 437 542 ‚
464 517 541 538 aetate
555 508 677 536 Ciceronis
690 509 722 537 ad
738 512 820 538 finem
835 508 932 537 menfis
945 508 1018 547 Junii
1033 528 1041 539 ,
1063 516 1092 536 ut
1105 506 1206 535 constat
1220 516 1253 534 ex
1266 507 1379 547 epistolis
1393 510 1425 537 ad
1439 511 1559 547 Appium
1572 532 1580 544 ,
1601 513 1704 543 collatis

117 559 182 578 cum
203 549 248 580 iis,
268 556 325 585 quae
338 548 370 575 ad
386 549 509 576 Atticum
523 548 567 576 lib.
578 551 602 576 6.
617 547 714 585 scripta
728 547 802 580 sunt,
822 557 854 577 ex
868 547 962 585 quibus
977 545 1065 584 colligi
1078 546 1180 583 potest,
1202 548 1315 579 Appium
1328 547 1447 580 censsrem
1461 549 1578 582 factum,
1600 559 1634 578 eo
1649 561 1705 589 quo

114 588 170 616 dixi
183 595 321 623 tempore,
341 586 423 622 idque
437 587 532 623 quinto
545 595 653 624 quoque
666 596 737 614 anno
753 585 846 618 fiebat,
868 593 899 614 ut
912 595 944 614 ex
957 585 1063 613 historia
1076 583 1255 622 cognoscitur.
1294 586 1358 612 Hoc
1372 592 1462 614 tamen
1477 587 1636 618 differebant
1647 599 1703 617 cen·

105 626 194 661 sorum
212 622 313 652 comitia
327 623 341 651 a
355 624 542 653 Consularibus
553 646 561 657 ‚
587 627 614 654 δε
634 625 764 661 praetoriis
777 645 784 656 ,
811 624 885 662 quod
903 623 1024 652 censores
1045 623 1133 651 statim
1154 621 1281 658 designati
1297 622 1481 659 magistratum
1496 625 1606 655 inibant.
1646 629 1705 656 Un-

112 663 148 691 de
161 662 276 701 legimus
289 662 359 699 apud
374 662 478 691 Livium
490 662 536 690 lib.
546 672 593 699 40.
625 662 755 692 Censores
768 662 916 700 designatos
929 663 1017 691 statim
1031 663 1058 689 in
1072 661 1237 697 Capitolium
1252 660 1381 688 deductos
1396 682 1404 692 ,
1431 662 1463 689 ad
1477 665 1603 699 capienda
1616 667 1703 703 magi.

113 701 206 729 stratus
220 700 332 737 infignia
344 721 353 733 ‚
379 701 577 739 jurandumque
591 701 619 729 in
633 701 713 739 leges.
742 700 868 729 Consules
880 710 945 729 vero
957 722 966 733 ,
993 699 1170 737 praetoresque
1182 720 1189 730 ‚
1215 698 1262 726 nifi
1275 699 1431 736 interregno
1445 708 1488 728 aut
1504 702 1531 728 in
1545 702 1636 732 locum
1653 705 1701 732 de.

112 739 216 767 mortui
231 740 312 767 creati
327 739 409 767 essent
422 761 429 771 ,
449 749 504 768 non
521 740 609 768 statim
621 740 750 778 defignati
763 739 865 768 inibant
878 738 1058 777 magistratum
1070 758 1078 768 ‚
1098 737 1143 766 sed
1156 736 1188 765 ab
1204 746 1237 764 eo
1252 743 1390 775 tempore,
1413 746 1466 774 quo
1483 739 1610 776 defignati
1625 749 1701 772 erant

111 778 145 806 ad
159 777 223 806 illud
234 797 241 809 ‚
268 786 323 815 quo
336 777 520 815 magistratum
535 778 637 806 inibant
652 798 659 810 ,
686 779 760 816 quod
771 778 958 814 posterioribus
971 776 1138 814 temporibus
1151 775 1207 804 fere
1219 775 1338 813 quinque
1350 775 1484 804 menfium
1499 775 1612 813 spatium
1627 787 1697 812 erat,

108 816 207 853 privati
222 815 372 849 manebant.
413 817 538 853 Qaeritis
547 836 556 848 ‚
576 817 640 854 quid
652 825 701 853 per
714 817 742 844 id
752 824 860 854 tempus
873 816 964 845 actum
977 815 1008 844 sit
1021 818 1030 843 ?
1055 814 1205 852 respondeo
1218 834 1226 844 ‚
1246 813 1429 850 inquirebatur
1443 823 1491 850 per
1504 818 1697 852 competitores

109 862 156 882 aut
176 854 240 882 alios
258 855 291 883 de
306 854 410 884 ambitu
426 854 454 883 in
467 854 616 892 defignatos
630 875 639 887 ,
665 855 700 882 de
711 864 766 893 quo
780 854 1000 883 alibidicendnm
1013 855 1072 883 erit.
1111 854 1162 882 His
1176 853 1213 882 ita
1225 851 1362 889 explicatis
1373 874 1382 887 ,
1408 853 1526 882 modum
1539 853 1696 885 comitiorum

85 883 90 891 '
110 893 257 921 trademus.

784 949 808 976 C
828 958 844 976 A
867 959 889 976 r.
929 946 1024 975 XIII.

299 1009 350 1042 De
361 1005 448 1042 modo
465 1009 701 1043 centuriatorum
714 1010 924 1048 comitiorum,
951 1014 999 1042 (5'
1012 1007 1148 1053 primum
1162 1003 1285 1053 quidem
1302 1002 1341 1039 de
1359 1004 1418 1048 iis,
1443 1015 1506 1051 quae

675 1066 747 1091 ame
761 1060 887 1091 comitia
891 1056 968 1105 fieri
974 1053 1120 1102 fidebant.

172 1134 226 1164 uod
240 1135 273 1163 ad
286 1135 402 1164 modum
415 1135 513 1164 horum
526 1135 681 1164 comitiorum
694 1137 790 1166 attinet
804 1158 811 1169 ‚
838 1137 887 1166 tria
904 1136 981 1165 nobis
995 1134 1183 1164 confideranda
1196 1135 1307 1162 veniunt
1319 1143 1330 1160 :-
1345 1130 1467 1173 primurn
1478 1153 1485 1164 ‚
1507 1132 1571 1171 quid
1584 1139 1614 1161 ut
1624 1132 1691 1169 justa

191 1173 352 1202 haberentur
363 1174 506 1202 centuriata
518 1175 633 1205 comitia,
656 1176 713 1203 fieri
726 1183 788 1204 ante
800 1174 856 1212 ipsa
869 1176 976 1203 soleret:
998 1174 1094 1202 deinde
1106 1174 1163 1210 quis
1178 1173 1276 1200 modus
1290 1173 1319 1199 in
1333 1171 1392 1208 ipfis
1403 1170 1512 1212 cem-niis
1525 1171 1687 1199 servaretur:

191 1212 329 1247 postremo
342 1213 404 1248 quid
418 1213 475 1249 post
490 1212 690 1252 dictasuffingia
704 1213 760 1241 fieri
773 1220 918 1250 oporteret.
938 1216 1000 1241 Hoc
1013 1212 1098 1248 capite
1112 1212 1145 1238 de
1158 1211 1203 1242 iis,
1223 1220 1280 1248 quae
1293 1217 1355 1238 ante
1366 1217 1471 1236 comma
1482 1209 1616 1237 observari
1624 1209 1689 1238 sole-

107 1249 173 1278 bant
188 1250 322 1280 dicemus,
343 1250 377 1277 de
390 1251 496 1287 reliquis
511 1251 538 1278 in
551 1250 601 1287 seq.
614 1259 670 1287 cap.
681 1251 774 1278 acturi.
1024 1281 1032 1288 ·

147 1287 269 1316 Primum
290 1288 415 1315 omnium
435 1298 467 1317 ex
486 1288 646 1317 authoritate
665 1288 768 1317 senat-us
785 1289 842 1317 haec
855 1287 956 1316 comitia
970 1287 1026 1316 fieri
1041 1285 1190 1322 oportebat.
1230 1288 1292 1315 Hoc
1307 1285 1381 1313 enim
1395 1283 1538 1313 discrimen
1552 1285 1624 1313 inter
1634 1295 1690 1312 cen-

108 1325 208 1353 turiata
221 1346 229 1357 ‚
255 1324 356 1352 curiata
368 1345 376 1355 ‚
402 1335 431 1353 ac
455 1326 552 1353 tributa
576 1325 678 1354 comitia
697 1336 792 1364 praeter
812 1327 861 1354 alia
882 1326 955 1355 fuiffe
975 1325 1076 1362 Diotgffi
1093 1324 1137 1352 lib.
1148 1336 1174 1361 9.
1193 1323 1283 1353 scribit
1296 1345 1303 1355 ,
1330 1323 1403 1360 quod
1423 1322 1528 1350 tributis
1546 1333 1602 1351 non
1621 1333 1690 1361 opus

107 1364 172 1392 esset
183 1363 287 1392 senatus
299 1363 474 1395 authoritate,
494 1366 522 1392 in
535 1364 641 1401 reliquis
655 1364 697 1392 vel
711 1367 830 1393 maxime
843 1364 946 1393 necesse
960 1363 1036 1395 esset,
1059 1372 1119 1390 eam
1133 1363 1266 1390 accedere.
1293 1364 1332 1389 Ac
1344 1361 1439 1398 primis
1452 1361 1563 1398 quidem
1578 1369 1685 1399 tempo-

105 1401 193 1433 ribus,
213 1402 271 1438 post
286 1400 376 1429 habita
386 1401 490 1429 comitia
502 1410 589 1438 patres
601 1402 726 1431 authores
741 1403 853 1435 fiebant,
873 1402 926 1431 hoc
939 1403 989 1432 est,
1010 1411 1053 1432 ea,
1074 1409 1132 1438 quae
1143 1400 1258 1437 populus
1272 1399 1322 1427 suis
1335 1398 1465 1439 iuffragiis
1477 1399 1602 1439 juffiffet,
1622 1409 1687 1428 con-

106 1439 256 1467 firmabant.
298 1439 389 1467 Postea
401 1449 466 1467 vero
479 1441 505 1468 id
518 1441 561 1476 jus
573 1440 672 1468 senatui
684 1441 841 1479 ademptum
857 1441 893 1469 est
904 1461 911 1472 ‚
932 1442 960 1469 ὃς
971 1440 1119 1467 institutum
1133 1458 1142 1469 ,
1163 1446 1192 1466 ut
1205 1446 1281 1470 ante,
1301 1447 1383 1475 quarn
1397 1444 1497 1463 comma
1508 1436 1686 1472 haberentur,

103 1478 132 1506 in
150 1479 284 1506 incertum
294 1477 450 1505 comitiorum
464 1487 592 1507 eventum
601 1499 608 1510 ‚
635 1486 722 1514 patres
734 1479 858 1507 authores
872 1479 976 1506 fierent.
1016 1478 1138 1505 Testatur
1151 1475 1202 1503 hoc
1215 1475 1306 1503 Livius
1316 1475 1360 1503 lib.
1373 1476 1401 1503 8.
1414 1473 1530 1510 pluribus
1544 1475 1611 1503 locis
1623 1496 1632 1508 ‚
1658 1479 1687 1505 St

105 1514 191 1543 cicera
207 1524 257 1552 pro
270 1514 386 1544 Plancio.
426 1517 547 1545 Testatur
561 1517 642 1544 etiam
656 1517 699 1543 lex
714 1521 744 1544 Ρ.
758 1516 869 1544 Philonis
883 1516 1028 1544 Dictatoris
1039 1535 1047 1547 ‚
1074 1524 1125 1552 qua
1140 1514 1281 1542 cavebatur
1293 1534 1301 1546 ‚
1328 1520 1359 1540 ut
1372 1512 1462 1548 legum
1477 1533 1485 1543 ,
1511 1521 1571 1548 quae
1581 1513 1687 1541 comitiis

105 1553 253 1580 centuriatis
269 1552 402 1581 ferrentur
413 1574 420 1585 ,
447 1562 509 1582 ante
522 1555 619 1583 initum
636 1554 790 1592 suffragium
801 1577 808 1587 ‚
833 1563 920 1592 patres
933 1553 1057 1583 authores
1068 1553 1172 1580 fierent.
1213 1553 1246 1579 Et
1260 1549 1392 1586 Appianas
1404 1549 1448 1576 lib.
1462 1560 1484 1577 1.
1498 1550 1633 1579 bellorum
1648 1552 1685 1580 ci-

104 1590 201 1619 vilium
214 1590 304 1618 scribit
317 1612 325 1623 ,
345 1592 359 1618 a
372 1596 403 1620 L.
416 1592 527 1620 Cornelio
541 1592 608 1629 Sylla
622 1593 710 1631 legem
724 1594 804 1621 latam
821 1614 828 1625 ‚
848 1601 878 1623 ut
891 1591 956 1621 nihil
969 1591 1112 1619 referretur
1127 1592 1159 1619 ad
1172 1590 1303 1627 populum
1317 1610 1325 1621 ,
1344 1588 1417 1626 quod
1431 1595 1493 1615 ante
1505 1588 1519 1616 a
1536 1588 1625 1617 senatu
1638 1590 1684 1617 de-

103 1636 223 1660 cretum,
244 1628 489 1667 confirmatumque
508 1640 564 1658 non
586 1631 661 1663 ess‘et,
681 1638 762 1668 atque
774 1632 863 1662 addit,
883 1631 968 1659 veteri
979 1631 1007 1657 id
1022 1629 1079 1667 lege
1094 1638 1203 1658 cautum
1217 1628 1301 1656 fuiss‘e.
1342 1626 1642 1666 Requirebaturpitaque
1654 1629 1682 1656 in

100 1666 207 1695 comitiis
224 1666 374 1694 centuriatis
391 1668 510 1704 primum
527 1690 534 1700 ,
560 1676 590 1697 ut
610 1677 696 1705 patres
714 1669 837 1697 authores
856 1669 950 1697 fierent
963 1689 970 1700 ,
997 1667 1051 1696 hoc
1064 1668 1101 1695 est
1113 1689 1120 1700 ‚
1145 1676 1175 1695 ut
1187 1665 1312 1704 juberent
1325 1665 1442 1702 aliquem
1456 1672 1559 1691 comum
1573 1665 1616 1692 illa
1626 1666 1684 1693 edi-

103 1714 171 1733 cere.
207 1703 342 1743 Jubebcmt
355 1715 446 1734 autem
460 1706 487 1734 id
501 1706 660 1744 plerumque
672 1706 894 1736 senatusconsulto
903 1727 912 1738 ‚
932 1706 1165 1744 quemadmodum
1181 1716 1212 1734 ex
1227 1704 1301 1732 Livio
1315 1704 1424 1732 constat.
1465 1702 1547 1738 Qod
1561 1702 1580 1729 fi
1594 1710 1683 1739 patres

100 1743 224 1771 authores
236 1753 291 1771 non
307 1744 401 1771 tierent
412 1764 419 1775 ,
443 1743 495 1772 hoc
508 1745 543 1772 est
552 1765 560 1777 ,
581 1755 636 1772 non
648 1744 792 1782 probarent
805 1745 891 1774 causas
903 1744 1058 1773 comniorum
1070 1765 1078 1777 ,
1099 1753 1158 1773 tum
1170 1741 1417 1772 intermittebantur
1428 1761 1436 1772 ,
1462 1740 1504 1766 vel
1521 1739 1681 1770 differeban-

100 1788 156 1813 tur,
176 1782 263 1810 donec
274 1781 377 1810 senatus
389 1782 532 1811 authoritas
543 1784 689 1811 accederet.
996 1790 998 1792 ’

139 1821 280 1858 Postquam
294 1828 382 1857 patres
394 1820 518 1848 authores
530 1820 592 1849 facti
605 1821 688 1850 effent
701 1842 709 1853 ‚
732 1821 784 1850 hoc
797 1822 834 1850 est
847 1843 854 1854 ‚
881 1821 1022 1858 postquam
1036 1819 1186 1858 probassent
1199 1818 1298 1846 comiti..
1314 1816 1357 1844 vel
1371 1816 1572 1852 magistratuum
1587 1826 1677 1845 crean-

100 1857 197 1885 dorum
211 1879 218 1890 ,
246 1859 286 1886 vel
305 1858 396 1896 legum
417 1858 591 1887 ferendarum*
601 1880 608 1891 ‚
634 1859 676 1888 vel
685 1855 851 1895 judiciorum
864 1860 1075 1888 exercendorum
1089 1857 1178 1885 haberi
1194 1880 1200 1890 ‚
1226 1866 1286 1885 tum
1300 1855 1420 1884 edietum
1433 1855 1561 1889 praemitti
1574 1856 1677 1884 neceffi=

101 1902 171 1926 erat,
191 1903 220 1923 ut
232 1897 265 1924 ad
279 1905 360 1933 quam
372 1897 444 1925 diem
459 1898 604 1925 convenire
615 1898 729 1935 populus
743 1897 866 1929 deheret‚
888 1898 976 1926 multo
989 1905 1050 1924 ante
1063 1896 1233 1933 intelligeret.
1253 1893 1332 1921 Unde
1346 1893 1389 1923 fit,
1409 1900 1438 1919 ut
1453 1893 1480 1919 in
1494 1891 1621 1921 omnibus
1634 1893 1675 1921 hi.

99 1934 185 1961 storiis
203 1941 259 1961 tam
273 1934 338 1971 Iaepe
351 1936 516 1971 reperiantur
530 1936 644 1971 Con-fides
656 1935 757 1964 comitia
769 1935 880 1974 edixtffe.
913 1936 944 1963 Id
959 1945 1024 1963 vero
1036 1935 1155 1962 edictum
1167 1935 1195 1962 in
1208 1931 1302 1960 tabella
1313 1931 1448 1971 scripturn
1456 1928 1562 1965 publice
1574 1939 1675 1968 propo.

99 1973 128 1999 ni
144 1970 260 2006 solebat,
286 1973 357 2009 quod
379 1982 409 2000 ex
422 1973 516 2015 Agellii
529 1973 574 2001 lib.
590 1984 630 2011 13.
644 1983 700 2011 cap.
716 1984 756 2010 ¹4·
770 1982 880 2012 apparet
892 1995 900 2006 ,
927 1974 972 2010 qui
985 1973 1019 2001 fic
1033 1970 1122 1999 scribit
1134 1982 1139 1998 z
1168 1973 1199 1998 In
1214 1971 1302 1998 ediCto
1315 1968 1363 1996 illo
1376 1968 1509 2002 Consulum
1519 1987 1527 1999 ,
1557 1971 1603 2005 qui
1617 1971 1672 1998 edi.

98 2017 162 2037 cunt
176 2031 185 2042 ‚
211 2011 270 2046 quis
287 2011 343 2038 dies
361 2010 468 2039 cominu
486 2011 632 2039 centuriam
651 2012 754 2040 futurus
774 2013 806 2041 fit
818 2033 826 2044 ,
852 2011 973 2040 scribitur
987 2020 1019 2038 ex
1033 2010 1115 2039 veteri
1130 2009 1219 2036 forma
1232 2014 1375 2044 perpetua:
1403 2006 1448 2034 Ne
1462 2007 1520 2043 quis
1535 2008 1672 2044 magistra.

99 2055 141 2076 tus
155 2048 245 2075 minor
256 2047 289 2075 de
300 2049 370 2077 coelo
381 2049 490 2079 servasse
498 2051 574 2078 velit.
594 2052 633 2078 Ex
648 2050 743 2088 quibus
755 2050 842 2078 verbis
855 2057 977 2086 apparet,
996 2050 1023 2076 in
1037 2058 1070 2076 eo
1084 2047 1172 2075 edicto
1184 2046 1258 2084 plura
1272 2046 1358 2082 capita
1371 2044 1447 2084 fuisse
1458 2045 1569 2082 scripta,
1589 2053 1671 2083 atque

95 2085 161 2113 illud
184 2087 391 2123 proponendum
406 2088 512 2124 publice
529 2088 604 2117 fuisse
618 2110 625 2120 ‚
649 2097 681 2117 ut
698 2088 800 2126 populo
821 2087 918 2117 notum
939 2087 1010 2115 esset.
1051 2087 1189 2125 Qoniam
1209 2092 1300 2112 autem
1319 2091 1422 2110 commu
1440 2084 1522 2113 etiam
1535 2084 1622 2112 adeffe
1634 2094 1668 2114 ex

97 2125 167 2163 agris
179 2124 303 2152 homines
316 2126 468 2161 oportebat,
489 2129 534 2164 qui
548 2128 575 2155 in
589 2127 692 2156 Urbem
707 2128 776 2158 fere,
798 2127 844 2154 nifi
860 2126 998 2158 nundinis,
1019 2124 1070 2152 hoc
1084 2124 1133 2155 est,
1154 2133 1229 2151 nono
1243 2131 1350 2160 quoque
1363 2122 1420 2153 die,
1440 2131 1496 2150 non
1510 2122 1668 2154 veniebant,

93 2170 237 2228 propterea
249 2164 366 2192 edietum
380 2164 444 2193 illud
453 2174 505 2202 per
516 2165 604 2202 plures
619 2166 674 2194 dies
687 2166 791 2203 publice
805 2174 894 2194 extare
906 2164 1011 2192 necesse
1024 2171 1094 2194 erat,
1115 2171 1144 2191 ut
1156 2160 1257 2199 populo
1268 2159 1390 2188 universo
1404 2169 1503 2188 notum
1517 2160 1591 2189 esset.
1618 2163 1667 2189 So-

105 2200 217 2238 ebatque
235 2201 393 2240 plerumque
412 2204 439 2231 in
457 2203 562 2231 comitiis
578 2204 724 2232 centuriam
742 2203 928 2232 trinundinum
949 2202 1065 2238 interjici
1078 2222 1085 2232 ,
1113 2202 1182 2228 inter
1201 2200 1318 2227 edietum
1337 2198 1401 2226 illud
1414 2220 1423 2231 ,
1452 2198 1572 2226 &diem
1590 2199 1666 2227 comi-

92 2238 186 2267 tiorum
200 2261 208 2271 ,
234 2251 289 2269 non
309 2250 414 2270 tantum
432 2242 460 2269 in
478 2241 568 2278 legum
589 2244 616 2271 &
633 2243 798 2279 judiciorum
813 2263 819 2273 ‚
840 2241 883 2270 sed
903 2240 1095 2279 mqgistratuum
1114 2248 1222 2276 quoque
1239 2237 1356 2266 comitiis
1370 2257 1379 2269 ,
1394 2237 1413 2264 fi
1433 2235 1498 2264 nihil
1516 2237 1666 2269 accidisset,

92 2278 167 2314 quod
186 2280 385 2315 impedimento
404 2280 467 2308 esset
479 2301 488 2312 ,
508 2289 543 2308 ne
560 2280 684 2317 legitimo
703 2289 828 2318 tempore
845 2279 945 2307 comitia
964 2279 1143 2306 haberentur:
1162 2277 1394 2315 quemadmodum
1414 2275 1509 2306 fiebat,
1531 2275 1550 2302 si
1565 2284 1611 2311 per
1625 2278 1667 2301 In-

93 2322 200 2354 terreges
217 2318 317 2345 comitia
337 2317 496 2348 haberentur
509 2340 518 2351 ,
547 2326 590 2346 aut
610 2320 748 2347 necessitas
765 2319 850 2356 aliqua
869 2317 990 2354 posceret
1002 2338 1010 2349 ,
1035 2316 1146 2345 comitia
1166 2317 1302 2344 maturari.
1341 2315 1457 2352 Qando
1470 2314 1544 2341 enim
1559 2316 1666 2354 [nferre-

87 2363 133 2392 ges
150 2354 251 2384 comitia
269 2356 383 2387 habituri
402 2365 477 2387 erant
489 2375 496 2389 ‚
523 2364 585 2386 tum
605 2364 678 2386 certe
695 2364 801 2387 tantum
814 2364 922 2394 tempus
936 2357 1007 2385 inter
1019 2355 1137 2384 ediffitum
1152 2374 1161 2387 ‚
1187 2356 1213 2385 δί
1223 2355 1299 2384 diem
1310 2352 1466 2382 commotum
1477 2352 1595 2387 interjic1
1609 2360 1670 2383 non

1590 2396 1673 2425 pote..
