2075 2734
406 60 795 108 DeTniuripuo
835 81 1346 122 M25022‚&c.(;n:292
1634 106 1687 135 753

752 150 776 176 C
803 157 819 175 Α
846 159 870 176 Ρ.
917 149 1041 176 XXIX.

245 209 297 242 De
310 205 461 256 triumpho
476 206 610 253 majore,
627 207 737 255 spoliis
752 209 861 256 opimis
875 233 885 249 ,
911 206 1039 242 arcubus
1052 208 1304 258 triumphalibus,
1331 217 1378 246 (φ’
1392 211 1538 261 trophaeis.

179 285 201 313 E
219 284 345 319 triumpho
357 286 450 318 majore
461 274 494 311 ea
507 281 633 310 hocloco
645 282 787 311 afferemus
796 304 805 315 ,
826 292 884 321 quae
896 282 963 311 olim
979 283 994 312 ὲ
1007 292 1170 321 praeceptore
1187 286 1277 313 nostro
1293 287 1422 324 Magistro
1435 292 1532 321 joanne
1546 293 1625 326 Κῷ,
1637 294 1687 329 piae

110 285 174 348 D
196 324 336 350 memoriae
353 322 410 349 viro
427 320 632 348 immortalitate
645 321 800 358 dignissimo
811 322 964 359 accepimus
975 343 983 354 ,
1011 331 1080 350 cum.
1089 324 1138 350 viri
1151 324 1285 351 clarissimi
1299 324 1384 352 Caroli
1393 325 1489 364 Sgomi
1501 328 1580 356 fastos
1594 340 1624 358 ac
1640 332 1688 359 tri-

109 360 224 398 umphos
236 361 340 398 publice
352 359 428 387 nobis
439 357 607 395 praelegeret:
625 368 706 395 pauca
715 366 820 388 tanturn
836 361 970 389 interdum
985 369 1016 388 ex
1029 360 1084 400 aliis
1099 361 1285 398 scriptoribus»,
1306 362 1350 390 ubi
1365 373 1432 400 opus
1446 364 1541 399 fuerit,
1563 369 1686 397 additui-i.

94 401 151 433 &ic
165 406 255 427 autem
269 400 290 426 is
302 396 486 432 triumphorum
498 398 633 424 rationem
649 397 727 425 nobis
739 398 889 435 explicavit.
925 401 1022 426 Honor
1036 399 1158 433 triumphi
1170 399 1221 427 fuit
1241 399 1303 428 illud
1319 400 1457 430 summum
1474 407 1500 433 &
1514 407 1689 443 magnificen-

107 438 237 466 tiffimum
247 458 256 469 ,
277 439 305 465 ὅῑ
319 435 540 471 jucundissimum
554 436 710 471 praemium,
729 446 784 473 quo
797 435 1005 474 praecellentium
1020 439 1216 471 Imperatorum,
1238 439 1284 475 qui
1300 448 1341 465 res
1354 440 1381 467 iu
1394 440 1465 468 bello
1478 443 1602 479 praeclare
1615 446 1688 474 δεξε-

108 474 194 504 liciter
207 475 353 513 gesserant,
373 474 457 501 virtus
472 476 498 502 δε
512 472 618 501 fortuna
631 474 700 509 apud
713 475 957 502 Romanosotnari
971 474 1079 502 solebat.
1588 482 1591 484 ·

145 513 188 542 Ad
207 522 304 541 vocem
325 512 396 548 quod
417 512 512 539 attinet
524 531 531 542 ,
552 512 706 539 communis
724 512 760 539 est
779 512 922 542 authorum
941 512 1069 540 sententia
1083 533 1092 544 ,
1111 514 1183 550 quod
1204 523 1233 541 ea
1253 515 1385 551 originem
1406 517 1500 547 habeat
1520 529 1552 548 ex
1573 520 1626 557 ipsa
1644 531 1688 550 ac-

107 552 286 584 clamatione,
307 550 321 577 a
340 550 430 577 Bacch»
451 549 637 587 cognomento
656 549 770 586 sumpta.
811 552 854 579 Sic
873 553 946 579 enim
967 553 1043 578 Varro
1062 550 1106 578 lib.
1127 562 1150 585 ς.
1171 552 1205 579 de
1223 552 1287 589 ling.
1310 555 1367 581 Lat.
1388 554 1477 584 scribit
1491 567 1496 582 :
1508 568 1511 569 ⁷
1524 558 1686 593 Triumphum

108 589 265 627 appellatum
282 609 289 621 ‚
309 588 380 625 quod
402 597 463 615 cum
487 589 654 624 Imperatore
672 589 813 618 redeuntes
832 589 932 618 milites
950 588 1087 616 clamitant
1106 598 1153 625 per
1172 589 1277 616 Urbem
1297 591 1324 617 in
1345 593 1509 628 Capitolium
1530 598 1621 624 eunti:
1647 597 1687 635 Jo

107 628 251 662 triumphe.-
278 631 307 659 so
320 627 466 660 triumphe:
495 626 574 663 idque
594 629 607 653 a
626 632 743 664 θμάμξφ
763 629 859 656 Graeco
885 627 974 655 Liberi
994 627 1073 664 patris
1098 635 1283 664 cognomento
1303 630 1388 666 potest
1415 631 1526 660 ductum
1553 635 1611 662 esse.
1652 636 1686 663 Et

107 667 181 703 quod
204 665 311 692 Bacchus
331 664 416 691 dietus
436 664 467 692 iit
490 669 622 698 §glapcsst
642 664 720 693 habet
740 668 822 693 etiam
845 665 996 692 Plutarchus
1022 666 1049 692 in
1070 665 1209 694 Marcello.
1249 667 1308 693 Fuit
1333 675 1422 696 autem
1444 669 1557 707 vulgaris
1577 674 1685 709 opinio,

107 705 180 740 quod
199 712 300 740 pompa
320 702 482 736 triumphalis
503 702 636 730 Bacchum
656 703 783 731 habuisset
807 705 834 731 in
861 705 963 731 Gra‘cia
981 702 1102 740 primum
1129 703 1269 730 authorem
1284 725 1291 735 ‚
1320 713 1350 732 ut
1369 707 1460 744 videre
1487 710 1522 736 est
1544 712 1611 745 apud
1632 711 1686 737 pli-

105 742 179 769 nium
198 741 267 769 libro
286 751 310 777 7.
329 742 414 776 capite
434 743 478 778 56.
500 742 527 769 ἃ
547 741 686 768 Diodorum
705 741 819 769 Siculum
837 741 882 769 lib.
896 753 923 778 5.
951 740 1162 770 Acclamationes
1183 751 1224 770 eas
1244 743 1367 778 expreffit
1386 746 1509 773 Horatius
1529 749 1589 775 Oda
1609 759 1635 777 2.
1655 749 1685 776 li-

105 778 155 808 bro
190 799 198 806 .

170 790 188 815 4
412 820 503 855 Tuque
519 817 581 844 dum
593 817 718 851 procedis,
738 816 779 852 Jo
796 815 921 852 triumphe
934 839 942 851 ,

415 857 475 880 Non
484 854 567 888 ftmel
583 853 706 887 dicemus,
727 854 768 891 Jo
788 854 927 890 triumphe,

410 890 512 919 Civitas
530 891 610 919 omnis
622 913 631 925 ,
658 892 820 932 dabimusque
839 892 906 921 diris

488 929 578 957 Thura
596 929 715 968 benignis.

255 970 291 998 Et
310 970 370 998 oda
386 980 412 1006 9.
432 968 559 1004 Epodon:

412 1005 452 1043 Jo
471 1006 610 1041 triumphe,
630 1015 660 1035 tu
681 1007 786 1036 moraris
806 1019 894 1037 aureos

414 1049 510 1071 Currus
525 1065 531 1075 ,
559 1045 600 1077 Co*
619 1045 728 1074 inradias
747 1046 825 1075 boves.

410 1088 442 1116 Jo
459 1081 584 1117 triumphe
596 1105 603 1115 ‚
629 1094 672 1111 nec
690 1084 851 1123 Jugurthino
865 1095 955 1120 parem

491 1121 560 1148 Bello
580 1122 708 1159 reportasti
726 1125 821 1150 ducem.

409 1163 496 1199 Neque
516 1158 642 1195 Africano
653 1181 660 1191 ,
687 1171 725 1188 cut
739 1163 814 1196 ficper
833 1161 1014 1200 Carthaginem

411 1197 496 1225 Virtus
509 1197 664 1231 sspulchrum
683 1200 804 1227 condidit.

143 1241 185 1268 Sic
197 1237 287 1266 Livius
299 1246 405 1275 quoque
417 1237 462 1264 lib.
473 1246 518 1272 45.
540 1235 659 1264 Militum
673 1238 783 1275 quidem
796 1240 904 1276 propria
918 1239 954 1266 est
968 1237 1055 1271 causa,
1075 1239 1120 1276 qui
1135 1240 1161 1268 &
1174 1240 1221 1277 ipsi
1235 1239 1356 1275 laureati,
1377 1244 1404 1272 &
1414 1242 1523 1281 quisque
1537 1242 1614 1273 donis
1624 1246 1681 1284 qui-

103 1277 152 1306 bus
165 1278 255 1306 donati
270 1277 328 1304 sunt
341 1276 468 1312 insignes,
488 1274 644 1308 triumphum
657 1278 770 1304 nomine
783 1279 862 1305 cient.

143 1315 256 1343 Causam
271 1315 380 1342 instituti
394 1314 472 1348 hujus
485 1312 649 1340 efficientem
663 1314 815 1350 generalem
830 1325 862 1342 ex
876 1315 919 1342 illa
932 1315 1021 1344 laetitia
1034 1337 1041 1348 ,
1063 1321 1143 1354 quam
1157 1317 1338 1347 universaliter
1353 1317 1431 1345 affert
1446 1319 1565 1348 liberatio
1580 1320 1593 1348 a
1608 1321 1680 1351 bello

102 1354 228 1383 terribili,
250 1355 276 1381 ἃ
290 1352 379 1383 malis,
399 1361 456 1388 quae
469 1350 500 1377 ab
517 1350 633 1378 hostibus
646 1351 718 1380 saevis
733 1352 793 1381 sunt
809 1354 969 1389 expectanda
984 1374 992 1384 ,
1014 1357 1040 1383 &
1056 1364 1087 1382 ex
1101 1354 1205 1385 favore,
1227 1365 1280 1393 quo
1293 1357 1396 1385 liberati
1408 1356 1579 1385 liberatorem
1594 1361 1683 1397 perse-

52 1383 56 1391 ¹
101 1400 234 1428 quuntur,
255 1393 280 1419 ἃ
297 1390 471 1427 qualicunque
484 1389 579 1416 noritia
592 1410 598 1420 ,
619 1391 691 1426 quod
705 1392 811 1418 numini
823 1401 874 1427 pro
885 1392 939 1419 lato
953 1392 1051 1420 auxilio
1062 1392 1221 1421 deberentur
1237 1396 1327 1432 gratiae
1341 1394 1460 1422 solennes
1475 1395 1482 1426 ,“
1504 1395 1579 1424 facile
1594 1400 1681 1433 potest

103 1429 226 1467 intelligi·
248 1430 278 1456 In
293 1429 378 1464 specie
392 1437 458 1455 vero
470 1429 572 1463 primus
586 1427 680 1455 author
692 1429 750 1456 talis
767 1438 874 1465 pompae
887 1430 914 1457 in
928 1429 992 1457 urbe
1004 1432 1097 1458 Roma
1107 1430 1157 1459 fuit
1170 1433 1304 1464 Romulus,
1325 1433 1369 1469 qui
1383 1432 1448 1460 caeso
1461 1433 1504 1460 sua
1517 1444 1599 1463 manu
1607 1441 1682 1464 Acro.

101 1477 132 1494 oie
146 1466 339 1495 Caeninenfium
356 1458 450 1503 Rege',
470 1474 531 1492 cum
547 1466 611 1501 Jovi
623 1475 698 1493 arma
709 1467 767 1502 ejus
787 1476 820 1494 ex
835 1475 902 1495 voto
916 1468 979 1495 ess'et
993 1469 1160 1496 dedicaturus
1174 1490 1180 1500 ‚
1201 1479 1331 1506 quercum
1346 1479 1426 1506 quarn
1449 1471 1476 1498 in
1490 1473 1578 1500 castris
1592 1475 1659 1503 vidit
1670 1496 1679 1508 ,

100 1506 197 1533 recidit
212 1525 220 1537 ‚
241 1507 266 1533 ὃς
281 1505 358 1532 instar
371 1503 482 1540 trophaei
495 1503 637 1531 adornavit
651 1524 658 1535 ,
677 1503 831 1543 Acroquue
843 1506 926 1532 armis
939 1513 1000 1541 apte
1014 1515 1046 1533 ex
1061 1516 1091 1534 ea
1111 1506 1236 1542 suspenfis
1251 1529 1260 1540 ‚
1287 1517 1317 1535 ac
1329 1508 1400 1535 veste
1420 1508 1475 1544 ipie
1488 1508 1602 1538 incincta
1615 1533 1624 1544 ,
1653 1516 1680 1541 ὃς

103 1543 205 1569 fluente
217 1552 309 1573 corna,
331 1543 416 1570 laurea
428 1550 570 1569 coronatus
584 1562 592 1573 ,
613 1542 728 1577 stipitem
744 1541 821 1569 illum
835 1543 931 1570 dextro
945 1543 1060 1571 humero
1071 1544 1190 1580 bajulans
1203 1565 1210 1576 ‚
1230 1546 1334 1573 Urbem
1349 1546 1385 1572 est
1401 1546 1527 1583 ingressus
1540 1569 1548 1582 ‚
1569 1558 1679 1579 carmen

104 1579 240 1607 victoriale
253 1581 380 1608 exercitui
393 1581 421 1607 in
433 1581 515 1606 armis
525 1578 646 1616 sequenti
658 1581 802 1615 praecinens
815 1600 822 1609 .
843 1583 869 1609 δε
883 1581 984 1609 civibus
996 1592 1058 1610 cum
1072 1583 1250 1619 gratulatione
1267 1586 1296 1613 ἅ
1309 1583 1428 1612 laudibus
1445 1594 1508 1613 eum
1525 1588 1680 1623 excipienti—

102 1615 163 1649 bus,
184 1617 236 1644 sese
249 1618 388 1644 ostentans.
411 1617 452 1645 Ab
463 1617 514 1644 hoc
526 1617 651 1652 exemplo
663 1617 847 1652 triumphorum
862 1619 1046 1647 celebritatem
1063 1621 1172 1648 initium
1188 1623 1286 1649 Romae
1299 1621 1449 1657 sumpiiss‘e,
1470 1622 1559 1651 scribit
1577 1625 1679 1654 Plutar-

101 1655 166 1682 chus.
193 1656 305 1683 Addidit
318 1655 453 1692 aliquanto
465 1655 523 1691 post
540 1659 565 1682 T
563 1664 618 1693 arq.
632 1656 730 1689 Priscus
744 1657 803 1683 Rex
815 1666 922 1684 currum
936 1678 945 1688 ‚
967 1659 993 1685 &
1007 1658 1056 1685 alia
1067 1678 1075 1689 ,
1095 1667 1152 1695 quae
1165 1660 1196 1687 ad
1209 1659 1327 1696 speciem
1339 1662 1365 1687 Sc
1376 1661 1604 1697 magnificentiam
1621 1674 1679 1693 ma-

100 1693 190 1730 jurem
206 1702 279 1721 erant
294 1701 447 1731 comparata
460 1713 466 1722 ,
488 1692 582 1730 quibus
601 1700 730 1728 quantum
745 1693 892 1730 splendoris
911 1695 1086 1730 postmodum
1107 1697 1260 1729 accesserit,
1279 1697 1370 1724 videre
1389 1698 1424 1725 est
1444 1698 1471 1724 in
1484 1697 1676 1734 speciofiffirnis

99 1732 256 1768 triumphis,
276 1741 342 1768 quos
357 1733 487 1760 duxerunt
502 1736 532 1760 L.
548 1730 660 1757 Caecilius
673 1731 806 1763 Metellus,
828 1734 860 1760 A.
873 1734 908 1760 U.
921 1739 992 1760 13111.
1012 1733 1161 1766 Marcellus,
1182 1744 1253 1762 anuo
1266 1742 1365 1764 mxxxi.
1386 1739 1416 1761 P.
1431 1734 1508 1770 Scipio
1522 1737 1676 1775 Africanus,

99 1778 169 1798 anno
187 1778 288 1799 loxmx.
317 1773 347 1796 L.
361 1768 478 1796 AEmilius
491 1769 588 1795 Paulus
602 1789 610 1800 ,
635 1778 706 1796 anno
728 1777 843 1798 toxxcvi.
868 1770 947 1805 Scipio
969 1772 1106 1808 Africanus
1122 1772 1251 1809 posterior
1272 1782 1342 1800 anno
1361 1780 1452 1801 locvm.
1471 1777 1502 1801 L.
1514 1777 1671 1813 Mummius,

99 1817 169 1836 anno
182 1816 286 1836 mcviii.
305 1806 407 1834 Marius
419 1817 489 1835 anno
515 1799 555 1834 ³c⁴1
566 1817 634 1834 xxii.
653 1806 725 1834 Sulla
738 1816 810 1835 anno
823 1815 952 1839 Det-XXH-
973 1811 999 1838 &
1013 1812 1148 1847 eompejus
1161 1812 1271 1839 tertium
1287 1811 1454 1848 triumphans
1466 1833 1475 1844 ,
1496 1821 1567 1841 anno
1579 1822 1674 1847 mcxn,

55 1851 58 1857 ’
98 1846 166 1873 item
180 1851 209 1873 C.
222 1846 306 1878 Julius
318 1845 396 1880 Caefitr
406 1866 414 1877 ,
435 1847 460 1873 &
474 1843 617 1882 Augustus,
637 1847 665 1873 δί
677 1846 865 1882 posterioribus
879 1848 1047 1884 temporibus
1062 1848 1228 1877 Aurelianus.

46 1907 51 1913 ,
66 1911 71 1913 μ
138 1885 181 1911 De
194 1884 282 1921 legibus
298 1882 490 1918 triumphalibus
505 1883 549 1909 has
561 1884 678 1918 reperio:
700 1885 781 1917 Quod
796 1886 913 1917 nemini,
935 1886 981 1913 nisi
996 1887 1040 1922 qui
1054 1886 1185 1918 Diei-utor,
1207 1896 1252 1916 aut
1265 1887 1367 1923 Confid,
1387 1895 1431 1916 aut
1439 1897 1539 1923 putrer,
1563 1901 1605 1920 res
1617 1894 1676 1932 ges:

42 1928 57 1940 *²
97 1921 180 1954 slffet,
201 1922 275 1950 licuit
294 1921 465 1957 triumphare.
494 1921 643 1947 Plutarchus
656 1921 683 1948 in
698 1923 752 1949 vita
768 1922 902 1958 Pompeji.
932 1922 1078 1950 Discess‘um
1092 1932 1185 1952 tamen
1202 1925 1233 1952 ab
1247 1925 1295 1953 hac
1315 1926 1374 1962 lege
1389 1921 1439 1955 fuit
1451 1945 1458 1955 .
1481 1930 1587 1964 quando
1600 1933 1675 1960 Lucio

78 1984 81 1986 .
99 1959 214 1987 Cornelio
227 1959 342 1988 Lentulo
355 1969 438 1986 oratio
452 1969 522 1986 anno
536 1966 624 1988 13L111.
640 1961 667 1987 ὃς
682 1961 750 1985 Cneo
764 1962 878 1994 Pompejo
890 1962 974 1997 equiti
988 1968 1092 1989 tanturn
1106 1981 1114 1995 ‚
1137 1964 1164 1990 δε
1181 1964 1303 1991 nondum
1324 1965 1352 1990 in
1371 1965 1495 1992 ordinem
1509 1966 1672 1999 senatorium

95 1997 241 2035 adscripto,
261 2008 292 2026 ac
306 1998 414 2025 vixdum
429 2007 529 2025 annum
543 1997 809 2033 decimumquartum
823 1999 904 2026 aetatis
918 1998 1033 2034 egresso,
1053 2000 1157 2035 primus
1169 2000 1309 2035 triumphus
1321 2011 1393 2029 anno
1407 2010 1536 2035 DCLXXH.
1547 2006 1673 2037 decerne-

95 2035 179 2064 batur.
208 2036 374 2070 Triumphum
390 2044 511 2072 petentes
523 2034 664 2071 oportebat
677 2043 752 2062 extra
765 2035 872 2063 Urbem
887 2036 1032 2067 subfistere,
1055 2040 1081 2065 &
1094 2037 1130 2066 ibi
1143 2038 1281 2066 decretum
1290 2040 1396 2074 ftnatus
1408 2042 1554 2077 expeQare.
1583 2046 1672 2076 Dandi

52 2072 53 2076 ’
95 2081 185 2102 autem
205 2074 281 2110 hujus
300 2074 409 2101 honoris
424 2095 432 2106 ,
460 2074 524 2101 ficut
545 2075 572 2101 δε
583 2071 790 2108 fitpplirariortum
810 2075 835 2101 &
854 2073 1006 2104 ovationum.
1018 2075 1131 2112 potestas
1151 2084 1207 2104 erat
1224 2086 1305 2113 penes
1317 2078 1437 2112 senatum
1450 2100 1459 2112 ,
1485 2089 1568 2116 quem
1589 2093 1670 2121 opor-

47 2110 51 2112 ’
93 2112 165 2140 tebat
186 2112 290 2148 semper
309 2113 445 2149 integrum
468 2112 630 2141 convenire,
660 2112 764 2148 quoties
783 2111 816 2138 de
835 2111 875 2139 his
893 2111 1005 2141 firminis
1024 2113 1171 2141 honoribus
1196 2123 1252 2143 erat
1271 2115 1438 2144 consultatio.
1479 2119 1559 2147 Facto
1578 2131 1669 2151 autem

93 2148 108 2176 ὲ
117 2151 212 2184 [εηαηι
231 2152 360 2182 decreto,
386 2151 420 2177 de
439 2151 535 2177 eodem
555 2150 586 2176 ad
605 2150 735 2185 populum
756 2148 908 2180 ferebatur,
928 2160 958 2178 ac
978 2159 1102 2188 praeterea
1121 2152 1282 2190 rogabatur,
1310 2162 1339 2182 ut
1359 2164 1392 2182 eo
1411 2156 1471 2187 die,
1499 2166 1553 2194 quo
1573 2161 1670 2189 trium-

93 2187 158 2223 phus
182 2189 342 2219 duceretur,
375 2189 521 2224 imperium
547 2186 716 2222 triumphanti
741 2187 854 2224 populus
880 2188 977 2217 daret:
1004 2190 1135 2227 siquidem
1160 2191 1187 2217 id
1212 2201 1297 2220 nemo
1313 2212 1322 2224 ,
1355 2193 1402 2220 nisi
1416 2194 1520 2230 populus
1540 2197 1602 2226 dare
1620 2208 1669 2235 po-

10 2222 22 2247 ζ’
49 2248 51 2250 .
90 2232 167 2254 terat.

90 2282 93 2285 .
132 2265 214 2292 Erant
226 2271 315 2291 autem
329 2263 420 2291 multae
431 2262 581 2298 impediendi
593 2262 714 2298 triumphi
727 2265 843 2291 rationes
856 2274 860 2290 z
875 2263 992 2298 primum
1006 2286 1015 2296 ‚
1037 2276 1099 2294 cum
1115 2266 1214 2296 tribuni
1226 2268 1310 2305 plebis
1324 2270 1469 2304 Imperatori
1484 2292 1492 2303 ,
1513 2273 1558 2307 qui
1573 2273 1670 2302 trium-

93 2300 176 2337 phum
191 2310 295 2338 peteret
308 2322 315 2333 ,
336 2302 421 2339 aliqua
435 2303 468 2329 de
483 2301 556 2329 causa
570 2301 678 2334 infensi,
699 2302 732 2329 de
747 2302 888 2338 rogatione
900 2302 1009 2331 ferenda
1022 2313 1118 2332 omnes
1129 2306 1278 2335 recusarent
1291 2318 1297 2334 z
1319 2308 1410 2335 deinde
1422 2318 1483 2336 cum
1498 2310 1668 2346 rogationem

93 2340 204 2378 quidem
217 2339 331 2368 tribunus
350 2340 443 2378 aliquis
455 2339 536 2369 ferret
549 2360 558 2373 ,
577 2339 621 2369 sed
635 2349 694 2368 eam
711 2341 823 2381 populus
842 2340 970 2381 suffragiis
985 2344 1155 2409 agtiquaret:
1179 2344 1255 2376 tertio
1267 2365 1276 2378 ,
1305 2346 1350 2376 ubi
1370 2345 1477 2377 tribuno
1498 2348 1670 2414 rogatipnem

1031 2390 1045 2409 c
1054 2390 1068 2410 c
1076 2390 1091 2410 c
1098 2390 1113 2409 c
1595 2395 1669 2416 eren-
