2075 2734
398 101 459 137 846.
835 98 1079 129 Pane,

397 150 421 173 ἃ
430 149 489 181 igni.
496 154 524 172 an
531 155 594 176 vero,
601 147 675 180 quod,
683 148 737 171 cuna
745 146 840 178 propius
847 145 946 182 Urbem,
953 146 1096 170 concedente
1102 145 1154 178 lege
1160 163 1167 173 ,
1183 169 1184 172 ,

397 180 592 212 pollethabitare,
601 179 722 204 Maniliana
731 186 808 202 tamen
817 177 961 209 probaverit,
974 186 998 202 ac
1005 179 1114 202 voluerit.
1127 185 1169 201 nec

398 220 457 244 puto
464 214 527 243 leges
534 219 570 236 aur
578 212 663 239 iudices
671 209 823 243 prascripfiffe
830 210 939 241 cuiquam
947 228 952 237 ‚
962 210 1002 234 ubi
1009 210 1054 235 esse
1061 210 1155 234 deberet
1161 226 1168 236 ,

397 244 438 269 sed
447 244 537 268 ubieffe
544 252 592 267 non
602 242 680 274 poss‘er:
694 250 736 266 nec
743 242 848 269 veroiis,
867 242 896 265 de
908 242 995 274 quibus
1007 244 1031 266 ὃ(
1044 243 1130 266 Cicero
1144 242 1169 265 in

398 277 508 300 oratione
515 283 557 308 pro
564 276 634 299 Balbo
643 291 649 302 ,
663 275 686 298 ὅ(
695 274 793 298 historia:
800 274 931 306 loquuntur
939 291 945 301 ,
967 277 998 305 Q.
1006 275 1114 298 Maximo
1121 291 1127 301 ,
1145 276 1167 297 P.

399 309 513 334 Popillio,
523 311 552 336 Q.
562 307 670 338 Philippo
678 307 788 332 Nuceria,
799 313 834 328 aut
842 309 868 329 C.
876 307 1067 330 CatoniTarraco
1075 323 1080 333 ‚
1093 312 1130 329 aut
1140 308 1173 335 Q

398 337 522 371 Cipioni,
537 340 588 361 &1¹v
600 339 693 362 Rutilio
700 340 868 368 Smyrnalocus
880 338 946 361 exilii
954 338 1064 362 definitus
1072 338 1114 361 est:
1131 336 1169 360 sed

399 371 441 402 ipti
450 389 455 398 ‚
463 378 517 394 cum
526 373 609 394 Romae
616 369 660 393 elle
668 377 716 393 non
723 371 804 393 liceret
813 387 820 395 ,
833 377 868 393 eas
876 369 942 393 urbes
950 386 956 396 ‚
970 377 995 393 ut
1003 371 1111 398 iucundas
1119 386 1125 396 ,
1134 376 1171 392 aut

398 404 496 433 quietas,
505 408 541 425 aut
548 402 695 429 commodas,
703 408 740 424 aut
748 401 788 425 fibi
795 401 884 425 fortass'e
892 401 1023 429 benevolas,
1031 402 1058 425 ad
1068 401 1168 425 habitan-

399 435 458 458 dum
465 435 581 466 legemur.
598 433 755 457 Memmabile
763 434 820 457 illud
827 433 881 460 fuir,
890 433 955 464 quod
962 434 1064 465 legimus
1071 435 1096 458 in
1104 433 1169 463 Poly-

399 465 441 489 bio
453 473 491 490 vr.
512 474 550 490 12.
574 467 646 497 Capite
657 467 766 488 damnatis
782 466 851 495 egredi
868 467 942 494 palam
959 474 986 488 ex
1000 465 1059 488 vrbe
1078 465 1170 493 liruffi,

398 498 484 529 quadfi
496 497 596 520 tribuum
608 506 651 520 una
659 514 665 524 ‚
677 498 807 528 qua-scilicet
820 498 848 519 ad
859 498 1019 520 damnationem
1028 498 1102 528 deesscr
1111 498 1168 526 ‚suf-

393 531 495 560 fragium
508 530 533 552 de
545 537 578 552 reo
591 530 681 551 nondum
694 528 788 557 mluffir,
800 529 933 558 fatuitatem
947 537 981 552 reo
989 531 1028 561 esse
1039 531 1115 552 datam
1123 536 1168 550 ext—

399 562 426 584 tii
436 562 474 589 suo
482 560 522 590 sibi
534 560 643 583 arburaru
655 562 769 590 deligendi.
785 559 887 583 exulibus
899 567 975 583 autem
987 561 1114 583 commorari
1121 566 1168 582 tuto

398 592 489 620 licebat,
506 594 527 615 in
540 601 584 624 qua
596 594 673 615 veHem
686 591 863 622 urbefoederata‚
882 598 907 614 ut
920 593 1028 623 Neapoli,
1047 592 1154 620 ‘Praenesle
1163 608 1169 618 ‚

398 623 481 647 Tibure.
499 626 551 647 l-laec
558 624 677 654 Polybius:
697 624 830 651 cujusaerate
838 624 938 655 populus
951 624 979 646 de
986 623 1120 655 capitalibus
1126 623 1168 646 cri>

398 655 505 678 minibus
513 655 636 682 iudicabat:
655 656 719 687 quod
730 655 795 678 idem
802 654 912 686 scriptum
921 656 1024 686 reliquit.
1033 663 1085 678 nam
1094 654 1168 686 postea

397 695 508 718 praetores
516 687 651 718 quaesieruut
659 705 664 713 ,
682 693 780 719 excepto
791 688 892 710 crimine
905 687 1087 719 perduellionis,
1105 693 1142 710 aut
1154 686 1169 710 fi

399 720 495 750 quando
503 719 609 742 tribunus
617 718 691 750 plebis
698 720 763 742 diem
770 719 837 742 alicui
844 719 940 745 diceret,
947 718 1130 750 suffragiumque
1140 718 1169 742 de

398 758 439 774 reo
447 752 528 774 mallet
535 750 547 774 a
555 752 644 783 populo
652 768 657 777 ,
666 758 737 781 quarn
744 749 883 774 sententias}
890 750 1004 780 judicibus
1011 767 1017 777 ‚
1028 751 1050 773 ὃ(
1060 757 1167 782 pra-tore,

397 781 462 806 ferri.
481 782 552 813 Qiod
566 789 644 806 autem
656 784 723 806 exilii
736 790 828 813 tempus
840 781 967 814 disparibus
980 783 1003 805 in
1011 783 1085 813 culpis
1092 782 1168 805 diver-

398 813 450 838 sum
458 813 523 839 fuisse
530 814 588 841 dixi,
596 814 620 838 id
628 815 658 837 ita
665 814 791 838 verisimile
801 813 833 838 est
842 831 848 841 ,
856 822 880 837 ut
888 815 1002 844 exemplis
1010 814 1100 845 probari
1110 814 1170 837 mul—

399 846 429 869 tis
436 854 487 869 non
494 846 583 870 debeat.
596 854 667 877 quare
674 854 747 870 unum
756 853 851 877 ponam,
858 845 897 870 etii
905 847 1007 869 minime
1014 845 1170 869 necessarium.

398 879 518 901 Damnatis
526 878 554 901 de
561 878 650 901 ambitu
659 885 714 909 aqua
722 878 745 901 ὃ(
753 879 803 909 igni
811 885 850 908 pet
857 880 884 901 X.
897 884 1068 901 annostaninm
1075 877 1172 901 interdi-

398 909 506 932 cebatur:
521 909 586 941 quod
594 916 645 932 ante
653 909 817 932 demonstravi.
833 916 854 932 at
860 909 975 933 damnatis
982 910 1010 933 de
1017 916 1129 941 corrupto
1137 909 1171 937 ju-

398 941 464 964 dicio
471 958 477 968 ,
486 942 511 964 in
520 941 654 965 universum
662 942 712 964 vitae
721 948 826 972 tempus:
843 941 909 972 quod
917 949 944 964 ex
951 942 1059 964 oratione
1066 948 1107 971 pro
1115 941 1171 964 Clu-

398 973 464 996 entio
478 980 526 1003 cap.
536 981 575 1000 71·
589 974 643 996 licet
652 973 781 1000 conjicere:
798 972 893 1000 cujusin
902 979 1022 998 extremo,
1041 972 1169 1002 periturum

397 1009 460 1028 extra
467 1006 563 1034 patriam
571 1005 711 1027 Cluentium
720 1021 725 1031 ‚
740 1003 754 1026 si
762 1004 881 1027 damnatus
887 1005 932 1027 erit
941 1020 947 1030 ,
960 1004 995 1027 his
1004 1003 1079 1027 verbis
1085 1002 1171 1034 fignifi-

398 1042 449 1059 cat:
469 1036 535 1065 §Quid
548 1038 588 1058 erit
600 1036 718 1064 ¹trosellum
732 1051 738 1062 ,
755 1036 796 1066 m'fi
806 1042 831 1057 ut
843 1036 909 1068 hujus
923 1043 951 1058 ex
963 1037 1039 1058 mediis
1052 1037 1126 1058 mortis
1139 1036 1172 1057 in-

395 1068 456 1096 fidiis
469 1069 518 1089 vita
530 1068 559 1090 ad
571 1068 655 1090 ludium
669 1068 777 1096 reservata
791 1083 797 1092 ‚
821 1074 875 1089 mors
885 1068 994 1098 sepulchro
1004 1068 1074 1099 patris
1083 1068 1172 1097 privata

398 1098 436 1126 effi
446 1098 548 1121 videatur
555 1103 566 1122 ,θ
584 1102 618 1122 Ae
626 1098 654 1121 de
662 1097 753 1121 duobus
760 1098 837 1122 exiliis
845 1114 852 1125 ,
861 1099 1003 1125 voluntario,
1014 1105 1037 1121 ac
1045 1098 1156 1129 legitimo
1165 1115 1170 1125 ,

397 1136 477 1154 utrum
484 1129 756 1161 fueritgravius‚venitin
765 1137 871 1153 mentem
879 1131 949 1160 quteri
956 1128 1026 1161 poffe.
1033 1130 1171 1161 legitimum

398 1162 524 1185 existimo:
539 1163 641 1193 primum
652 1179 657 1189 ,
671 1161 736 1193 quod
743 1169 783 1185 eos
793 1179 799 1189 ‚
813 1161 899 1193 quibus
913 1163 1001 1193 aqua&
1010 1162 1061 1193 igni
1073 1162 1170 1185 interdi-

398 1193 463 1216 &um
471 1193 503 1216 est
510 1210 516 1220 ‚
525 1194 597 1224 recipi
605 1194 667 1217 teeto
675 1195 733 1217 intra
742 1193 840 1225 spatium
848 1194 1002 1217 interdictum
1009 1195 1170 1225 legesvetant:

398 1224 464 1256 quod
473 1225 501 1249 iis
509 1232 558 1248 non
565 1226 674 1257 contigit,
682 1226 724 1257 qui
732 1224 767 1248 sua
775 1225 856 1257 sponte
863 1226 994 1249 inexilium
1003 1225 1169 1257 profugerunt:

397 1257 484 1280 deinde
491 1274 496 1283 ‚
517 1257 590 1288 qttod,
603 1264 626 1280 ut
633 1265 678 1288 ego
685 1257 790 1284 arbitror,
799 1258 919 1289 aliquanto
927 1256 1053 1288 turpiusest
1063 1274 1069 1284 ,
1077 1258 1170 1280 exulare

399 1288 490 1319 legibus
497 1289 607 1317 ercitum,
616 1297 687 1320 quam
694 1289 785 1312 exulare
792 1296 841 1312 non
848 1290 958 1317 ejestum.
969 1289 1060 1318 ejicitur
1066 1289 1132 1312 enim
1140 1290 1172 1313 ci-

399 1322 470 1345 vitate
478 1338 483 1347 ‚
490 1321 528 1343 cui
536 1328 592 1352 aqua
600 1337 606 1347 ,
621 1323 644 1344 ὃ(
653 1321 714 1352 ignis
721 1320 882 1344 interdicitur:
893 1322 936 1352 qui
943 1328 998 1344 vero
1006 1319 1042 1344 sua
1049 1321 1171 1345 voluntate

398 1352 503 1378 discedit,
512 1359 561 1376 non
569 1353 588 1376 is
595 1353 687 1376 civitate
695 1353 788 1383 pellitur
794 1370 800 1379 ,
810 1352 849 1376 sed
856 1360 906 1376 eam
914 1351 962 1384 ipse
969 1352 1061 1380 deserit,
1069 1360 1092 1376 ac
1099 1353 1167 1377 relin-

398 1384 458 1415 quit.
473 1384 517 1407 huc
525 1384 583 1407 adde
592 1402 597 1411 ,
605 1384 671 1414 quod
694 1384 780 1416 quibus
787 1385 940 1411 interdicitur,
948 1385 965 1408 ii
974 1384 1088 1408 senatores
1094 1384 1171 1416 postea

399 1423 449 1439 non
458 1414 508 1439 sunt
517 1432 523 1442 ,
535 1417 557 1439 ἔ(
565 1423 606 1439 eos
613 1417 660 1447 legi
669 1416 709 1439 suo
717 1417 772 1439 loco
779 1415 791 1439 a
798 1415 892 1440 censore
899 1417 922 1440 in
931 1417 1034 1440 senatum
1041 1417 1105 1447 leges
1117 1425 1171 1448 pro-

398 1447 492 1470 hibent:
505 1447 591 1478 quibus
598 1455 653 1470 vero
661 1455 710 1471 non
718 1448 873 1474 interdicitur,
881 1449 898 1471 ii
906 1449 975 1471 etiam
984 1448 1000 1471 fi
1008 1447 1068 1471 Urbe
1075 1455 1152 1472 carent
1161 1465 1167 1475 ,

399 1478 514 1502 senatores
521 1485 597 1502 tamen
606 1478 664 1502 sunt.
679 1479 724 1502 hoc
731 1487 758 1502 ex
767 1480 874 1502 oratione
881 1487 924 1510 pro
933 1482 1014 1503 Domo
1027 1487 1076 1510 cap.
1088 1487 1125 1505 31.
1134 1480 1170 1503 di-

399 1510 513 1533 dicimus:
524 1511 546 1533 in
554 1518 597 1541 qua
606 1510 651 1533 hare
659 1510 724 1533 sunt:
738 1514 773 1532 Ne
779 1517 827 1532 rum
834 1512 931 1541 quidem,
939 1510 1171 1541 :amabemm‚›1egare

397 1548 477 1570 poteras
489 1541 526 1569 effi
537 1551 570 1563 me
577 1544 705 1570 senatorem.
719 1541 757 1564 ubi
768 1543 825 1563 enim
838 1543 932 1567 tuleras,
951 1549 976 1564 ut
989 1543 1043 1564 mihi
1053 1550 1126 1573 etqua,
1143 1542 1168 1565 ὑ

398 1575 451 1603 zgm'r
466 1574 642 1595 interdiceretur?
659 1574 716 1603 quod
729 1574 836 1595 Gracchus
850 1574 875 1595 de
889 1575 1021 1604 P.Pap1uio‚
1039 1574 1170 1596 Saturninus

398 1606 423 1626 de
436 1606 535 1627 „Metello
548 1605 610 1627 tulit.
625 1604 718 1626 homines
725 1604 875 1633 fiditiosiffimi
886 1605 911 1626 de
923 1606 1009 1633 oprimi}
1023 1621 1030 1631 ‚
1053 1606 1170 1634 acf'crtiffi-

399 1637 442 1657 mir
454 1635 551 1661 (ivibus,
568 1643 607 1657 non
618 1641 643 1657 ut
657 1637 706 1666 esset
718 1636 856 1658 interdic’ium
865 1651 871 1661 ‚
889 1637 1009 1665 quodscrri
1021 1644 1060 1658 non
1071 1642 1167 1665 poterat,

399 1668 499 1689 tulerunt
513 1683 520 1694 ‚
539 1667 576 1696 sed
588 1673 613 1689 ut
626 1668 796 1690 interdiceretur.
820 1666 858 1689 ubi
869 1667 945 1695 cavisti
956 1683 963 1692 ,
981 1675 1006 1689 ne
1018 1675 1064 1689 meo
1082 1675 1115 1689 me
1128 1668 1169 1689 loro

399 1699 465 1726 sensbr
478 1699 500 1720 in
514 1699 616 1728 senatum
629 1699 706 1729 legeret
720 1702 731 1722 .¹
753 1700 811 1729 quod
827 1699 852 1720 de
865 1698 962 1720 ommbua
975 1714 982 1724 ‚
1009 1700 1077 1721 etiam
1093 1698 1169 1729 quibus

400 1731 507 1752 damnatis
521 1729 661 1752 interdictum
674 1730 715 1758 est,
729 1730 833 1759 [Eriptum
845 1728 872 1758 est
884 1730 905 1752 in
919 1729 1007 1760 legibus.
1023 1732 1099 1761 Ergo,
1114 1737 1169 1753 cum

398 1761 427 1784 de
436 1762 511 1792 poenis
518 1760 651 1793 capitalibus
659 1762 796 1792 loquimur,
811 1761 953 1784 autexilium
966 1761 1027 1784 inter
1038 1769 1074 1785 eas
1087 1769 1171 1785 nume-

399 1793 496 1816 randum
504 1801 554 1816 non
561 1792 592 1816 est
601 1809 607 1820 ‚
616 1793 681 1824 quod
688 1794 726 1816 lex
733 1793 795 1816 nulla
804 1809 810 1818 ‚
824 1793 915 1816 nullum
924 1792 955 1816 ob
963 1793 1113 1816 malefasturn
1122 1810 1127 1819 ‚
1138 1793 1170 1816 ir-

398 1824 507 1856 rogabat:
524 1831 561 1848 aut
568 1832 596 1847 eo
604 1824 633 1847 de
642 1825 715 1848 exilio
723 1823 858 1850 dicendum,
866 1824 931 1854 quod
941 1841 945 1849 ,
955 1823 995 1847 etfi
1002 1831 1051 1847 non
1060 1825 1169 1847 nomina-

400 1863 461 1880 retur
468 1873 475 1883 ,
488 1856 609 1880 necessario
617 1863 695 1880 tamen
703 1872 709 1883 ,
717 1863 771 1879 cum
779 1855 892 1879 damnatis
900 1855 1075 1879 interdiceretur
1082 1863 1138 1887 aqua
1145 1856 1169 1880 ὅ(

400 1889 465 1920 igni,
474 1888 664 1920 consequebatur.
682 1888 794 1918 Capitalia
802 1894 856 1910 vero
864 1887 961 1910 crimina
971 1887 1069 1918 publicis
1077 1887 1169 1915 judiciis

398 1921 479 1944 omnia
487 1918 698 1952 cognoscebantur:
717 1921 830 1943 nonitcm
839 1918 929 1950 publica
937 1919 1020 1947 judicia
1034 1919 1062 1942 de
1070 1919 1171 1950 capitali-

399 1952 440 1976 bus
449 1954 529 1976 omnia
535 1952 675 1976 criminibus
685 1951 777 1975 fiebant.
787 1959 848 1978 narn,
857 1957 880 1974 ut
888 1951 960 1974 instit.
968 1950 1029 1974 libro
1035 1953 1073 1975 IV.
1081 1958 1127 1982 cap.
1135 1956 1170 1974 18.

400 1989 420 2009 ἢ.
431 1992 450 2010 3.
464 1984 575 2007 traditum
588 1984 633 2011 est,
646 1986 667 2016 fi
677 1992 743 2014 quam
755 1985 871 2011 infamiam
882 1982 1002 2013 irrogabant
1010 1981 1099 2015 publica
1106 1984 1171 2012 judi«

399 2024 431 2037 ιω
443 2025 491 2038 tum
504 2017 580 2038 damna
591 2017 715 2047 pet-uniarw
724 2032 730 2043 ‚
746 2015 833 2045 publica
845 2016 932 2046 quidem
946 2021 1006 2037 eram
1021 2031 1027 2041 ,
1043 2023 1081 2037 non
1096 2020 1169 2037 tamen

400 2048 509 2074 mimalia.
533 2048 604 2079 Qiod
611 2047 710 2078 quidem
719 2064 724 2072 ,
732 2046 748 2071 si
757 2047 785 2070 de
791 2045 860 2070 caufis
872 2045 979 2077 publicis,
987 2045 1104 2076 inquibus
1116 2053 1170 2070 cum

399 2077 541 2102 detrimento
549 2080 582 2102 rei
590 2079 709 2102 familiaris
716 2077 781 2102 samm
791 2079 872 2107 jastura
880 2079 1074 2109 conjungeretur,
1087 2085 1169 2101 verum

400 2108 445 2131 est:
465 2110 539 2133 multo
553 2112 627 2141 magis
640 2111 668 2134 de
682 2111 782 2142 privatis.
797 2110 872 2132 &hoc
886 2109 961 2140 ipsum
975 2110 1070 2132 declarat
1084 2110 1170 2133 Cicero

401 2139 453 2163 satis
464 2143 569 2170 apertein
577 2142 641 2173 epist.
655 2142 681 2166 ad
690 2145 773 2166 Pastum
787 2144 849 2165 Fam.
861 2148 896 2164 rx.
907 2150 945 2165 20.
957 2141 993 2164 his
1001 2140 1089 2164 verbis:
1106 2141 1170 2170 Judi-

398 2173 431 2194 cia
444 2180 482 2194 non
491 2174 582 2202 sblemru
597 2176 667 2196 onmia
679 2175 770 2197 miliare
784 2183 824 2196 uno
839 2174 904 2196 modo.
920 2174 1020 2202 privatas
1038 2173 1127 2201 camisia,
1142 2171 1168 2196 ὼ·

402 2212 438 2226 tu:
451 2210 538 2227 tenues.
556 2213 637 2234 agimus
651 2205 749 2232 subtilius
759 2216 766 2228 .·
784 2206 858 2236 rapitis
872 2222 877 2230 ,
896 2205 1008 2234 autfamae
1023 2222 1028 2229 ,
1044 2205 1124 2233 scilicet
1136 2213 1168 2226 or-

399 2236 480 2258 narim.
503 2236 605 2262 Seiunxit
617 2238 682 2260 enim
694 2235 782 2260 {acautis
794 2235 928 2267 capitalibus
941 2235 1014 2259 causas
1028 2235 1106 2263 famae,
1124 2235 1169 2260 sive

400 2266 517 2297 publicas,
529 2266 574 2290 sive
583 2268 687 2298 privatas.
705 2269 745 2292 Sed
754 2268 801 2299 ipsc
810 2268 1061 2292 mcindubitationem
1074 2274 1168 2292 revoco,

398 2298 497 2322 sicausae
504 2298 569 2322 famae
581 2299 686 2329 capitales
697 2307 745 2323 non
753 2300 816 2323 sunt:
829 2308 869 2324 cur
878 2300 985 2332 Qrinffii
998 2299 1086 2323 causam
1095 2316 1100 2326 ,
1118 2307 1167 2330 quae

398 2329 464 2354 famae
477 2329 522 2357 est,
536 2331 656 2362 capitalem
670 2331 759 2355 Cicero
772 2331 898 2362 significat?
915 2332 945 2355 ait
957 2333 1022 2356 enini
1037 2332 1060 2355 in
1068 2331 1168 2355 exordio

398 2369 445 2393 cap.
462 2371 484 2386 z.
510 2362 578 2393 Quid
591 2364 627 2386 hoc
640 2363 737 2394 iniquius
750 2379 756 2390 ,
774 2370 812 2386 aut
829 2364 937 2394 indignius
951 2380 957 2391 ‚
974 2372 1042 2396 quam
1055 2372 1090 2387 me
1104 2380 1110 2392 ,
1127 2364 1167 2396 qui

1149 97 1415 126 Manui·

1455 105 1466 125 1
1503 103 1515 125 1

1199 150 1264 176 caput
1276 145 1382 171 alterius,
1395 145 1498 174 samam,
1511 144 1654 176 sbrtunas'que
1662 145 1773 177 defina'am
1780 162 1786 174 ,
1787 147 1860 177 priore
1871 150 1913 173 laco
1919 159 1972 175 caso—

1182 175 1246 207 }fizm
1259 178 1342 199 dicere?
1362 177 1385 199 δε
1399 176 1471 200 infra:
1492 173 1605 200 Clamabat
1618 178 1735 208 Qinfflm
1747 189 1754 202 :
1775 179 1817 209 sese
1829 181 1900 203 iccirco
1914 183 1971 207 nolle

1200 209 1303 237 satisdare
1315 225 1321 235 ,
1344 217 1369 231 ηι
1383 209 1498 232 videretur
1507 208 1617 240 judicaffi
1629 225 1635 235 ‚
1654 208 1752 240 banasam
1768 219 1795 234 ex
1808 212 1873 235 edicio
1883 215 1971 246 possess.

1202 241 1255 271 esse:
1266 241 1396 272 sponsionem
1406 247 1465 270 porro
1479 242 1500 272 fi
1511 240 1715 270 nstr'usmoa'ifaceret
1731 242 1771 271 ‚ft
1787 259 1792 268 ‚
1809 244 1831 266 ia
1847 246 1903 274 quod
1914 254 1971 269 num:

1201 273 1284 296 evenit,
1304 272 1329 294 de
1341 273 1409 302 capim
1417 271 1456 301 suo
1465 279 1537 304 priore
1545 274 1588 295 loco
1601 273 1686 301 ‘ausim
1698 273 1734 302 effi
1746 273 1867 299 ducturum.
1884 279 1913 300 Et
1919 284 1971 308 cap,

1204 310 1240 328 31.
1257 302 1365 326 Hmibite
1377 303 1416 332 est,
1433 306 1518 333 causam
1532 310 1609 335 captus
1621 305 1701 328 dicere.-
1715 304 1837 328 horribilius
1847 308 1917 339 priore
1927 310 1969 331 loro

1201 335 1276 357 dicere.
1292 337 1348 358 Sane
1355 342 1404 358 non
1410 335 1491 358 leviter
1499 335 1634 366 aliquandiu
1641 334 1687 359 haec
1695 344 1733 360 ine
1740 337 1790 360 loca
1800 339 1837 364 ,ὃς
1845 338 1887 361 alia
1893 338 1971 368 hujus-

1201 365 1270 388 modi
1283 367 1308 389 in
1315 374 1341 390 ea
1349 367 1456 390 oratione
1467 367 1639 397 perturbarunt,
1653 375 1731 399 eoque
1738 369 1826 400 magis,
1836 370 1902 401 quod
1908 371 1971 395 causti
1983 382 1985 384 ·

1202 398 1308 428 Qinffii
1316 397 1342 422 ad
1349 405 1533 429 recuperatorem
1541 399 1622 431 agitur.
1635 406 1664 423 ex
1671 407 1720 431 quo
1728 399 1831 431 sequitur
1838 418 1844 428 ,
1855 409 1879 425 ut
1886 404 1971 434 privata

1203 428 1237 452 fit.
1245 436 1414 461 recuperatores
1422 430 1496 457 enim,
1504 431 1528 454 δι
1535 433 1564 455 C.
1572 432 1647 455 viri&
1655 431 1734 456 arbitri
1742 449 1748 459 ,
1756 432 1842 460 iudices
1852 433 1912 462 sunt,
1927 435 1972 465 (li-

1201 468 1247 484 ceat
1256 461 1293 484 hic
1302 461 1399 485 arbitros
1407 461 1558 491 interjudices
1565 479 1572 489 ,
1579 462 1692 487 vocabulo
1700 464 1802 487 minime
1810 467 1905 497 proprio
1913 483 1919 493 ‚
1928 473 1971 490 no-

1201 494 1299 523 minate)
1307 494 1415 518 civilibus
1422 494 1447 518 in
1455 494 1617 518 controversiis
1625 494 1650 518 ab
1658 494 1746 519 urbano
1753 503 1850 527 pratore
1858 498 1912 521 dati.
1919 505 1970 522 cans

1200 523 1247 548 sam
1255 532 1327 556 porto
1333 526 1454 557 capitalem
1462 525 1489 549 ad
1496 533 1679 557 recuperatorem
1686 528 1763 559 agi,ita
1770 528 1830 552 mihi
1838 529 1970 558 absurdum,

1201 556 1232 580 ita
1239 565 1290 580 non
1297 558 1382 581 rationi
1389 556 1571 582 consentancum
1578 557 1705 587 videbatur,
1727 566 1752 583 ut
1764 559 1892 590 persuaderi
1902 562 1969 585 nullo

1200 588 1274 612 modo
1284 589 1363 620 posset.
1376 588 1414 613 sed
1421 589 1512 614 fortasse
1519 608 1525 617 ‚
1544 596 1570 613 ut
1576 589 1633 621 faepe
1639 589 1790 615 distinetione
1797 593 1877 615 veritas
1890 593 1972 617 illuce-

1199 620 1240 644 scit
1248 638 1254 648 ‚
1263 621 1330 645 idem
1337 622 1375 645 hic
1383 629 1480 653 quoque
1488 621 1562 653 potest
1568 622 1670 646 evenire.
1681 623 1795 653 cogitavi,
1806 625 1914 656 nunquid
1921 634 1972 648 cau-

1195 654 1244 681 fiam
1257 653 1294 682 effi
1305 655 1420 685 capitalem
1433 671 1440 681 ,
1458 654 1496 681 &‚
1513 654 1550 684 agi
1561 654 1586 676 de
1598 655 1667 685 capite
1680 671 1687 680 ,
1704 654 1763 680 ssve,
1780 658 1854 687 capitis
1867 658 1906 686 esse
1918 665 1970 680 cau-

1194 685 1244 713 sam
1255 701 1261 712 ,
1277 684 1342 709 idem
1350 684 1384 709 fit.
1402 692 1451 708 non
1459 686 1525 708 enim
1532 684 1616 708 dubito
1624 701 1631 712 ,
1643 686 1716 717 quin,
1726 684 1794 709 causae
1800 688 1905 717 capitales
1918 695 1970 719 qua:

1201 722 1319 744 vocantur,
1329 724 1357 740 ear
1362 717 1416 740 dem
1423 715 1491 740 causae
1498 717 1578 748 capitis
1585 719 1662 740 vocari
1669 724 1753 740 omnes
1761 717 1857 749 poffint:
1872 726 1923 750 qnae
1929 727 1969 744 ve-

1201 755 1227 770 to
1235 749 1316 778 capitis
1324 766 1329 775 ,
1343 747 1434 772 fortasse
1440 756 1489 772 non
1496 756 1580 772 omnes
1586 750 1645 773 irem
1652 749 1767 781 capitales.
1780 757 1834 773 nam
1841 750 1901 774 causa
1908 752 1970 783 eapi-

1200 780 1229 802 tis
1242 780 1382 812 Qinstiana
1394 780 1491 804 dicitur:
1505 788 1577 812 quam
1588 787 1667 804 tamen
1681 781 1747 804 nullo
1761 781 1836 805 modo
1849 783 1973 813 capitalem.

1199 810 1265 835 fuisse
1272 812 1390 836 concedo:
1408 813 1494 836 cumin
1501 820 1525 836 ea
1532 820 1610 844 neque
1618 812 1646 836 de
1652 812 1758 836 libertate
1765 830 1771 840 ,
1789 820 1868 845 neque
1876 815 1904 838 de
1910 815 1970 839 civi-

1201 849 1244 866 tate
1251 843 1375 867 adimenda
1382 861 1389 871 ‚
1402 851 1453 875 qua:
1460 845 1563 875 capitalia
1569 844 1635 868 fuisse
1642 845 1726 874 judicia
1733 851 1817 870 notum
1824 845 1856 869 est
1862 863 1869 873 ‚
1884 852 1969 877 agatur.

1201 874 1224 897 δι
1231 873 1295 898 causa
1303 876 1416 901 Mancini,
1422 882 1503 907 quem,
1511 882 1536 899 ut
1542 877 1636 903 Cicero,
1644 877 1668 899 &
1676 877 1715 900 alii
1722 876 1882 906 prodiderunt,
1890 877 1903 900 ὲ
1910 883 1972 908 patre

1200 912 1288 936 patrato
1295 914 1323 930 ex
1331 908 1353 931 S.
1361 909 1389 930 C.
1397 908 1548 931 Numantinis
1555 907 1672 933 deditum,
1680 908 1819 931 Numantini
1826 916 1874 931 non
1881 916 1974 939 recepe-

1200 944 1262 965 runt,
1273 938 1337 962 causa
1344 938 1442 971 quidem
1449 939 1530 970 capitis
1536 939 1567 962 est
1576 956 1583 966 ,
1596 940 1682 971 (agitur
1689 940 1755 962 enim
1764 940 1818 963 inea
1826 940 1856 963 de
1862 941 1956 964 civitate
1965 958 1972 967 ‚

1200 969 1229 992 de
1236 969 1341 993 libertate
1348 986 1354 996 ,
1363 970 1392 993 de
1398 971 1483 1001 capite)
1496 972 1598 1001 capitalis
1604 978 1682 994 tamen
1689 978 1738 994 non
1745 970 1786 994 est.
1800 972 1824 995 in
1832 972 1971 1003 capitalibus

1200 1001 1266 1024 enim
1274 1002 1382 1032 quaeritur
1391 1002 1420 1025 de
1426 1002 1527 1025 crimine
1535 1019 1542 1029 ‚
1549 1003 1573 1025 ἃ
1581 1003 1700 1026 damnatos
1708 1002 1842 1026 deminutio
1849 1005 1930 1034 capitis
1940 1011 1969 1028 ex

1199 1031 1304 1060 judicum
1312 1032 1422 1056 sententia
1430 1032 1544 1064 sequitur:
1563 1034 1588 1056 in
1596 1034 1646 1057 aliis
1659 1040 1735 1058 autem
1747 1035 1827 1066 capitis
1840 1035 1909 1059 caulis
1921 1036 1971 1067 agi-

1200 1070 1237 1086 tur
1244 1064 1341 1096 quidem
1354 1064 1382 1087 de
1389 1064 1462 1095 capite
1469 1082 1475 1091 ,
1490 1070 1624 1088 nontamen
1632 1066 1740 1096 queritur
1747 1066 1776 1089 de
1782 1067 1882 1090 crimine
1890 1085 1896 1094 ,
1909 1068 1971 1099 capi-

1199 1095 1277 1127 tisque
1285 1096 1418 1120 deminutio
1426 1097 1462 1120 vel
1469 1095 1649 1128 nullasequitur,
1656 1102 1681 1120 ut
1688 1097 1713 1120 in
1719 1096 1781 1121 causa
1788 1098 1972 1130 Qiinstii,vel,fi

1200 1126 1312 1159 sequitur⁷
1321 1130 1378 1152 utin
1385 1128 1447 1152 causa
1457 1129 1574 1155 Mancini,
1582 1136 1630 1152 non
1638 1127 1742 1160 sequitur
1748 1129 1782 1152 uti
1789 1136 1858 1160 poena
1870 1129 1973 1158 ajudiciu

1200 1158 1243 1183 bus
1251 1160 1349 1191 irrogata
1356 1177 1363 1187 ,
1376 1160 1415 1183 led
1422 1160 1478 1184 ideo
1490 1159 1595 1192 sequitur
1603 1177 1609 1187 ,
1618 1161 1673 1191 quia
1681 1161 1700 1184 is
1707 1177 1713 1188 ‚
1725 1161 1767 1191 qui
1775 1161 1819 1190 iam
1826 1160 1919 1185 deditus
1925 1168 1974 1185 erat

1200 1198 1229 1214 ex
1240 1193 1261 1219 S.
1270 1194 1299 1216 C.
1307 1192 1460 1216 Numantinis
1467 1209 1474 1219 ‚
1485 1193 1560 1224 capite
1566 1191 1632 1216 fuisse
1638 1191 1774 1216 deminutus
1781 1192 1923 1216 ostenditur:
1942 1193 1973 1217 ita

1202 1229 1227 1246 ut
1235 1223 1303 1252 judex
1311 1231 1361 1247 non
1370 1224 1456 1253 judicet
1463 1241 1470 1251 ,
1477 1223 1512 1250 sit,
1525 1231 1566 1247 nec
1574 1231 1603 1247 ne
1611 1241 1616 1250 ,
1628 1224 1701 1255 capite
1709 1224 1850 1248 minuendus
1858 1241 1864 1252 ,
1873 1224 1938 1257 quod
1947 1225 1972 1248 fir

1202 1255 1227 1278 in
1234 1255 1302 1279 causis
1308 1255 1453 1287 capitalibus,
1461 1256 1500 1279 sed
1507 1272 1514 1283 ‚
1522 1255 1592 1279 fuerit
1599 1263 1629 1279 ne
1636 1262 1708 1282 autea,
1715 1264 1741 1279 an
1750 1263 1799 1279 non
1805 1256 1874 1280 suerit
1882 1273 1889 1283 ,
1895 1257 1972 1288 capite

1202 1286 1351 1311 &minutum
1367 1288 1390 1311 ἃ·
1398 1287 1466 1311 status
1477 1287 1585 1311 hominis
1593 1294 1643 1311 non
1655 1295 1710 1311 tunc
1723 1294 1837 1315 mutatur,
1850 1287 1889 1311 sed
1897 1289 1972 1320 qualis

1201 1318 1228 1342 {it
1235 1318 1392 1351 cognoscitur.
1405 1320 1493 1352 itaque,
1502 1327 1556 1343 cum
1565 1319 1594 1343 de
1605 1326 1634 1342 eo
1641 1319 1702 1343 dixit
1709 1320 1794 1343 Cicero
1801 1319 1843 1343 lib.
1850 1322 1867 1342 1.
1880 1327 1972 1351 cap.40.

1202 1350 1232 1374 de
1243 1358 1348 1375 oratore:
1363 1352 1443 1383 ⁸Quam
1453 1354 1562 1384 possurmu
1575 1353 1665 1383 reperire
1676 1360 1703 1374 ex
1716 1351 1813 1374 omnibus
1824 1351 1885 1374 rebus
1898 1352 1972 1374 civili-

1202 1382 1241 1405 bus
1251 1385 1338 1412 causam
1351 1400 1358 1410 ,
1378 1385 1572 1415 contentionemque
1584 1383 1693 1414 majorem
1705 1399 1712 1409 ,
1728 1391 1794 1414 quam
1806 1384 1831 1406 de
1844 1384 1915 1405 ordine
1923 1399 1930 1410 ‚
1946 1383 1972 1405 de

1202 1415 1292 1437 civitate
1305 1431 1311 1441 ,
1329 1416 1354 1437 de
1365 1414 1464 1438 libertate
1473 1431 1479 1441 ‚
1495 1415 1520 1437 de
1532 1416 1601 1447 capite
1613 1415 1705 1437 homini:
1716 1416 1831 1444 consulari:
1843 1418 1854 1437 ?
1871 1414 1972 1438 Crimen

1202 1446 1294 1469 nullum
1303 1445 1438 1477 significavit
1445 1463 1451 1473 ‚
1466 1447 1529 1473 cujus
1536 1446 1643 1469 criminis
1649 1445 1712 1469 causa
1719 1452 1811 1469 vocatus
1822 1446 1846 1468 in
1853 1445 1971 1473 iudicium

1201 1479 1324 1500 Mancinus
1331 1494 1337 1501 ‚
1346 1477 1476 1508 periculum
1484 1477 1615 1500 amittendae
1621 1477 1734 1503 civitatis,
1747 1476 1902 1500 autlibertaris
1909 1477 1933 1500 in
1941 1483 1971 1499 eo

1202 1508 1292 1535 iudicio
1301 1507 1401 1535 subiret,
1410 1509 1447 1532 sed
1455 1508 1586 1531 facultatem
1594 1508 1710 1537 judicibus
1715 1507 1872 1539 cognoscendi
1880 1525 1886 1534 ,
1900 1515 1924 1531 ac
1931 1507 1973 1531 sta·

1201 1540 1282 1563 tuendi
1291 1539 1367 1563 datam
1374 1540 1490 1563 intellexit
1498 1557 1503 1567 ,
1514 1547 1550 1563 eas
1557 1547 1587 1563 ne
1593 1547 1627 1563 res
1635 1547 1698 1570 atque
1706 1540 1826 1563 Mancinus
1833 1539 1957 1571 possideret
1963 1556 1971 1566 ,

1202 1578 1270 1602 atque
1277 1578 1339 1595 antea
1347 1579 1417 1603 quam
1428 1571 1441 1594 a
1451 1578 1511 1602 patre
1523 1578 1609 1602 patrato
1622 1570 1676 1595 esset
1684 1571 1784 1594 deditus.
1797 1579 1825 1594 an
1832 1578 1887 1594 vero
1895 1589 1901 1598 ,
1915 1572 1971 1603 quia

1202 1602 1295 1626 deditus
1307 1602 1500 1629 effet‚amifisset,
1518 1602 1608 1626 etiamsi
1619 1609 1723 1633 receptus
1735 1601 1909 1626 aNumantinis
1921 1610 1971 1626 non

1202 1633 1264 1658 esset.
1281 1642 1352 1666 quare
1359 1635 1460 1666 capitalis
1466 1634 1529 1657 causa
1537 1641 1585 1657 non
1594 1633 1651 1657 suit:
1670 1634 1747 1657 astum
1759 1640 1838 1657 tamen
1845 1632 1891 1657 esse
1902 1633 1931 1657 de
1937 1641 1972 1658 ca-

1202 1666 1264 1696 pite,
1283 1665 1314 1688 ob
1327 1673 1377 1689 eam
1386 1683 1392 1692 ,
1411 1673 1483 1698 quam
1491 1665 1602 1696 exposui,
1618 1665 1723 1693 causam,
1740 1666 1801 1689 reste
1809 1666 1894 1689 Cicero
1903 1666 1972 1691 dixit.

1202 1701 1247 1724 At,
1260 1698 1325 1729 quod
1333 1698 1360 1721 ad
1367 1698 1566 1721 Mancinicausam
1574 1697 1663 1724 attinet,
1673 1696 1728 1721 feni
1735 1697 1815 1729 potest.
1828 1697 1898 1721 exstat
1905 1698 1972 1722 enim

1201 1730 1260 1752 ratio
1269 1747 1275 1756 ,
1292 1737 1332 1753 cur
1342 1730 1366 1753 in
1374 1737 1398 1753 ea
1406 1730 1434 1753 de
1441 1730 1514 1760 capite
1527 1730 1562 1760 agi
1570 1729 1665 1753 dicatur.
1674 1730 1699 1753 in
1706 1728 1767 1753 causa
1779 1736 1835 1753 vero
1847 1729 1957 1762 Qinffii
1964 1746 1973 1758 ,

1202 1761 1279 1793 inqua
1287 1762 1354 1784 nullo
1361 1761 1437 1785 modo
1445 1769 1521 1792 neque
1531 1762 1559 1784 de
1566 1762 1659 1784 civitate
1665 1778 1671 1788 ,
1688 1768 1766 1792 neque
1771 1760 1801 1785 de
1808 1761 1913 1785 libertate
1920 1768 1972 1792 age-

1203 1792 1282 1819 batur,
1302 1793 1396 1816 mentio
1402 1793 1483 1824 capitis
1495 1793 1557 1815 unde
1566 1792 1646 1815 ducta?
1664 1800 1691 1815 an
1697 1799 1726 1815 ex
1733 1799 1763 1815 eo
1771 1809 1778 1819 ,
1795 1793 1849 1823 quia
1855 1799 1919 1822 caput
1925 1799 1971 1824 pro

1201 1823 1375 1847 existimatione
1386 1823 1488 1854 usurpari
1501 1822 1563 1854 posse
1579 1823 1682 1846 videatur
1694 1825 1702 1846 .²
1726 1829 1838 1854 repugnat
1853 1830 1918 1847 vetus
1935 1824 1972 1847 lo-

1201 1853 1454 1886 quendiconsuetudoz
1474 1862 1515 1878 nec
1523 1855 1590 1884 hujus
1596 1855 1688 1886 generis
1700 1856 1806 1885 exempla
1819 1855 1973 1879 licetinveni-

1203 1894 1234 1910 re.
1253 1887 1332 1918 potius
1345 1887 1418 1918 igitur
1426 1904 1432 1914 ,
1451 1894 1479 1910 ex
1492 1887 1590 1910 oratoris
1601 1887 1695 1910 licentia
1703 1903 1710 1913 ,
1727 1887 1883 1910 crediderim:
1900 1894 1925 1910 ut
1932 1894 1972 1911 ex-

1202 1925 1322 1950 aggeretur
1334 1925 1368 1941 res
1376 1937 1380 1944 ‚
1398 1919 1425 1942 ad
1433 1918 1547 1942 invidiam
1554 1917 1659 1941 adversus
1667 1918 1775 1941 Navium
1782 1925 1811 1941 ex
1818 1919 1865 1946 ejus
1872 1918 1972 1943 crudeli—

1202 1956 1256 1977 tate,
1264 1951 1286 1974 &
1295 1949 1452 1974 misericordia
1459 1957 1512 1981 erga
1520 1950 1660 1981 Quine’tium
1667 1956 1695 1972 ex
1702 1949 1750 1978 ejus
1756 1950 1860 1981 periculo
1867 1957 1973 1981 quaeren-

1203 1982 1266 2005 dam.
1283 1988 1352 2013 atque
1363 1982 1410 2005 hoc
1422 1989 1450 2005 eo
1465 1989 1540 2013 magis
1553 1981 1654 2008 constat,
1671 1981 1737 2013 quod
1749 1982 1835 2005 Cicero
1849 1989 1890 2005 uec
1904 1983 1929 2006 in
1942 1989 1980 2006 eor

1205 2021 1257 2037 vere
1264 2021 1287 2037 ac
1295 2014 1389 2044 preprie
1396 2014 1502 2045 loquitur
1510 2030 1515 2040 ,
1533 2020 1587 2037 cum
1595 2020 1645 2036 eam
1653 2020 1719 2036 vocat
1728 2013 1898 2038 accusationem
1907 2031 1913 2041 ,
1921 2021 1973 2046 quae

1204 2045 1279 2077 sponsi
1285 2045 1348 2069 causa
1354 2045 1400 2069 est:
1417 2053 1459 2069 nec
1467 2063 1473 2073 ‚
1490 2052 1543 2068 cum
1551 2046 1594 2069 ait:
1612 2047 1688 2077 ,Qum
1701 2053 1755 2067 nunc
1766 2045 1881 2075 interficere
1892 2047 1974 2075 nefhrie

1204 2079 1272 2109 cupis:
1290 2077 1484 2109 quandoquidem
1497 2076 1586 2101 civibus
1598 2076 1714 2100 Romanis
1726 2076 1785 2108 eripi
1797 2077 1972 2101 nullocrimine

1204 2116 1263 2136 vita,
1281 2115 1379 2141 excepto
1392 2108 1556 2140 perduellione
1565 2126 1571 2136 ‚
1589 2107 1674 2139 posset:
1696 2108 1786 2132 causam
1800 2116 1854 2131 vero
1865 2116 1915 2132 non
1927 2108 1971 2133 esse

1200 2141 1336 2172 capitalem,
1350 2139 1586 2172 propriisve'tbisipse
1599 2140 1658 2163 clare
1665 2139 1806 2164 demonstrat
1818 2141 1842 2164 in
1849 2148 1878 2164 eo
1892 2148 1939 2172 cap.
1947 2149 1970 2167 9·

1202 2174 1315 2199 Judicium
1324 2189 1330 2197 ‚
1349 2175 1371 2196 C.
1386 2174 1484 2203 ,Aquilli
1498 2189 1503 2199 ‚
1521 2181 1559 2194 non
1577 2174 1602 2195 de
1615 2181 1636 2194 re
1647 2173 1770 2201 Δῖειιιηὶηνὶιι
1782 2188 1789 2198 ,
1810 2173 1847 2201 secl
1856 2174 1969 2201 desama,

1195 2204 1331 2234 fimumfique
1340 2205 1372 2227 7².
1382 2204 1485 2232 Qinffii
1500 2205 1569 2227 vides.
1587 2206 1675 2227 Etcum
1683 2203 1743 2227 dixit
1749 2211 1797 2234 cap.
1806 2212 1827 2228 2.
1847 2205 1970 2236 Hortensius

1199 2242 1271 2266 partes
1281 2236 1403 2264 arcufiatoris
1417 2236 1507 2259 obtinet:
1525 2237 1626 2259 oratorie
1632 2235 1745 2267 loquitur.
1759 2242 1800 2259 nec
1807 2235 1873 2259 enim
1886 2242 1969 2259 revera

1203 2266 1471 2294 accusabarHortenfius,
1489 2267 1527 2291 sed
1535 2266 1635 2291 accusare
1647 2266 1781 2294 videbatur,
1803 2274 1845 2290 nec
1857 2266 1902 2293 est,
1924 2266 1968 2290 niti
1996 2269 1999 2272 ”

1201 2299 1361 2322 criminalibus
1375 2299 1399 2321 in
1412 2299 1493 2325 causis,
1505 2298 1624 2323 accusator.
1649 2299 1731 2323 Redeo
1745 2298 1806 2322 unde
1820 2299 1910 2322 diverti.
1926 2300 1969 2321 Pu—

1203 2330 1321 2354 blicorum
1328 2330 1458 2355 criminum
1466 2331 1507 2355 alia
1514 2331 1624 2362 capitalia,
1633 2331 1674 2354 alia
1681 2338 1729 2354 non
1736 2331 1847 2362 capitalia.
1855 2328 1970 2361 quodque

1202 2362 1333 2389 notandum
1340 2363 1414 2394 magis
1421 2362 1453 2387 est
1459 2380 1467 2392 ,
1483 2362 1641 2394 nemajestatis
1650 2362 1747 2395 quidem
1753 2362 1866 2393 judicium
1872 2360 1971 2416 capgggl‘e
