2075 2734
389 112 442 144 750
626 80 633 86 .
684 92 1675 132 ANTiQUirATUMROMANARuML1rs.X.

389 154 492 186 virtutis
511 161 577 190 ergo
596 151 628 180 ab
647 152 816 187 Imperatore
836 148 1036 185 triumphaturo
1055 147 1185 175 dabantur
1198 167 1206 181 ‚
1235 154 1265 175 ut
1283 156 1370 174 corona
1382 166 1391 178 ,
1417 157 1531 185 quarum
1552 147 1639 177 multa
1658 155 1733 178 erant
1752 157 1864 186 genera,
1884 151 1973 183 civica.

389 193 499 223 nmrales
512 211 519 221 .
546 189 704 228 obsidionales
716 209 724 221 ‚
744 188 872 224 castrenses
886 208 894 218 ,
913 197 997 215 aureae
1011 209 1018 219 ,
1037 184 1144 224 rostrata
1158 196 1167 213 .·
1195 191 1226 213 ut
1244 193 1346 224 torques
1358 206 1365 218 ‚
1385 186 1489 214 armilla
1502 208 1510 221 ‚
1529 186 1599 224 hasta
1613 196 1682 222 pura
1695 208 1704 220 ,
1717 187 1840 222 phalera,
1865 190 1976 218 cornicu-

388 233 414 260 1.,
427 251 434 261 ,
455 233 481 259 &
501 237 594 259 caetera
613 228 716 267 generis
737 226 880 263 ejusmodi.
921 227 1003 254 Erant
1022 227 1119 257 etiam,
1139 233 1197 262 quae
1215 224 1354 258 univer-fis,
1374 232 1404 254 ut
1417 225 1533 260 pecunia.
1573 227 1617 253 De
1635 236 1727 253 coronis
1747 226 1868 256 dicemus
1889 231 1976 266 capite

387 270 424 298 se<
434 269 514 297 uenti.

422 279 608 336 JMemorabile
621 305 672 335 est,
694 304 765 340 quod
780 313 810 330 ex
825 302 956 331 veteribus
973 302 1116 331 Annalibus
1130 301 1212 330 refert
1227 299 1344 338 Agellius
1356 300 1400 329 lib.
1410 311 1435 328 2.
1451 311 1508 338 cap.
1522 310 1564 330 11.
1581 303 1614 331 de
1629 305 1661 329 L.
1678 301 1770 330 Sicinio
1785 306 1910 337 Dentato,
1931 305 1977 343 qui

389 347 458 374 vixit
472 353 532 372 ante
545 343 722 371 decemviros.
762 343 805 369 Sic
819 343 892 369 enim
910 341 999 370 scribit
1014 353 1021 370 ι
1043 345 1073 369 L.
1089 339 1196 368 Sicinius
1209 344 1340 367 Dentatus
1355 341 1480 377 pugnasse
1493 341 1520 368 in
1535 341 1638 369 hostem
1653 341 1751 369 dicitur
1768 349 1878 369 centum
1895 344 1921 371 &
1934 345 1976 372 vi-

389 385 457 421 ginti
473 383 565 418 praeliis
578 401 586 410 ,
607 381 762 409 cicatricem
776 380 894 408 aversam
910 380 1009 407 millam
1025 401 1031 412 ,
1054 378 1173 407 adversas
1187 379 1320 419 quinque.
1342 380 1369 407 ὃς
1383 378 1556 416 quadraginta
1574 379 1667 408 tulisse.
1709 381 1813 406 Coronis
1828 379 1880 407 effe
1894 381 1978 410 dona-

390 430 447 451 tum
463 421 545 447 aureis
561 418 639 450 oCto,
659 416 805 454 olifidionali
818 428 884 450 una,
903 418 1044 446 muralibus
1064 417 1161 448 tribus,
1179 415 1262 444 civicis
1279 417 1498 453 quatuordecim,
1519 417 1649 458 torquibus
1661 418 1760 448 tribus,
1782 420 1810 446 ὃς
1824 418 1978 455 oetoginta,

388 457 496 487 armidis
515 458 571 495 plus
597 464 707 486 centum
728 457 862 494 sexaginta
875 479 881 488 ‚
907 455 982 495 hastos
1002 456 1206 493 duodeviginti:
1233 454 1343 489 phaleris
1362 455 1428 482 item
1449 456 1561 484 donatus
1586 457 1622 484 est
1641 457 1781 494 quinquies
1795 476 1804 486 ‚
1834 456 1977 494 viciesque.

388 497 523 525 Ηαᾶὶεηυε
542 494 664 533 Agellius.
703 496 782 532 Apud
803 496 911 524 Livium
932 496 1014 524 etiam
1034 495 1164 530 scriptum
1186 493 1236 524 cst,
1258 497 1289 519 L.
1304 492 1440 528 Papirium
1459 494 1591 529 Consulem
1609 497 1711 532 equites
1730 504 1826 522 omnes
1847 494 1883 522 ob
1904 504 1980 533 egre.

389 536 461 572 giam
478 535 504 562 in
518 534 589 562 bello
605 543 716 571 operam
731 534 839 562 donasse
853 532 978 561 corniculis
990 555 998 568 ,
1018 532 1180 569 armillisque
1194 532 1326 569 argenteis
1340 542 1347 558 t
1370 533 1396 559 &
1411 531 1482 559 bello
1496 533 1615 565 Perfico,
1634 538 1675 568 Sp.
1689 532 1833 571 Ligustinus
1846 534 1916 570 apud
1928 543 1977 570 po-

389 573 483 610 pulum
497 572 627 610 gloriatur
641 594 647 604 ,
668 572 694 600 se
708 581 801 609 quater
821 574 848 601 ὃς
863 574 942 600 vicies
958 572 1063 601 virtutis
1079 571 1152 599 causa
1171 571 1202 597 ab
1218 569 1428 605 Imperatoribus
1446 570 1497 597 esse
1516 571 1646 599 donatum
1663 593 1669 603 ,
1690 572 1733 599 sex
1747 572 1844 599 civicas
1863 581 1976 600 coronas

388 612 529 647 accepisse.
550 612 647 648 viginti
663 612 716 639 duo
724 611 852 647 stipendia
865 611 985 639 annuaiii
999 611 1117 638 exercitu
1130 609 1243 637 emerita
1260 608 1364 635 habere.
1383 608 1516 636 Suetonius
1528 617 1618 637 autem
1634 610 1667 637 de
1683 611 1801 646 Augusto
1815 609 1897 638 refert
1911 620 1976 639 eum

388 650 459 678 dona
468 649 593 677 militaria
605 649 741 687 aliquanto
755 649 855 677 facilius
863 649 979 684 phalerus
989 668 995 678 ,
1005 651 1030 678 ἃ
1039 657 1139 687 torques
1153 647 1281 684 quidquid
1297 655 1362 673 auro
1371 668 1377 678 ‚
1388 653 1553 684 argentoque
1567 648 1697 676 constaret
1706 668 1712 679 ,
1732 657 1813 684 quam
1826 648 1937 676 vallares
1949 651 1977 677 &

388 687 500 715 mundes
511 697 624 720 coronas,
639 697 696 725 quae
710 687 812 715 honore
825 687 1020 724 praecellerent,
1034 687 1132 715 dediffe
1145 685 1191 713 has
1201 694 1282 722 quam
1297 686 1459 720 parcissime,
1481 688 1507 714 ὃς
1521 686 1574 714 fine
1588 686 1737 713 ambitione
1747 706 1753 717 ‚
1775 688 1802 714 ὃς
1814 685 1879 724 saepe
1892 686 1976 715 etiam

389 727 505 764 caligatis
525 726 651 755 tribuisse.
690 730 729 753 M.
748 724 884 764 Agrippam
902 725 929 753 in
949 725 1035 753 Sicilia
1055 725 1112 763 post
1132 723 1254 752 navalem
1275 724 1419 752 vistoriam
1437 723 1540 751 coeruleo
1559 723 1652 751 vexillo
1673 723 1789 752 donasse.
1823 725 1975 757 Caeterum,

388 773 534 802 antequam
554 765 586 793 ab
605 764 658 794 hoc
677 763 739 792 loco
759 765 884 792 abeamus
897 784 905 796 ,
938 770 968 791 ut
988 766 1015 792 &
1035 764 1087 800 ipsa
1107 762 1266 791 militarium
1286 763 1423 791 donorum
1444 762 1573 791 vocabula
1592 761 1774 800 intelligantur
1787 782 1795 794 ‚
1822 762 1976 800 explicanda

388 804 479 839 paucis
498 803 567 831 sunt.

428 840 562 869 Armillas
575 861 583 876 ,
603 841 689 878 inquit
708 839 792 877 Festus
805 860 812 870 .
835 849 866 868 ex
886 848 950 868 auro
963 860 969 871 ,
991 848 1053 876 quas
1072 839 1122 866 viri
1142 838 1268 866 militares
1287 838 1319 866 ab
1338 839 1549 877 Imperatoribus
1568 840 1660 867 donati
1679 844 1776 877 gerunt
1790 859 1799 870 ‚
1824 838 1908 866 dietas
1928 838 1980 868 effe

391 880 557 912 existimant,
578 880 651 916 quod
671 879 773 916 antiqui
793 878 920 906 humeros
940 887 1002 906 cum
1022 876 1134 905 brachiis
1154 886 1235 905 armos
1255 877 1387 905 vocabant
1402 898 1408 909 ,
1430 879 1500 905 unde
1519 888 1594 905 arma
1613 878 1645 905 ab
1664 878 1704 905 his
1723 877 1901 914 dependentia
1920 877 1980 907 sunt

390 925 493 945 vocata.

400 980 404 984 ,
432 954 514 993 Hasta
527 964 591 992 pura
608 955 701 983 eadem
716 955 754 982 est
768 975 776 986 ,
796 963 852 991 quae
866 953 879 981 a
895 955 999 980 Catone
1010 952 1128 979 domnica
1144 953 1240 980 dieitur
1253 973 1261 984 ,
1282 953 1355 989 quod
1372 953 1492 981 Romani
1506 953 1590 981 fortes
1602 954 1673 981 viros
1690 962 1721 980 ea
1735 953 1884 982 donarent:
1908 963 1979 989 pura

391 1000 482 1021 autem
497 992 656 1031 appellatur,
677 993 748 1029 quod
766 992 820 1019 sine
834 991 906 1019 feri-o
920 991 997 1022 esset,
1018 991 1069 1018 alio
1079 991 1191 1017 nomine
1198 990 1332 1027 graminea
1345 991 1457 1021 dicitur,
1477 992 1711 1029 quemadmodum
1720 990 1850 1019 Turnebus
1862 992 1907 1020 lib.
1924 993 1979 1021 Ad-

390 1031 568 1060 vei-sariorum
586 1041 630 1066 29.
645 1039 702 1067 cap.
717 1041 738 1057 i.
754 1031 874 1066 exponit.
1262 1063 1266 1067 .

431 1069 540 1097 Phalerae
554 1069 677 1097 videntur
691 1067 742 1096 esse
758 1076 892 1105 equorum
905 1065 1039 1095 frontalia.
1077 1066 1120 1094 Sic
1134 1066 1206 1093 enim
1220 1065 1310 1093 Sutdas
1326 1067 1353 1093 in
1369 1075 1437 1094 voce
1456 1072 1552 1102 Qatnu&
1568 1071 1612 1096 νηῒς
1628 1074 1810 1102 vespam-mma
1823 1090 1830 1101 ,
1852 1073 1893 1098 vri:
1908 1074 1980 1099 οἷο-πι-

393 1107 473 1131 monus
487 1124 493 1134 ‚
521 1106 567 1129 wli-1)
589 1106 700 1136 κόσμησιν
723 1104 768 1128 σία)
793 1109 827 1137 κζ*
851 1104 878 1128 τὸ
899 1105 1007 1134 μέτωπεν
1030 1104 1073 1127 ’τῆν
1094 1103 1190 1129 ἳππων,
1217 1103 1284 1132 vdeo&
1306 1102 1329 1126 δὲ
1354 1103 1470 1135 Ἡξριΐότῳ
1494 1105 1526 1126 ταὶ
1550 1103 1597 1128 m&
1623 1104 1667 1128 ‘reis
1691 1105 1774 1135 ’γνοίθκς
1797 1105 1976 1135 σκεπάσματα,

392 1141 419 1168 id
436 1140 488 1171 est,
507 1139 603 1168 frontis
617 1144 790 1170 ornamenta,
809 1136 908 1166 scutula
918 1159 924 1170 ,
944 1137 969 1165 id
984 1146 1039 1174 quo
1053 1136 1126 1164 frons
1140 1145 1273 1172 equorum
1282 1144 1433 1164 exornatur.
1454 1136 1532 1172 Apud
1547 1136 1706 1164 Herodotum
1721 1147 1786 1165 vero
1799 1139 1870 1166 circa
1883 1138 1980 1168 maxil-

391 1178 428 1206 las
441 1185 606 1215 tegumenta.
644 1177 726 1213 Quod
742 1177 809 1204 dixit
822 1174 913 1203 Suiolas
930 1181 1065 1204 sovisio-uae
1078 1198 1084 1208 ‚
1102 1174 1222 1202 formam
1242 1175 1396 1202 ornamenti
1414 1174 1571 1212 significavit
1584 1195 1591 1206 ,
1612 1174 1715 1202 scutum
1731 1177 1903 1210 imitantem,
1922 1184 1952 1204 ut
1965 1177 1980 1205 εὶ

392 1216 499 1244 naribus
511 1216 541 1244 ad
558 1216 678 1243 frontem
693 1216 762 1243 inter
773 1214 864 1243 oculos
878 1215 956 1242 dueta
972 1213 1074 1241 illustris
1086 1213 1185 1240 lamina
1197 1212 1350 1240 dilataretur
1363 1214 1390 1241 in
1403 1212 1505 1244 fronte,
1525 1220 1659 1240 attenuata
1674 1214 1701 1241 in
1714 1215 1787 1246 imo,
1808 1214 1980 1242 similitudine

392 1263 514 1283 veterum
536 1254 673 1283 scutorum
690 1274 698 1287 ‚
719 1263 776 1290 quae
792 1252 911 1290 Viegilius
925 1253 985 1280 ideo
1003 1251 1074 1289 longa
1088 1273 1094 1284 ‚
1115 1251 1184 1278 libro
1197 1252 1223 1279 8.
1248 1252 1376 1278 AEneidos
1387 1272 1395 1285 ‚
1414 1251 1575 1278 nominavit.
1611 1255 1715 1279 Servlm
1733 1256 1878 1279 Honoratus
1892 1262 1980 1289 neque

393 1292 512 1321 frontem
523 1313 529 1324 ‚
549 1301 637 1330 neque
651 1292 785 1323 maxillas,
806 1291 849 1319 sed
863 1291 954 1328 pectus
970 1289 1082 1328 phaleris
1096 1289 1186 1317 ornari
1198 1288 1306 1316 solitum
1320 1291 1370 1322 ait,
1392 1292 1418 1319 &
1432 1290 1484 1317 effe
1496 1289 1587 1323 idem,
1606 1289 1679 1327 quod
1695 1291 1722 1318 in
1743 1290 1900 1320 mulieribus
1915 1300 1980 1319 mo-

392 1331 462 1360 nilia.
489 1331 531 1358 Sic
545 1331 619 1358 enim
633 1331 825 1367 interpretatur
839 1331 866 1357 iri
881 1339 913 1358 eo
930 1328 1037 1365 Virgilii
1053 1327 1141 1356 versu:

704 1373 795 1396 Aurea
810 1367 948 1403 pedlortbus
965 1366 1069 1403 demiffa
1088 1364 1192 1394 monilia
1208 1365 1326 1401 pendent.

430 1407 529 1436 Monile·
541 1415 631 1437 autem
647 1407 660 1435 ὲ
677 1407 746 1436 collo
760 1407 932 1443 praependere
946 1427 953 1437 ,
974 1415 1006 1432 ex
1016 1403 1097 1442 Festo,
1120 1407 1147 1433 ὃ(
1161 1403 1216 1432 aliis
1233 1404 1344 1432 constat.
1383 1403 1484 1433 Plinius
1506 1414 1613 1443 quoque
1631 1403 1692 1432 satis
1712 1404 1790 1441 plane
1809 1406 1946 1445 distinguit
1963 1407 1979 1436 ὲ

396 1445 553 1475 frontalibus
562 1446 692 1481 phaleras,
714 1449 739 1475 ὃς
754 1446 852 1473 sentire
867 1455 929 1473 curn
943 1442 1030 1470 Servio
1047 1444 1150 1480 potius,
1170 1452 1250 1480 quam
1265 1452 1328 1471 cum
1344 1443 1424 1470 suida
1434 1464 1443 1477 ‚
1471 1451 1515 1471 aut
1530 1445 1612 1471 etiam
1627 1444 1765 1474 Herodoto,
1788 1445 1901 1472 videtur.
1934 1447 1981 1474 Ait

396 1486 469 1512 enim
491 1484 525 1512 sic
544 1484 612 1512 libro
632 1495 676 1522 37.
693 1484 778 1519 capite
796 1492 838 1511 12.
862 1484 895 1510 de
906 1490 1018 1520 gemma
1033 1481 1147 1517 quadam
1163 1481 1231 1508 faita
1244 1500 1252 1513 ,
1273 1482 1410 1516 quondam
1427 1488 1506 1508 tantae
1527 1481 1719 1517 magnitudinis
1734 1480 1820 1508 fecere
1834 1502 1841 1512 ‚
1862 1489 1891 1510 ut
1903 1484 1980 1520 equis

396 1524 507 1559 Regum
522 1523 549 1549 iri
562 1521 814 1557 orieiitesronmlia,
837 1529 916 1558 atque
929 1529 980 1556 pro
993 1518 1105 1555 phaleris
1116 1518 1222 1555 pensilia
1237 1519 1368 1550 facerent,
1387 1521 1438 1547 &c-
1460 1519 1510 1545 Sed
1526 1519 1644 1555 Agelltus
1660 1517 1729 1544 libro
1745 1528 1771 1554 5.
1794 1520 1881 1555 capite
1895 1531 1922 1555 5.
1935 1530 1980 1548 eas

396 1560 410 1589 a
424 1558 556 1587 monilibus
570 1561 715 1597 distinguit.
729 1568 780 1596 qua
793 1560 825 1587 de
840 1569 869 1586 re
883 1559 943 1585 vide
961 1558 1130 1585 differentem
1149 1556 1248 1582 Aluum
1261 1560 1411 1583 Munatium
1427 1555 1498 1583 Pauli
1512 1557 1540 1583 F.
1556 1557 1601 1583 lib.
1618 1566 1642 1583 2.
1669 1556 1849 1592 Qiaefitorum
1862 1567 1910 1594 per
1924 1559 1980 1595 epi.

395 1598 490 1626 stolam
500 1619 507 1629 ,
528 1598 635 1635 epistola
648 1598 767 1629 decima,
789 1598 834 1625 ubi
848 1597 875 1624 in
890 1596 958 1624 lianc
972 1595 1081 1623 inclinat
1094 1594 1268 1625 sententiam,
1291 1601 1318 1622 ut
1335 1602 1411 1630 putet
1424 1594 1550 1631 quicquid
1566 1603 1698 1630 equorum
1713 1593 1860 1628 frontibus,
1882 1596 1980 1625 maxil-

394 1636 441 1668 lis,
462 1636 615 1672 peetoribus
627 1637 659 1664 ad
674 1636 790 1672 speciem
805 1636 959 1666 adderetur,
981 1633 1122 1661 communi
1137 1632 1267 1660 vocabulo
1275 1633 1389 1666 phaleras
1403 1635 1453 1660 effe
1467 1632 1627 1660 nominatas.

434 1676 478 1704 De
489 1672 617 1702 corniculis
633 1677 660 1703 ὃ(
675 1673 803 1713 torquibus
817 1673 881 1701 nihil
894 1682 960 1709 opus
972 1672 1009 1700 est
1022 1680 1143 1699 monere.

438 1706 576 1740 foecuniam
590 1712 721 1740 militibus
732 1720 794 1741 ante
806 1712 974 1749 triumphum
989 1710 1021 1738 ab
1029 1706 1240 1746 Imperatoribus
1253 1708 1371 1737 distribui
1385 1709 1548 1738 confiieviffe
1562 1719 1593 1738 ex
1601 1707 1675 1737 Livio
1687 1715 1776 1745 patet,
1794 1710 1839 1747 qui
1849 1709 1918 1739 libro
1935 1710 1981 1742 28}

397 1751 432 1780 sic
451 1750 558 1779 scribit:
579 1750 716 1779 Pecuniam
738 1752 765 1778 in
779 1750 900 1778 aerarium
921 1749 1038 1778 tulerunt
1059 1746 1313 1785 sestertiuinti⁴icies
1333 1748 1472 1785 oetogiiita
1494 1748 1577 1775 millia
1597 1748 1654 1775 aeris
1668 1768 1675 1778 ,
1694 1751 1734 1775 M.
1748 1749 1840 1775 Livius
1852 1750 1982 1779 militibus

372 1788 374 1790 ’
400 1790 600 1827 quinquagenos
615 1789 689 1817 senos
704 1789 768 1816 asses
782 1789 878 1817 di'vifit.
898 1788 1056 1817 tantundem
1072 1789 1106 1812 C.
1124 1784 1247 1812 Claudius
1267 1785 1415 1814 absentibus
1434 1786 1563 1814 militibus
1581 1786 1632 1813 suis
1651 1786 1688 1813 est
1702 1786 1847 1820 pollicitus,
1868 1797 1930 1814 cum
1945 1789 1980 1816 ad

400 1828 548 1856 exercitum
563 1828 681 1856 redisset.
696 1830 747 1856 &a
767 1826 893 1863 Ejusdem
910 1828 946 1854 rei
961 1825 1112 1853 testimonia
1132 1830 1223 1850 extant
1243 1824 1310 1859 apud
1327 1824 1442 1851 eundem
1458 1823 1564 1851 Livium
1575 1844 1581 1853 ,
1602 1826 1628 1852 δε
1643 1823 1706 1850 alios
1719 1822 1801 1859 plura.
1841 1827 1930 1861 Atque
1946 1827 1981 1854 de

398 1866 516 1902 prcemiis
529 1865 687 1893 militaribus
699 1865 841 1897 haetenus,
863 1866 896 1893 de
911 1865 1005 1901 quibus
1020 1864 1102 1891 etiam
1123 1861 1185 1890 vide
1201 1860 1378 1888 Alexandrum
1394 1861 1424 1888 ab
1440 1862 1586 1889 Alexandro
1603 1860 1813 1897 Neapolitanum
1827 1863 1982 1891 Genialium

398 1905 504 1931 dierum
519 1903 599 1939 Iib.4.
613 1913 670 1940 cap.
689 1906 729 1934 18.
746 1906 772 1933 ὃς
783 1903 903 1931 carolum
920 1901 1049 1940 sigonium
1062 1901 1105 1929 lib.
1122 1911 1143 1928 i.
1158 1899 1191 1926 dc
1206 1900 1326 1937 Antiquo
1338 1900 1397 1936 jure
1410 1900 1511 1928 civium
1525 1901 1733 1932 Romanorum,
1752 1909 1809 1937 cap.
1825 1911 1867 1936 ¹5·
1881 1910 1913 1929 ex
1927 1911 1983 1939 quo

398 1941 452 1971 haec
465 1941 520 1970 fere
533 1942 665 1980 descripti.

1036 2011 1060 2038 C
1087 2018 1103 2037 Α
1131 2019 1155 2037 Γ.
1201 2010 1295 2038 XXV
1305 2009 1347 2037 II.

798 2072 851 2105 De
866 2071 983 2105 coronis
999 2067 1186 2104 militaribus
1201 2095 1211 2112 ,
1237 2081 1397 2117 earumque
1407 2067 1578 2115 generibus.

473 2141 495 2168 E
515 2141 630 2184 praemiis
643 2151 700 2179 qum
713 2143 848 2172 distributa
861 2146 892 2172 iis
906 2144 1025 2176 fuerunt,
1047 2145 1092 2181 qui
1106 2144 1208 2172 strenue
1221 2154 1280 2172 rem
1293 2145 1426 2182 gessissent
1435 2165 1442 2177 ‚
1463 2143 1592 2181 superiori
1606 2144 1692 2181 capite
1706 2143 1832 2172 diximus.
1862 2145 1936 2174 Inter
1949 2154 1981 2174 ea

492 2188 555 2220 vero
569 2187 649 2222 etiam
664 2191 749 2208 corona
762 2182 884 2215 fuerunt,
905 2184 938 2211 de
952 2183 1046 2220 quibus
1061 2182 1113 2211 hoc
1129 2184 1214 2220 capite
1228 2193 1348 2221 agemus.

441 2217 554 2256 Agellius
568 2216 656 2258 scribit
665 2239 672 2251 ‚
691 2219 816 2248 militares
828 2231 926 2249 coronas
941 2220 1095 2249 multifarias
1115 2220 1190 2249 fuisse
1203 2242 1210 2253 ,
1237 2222 1381 2259 praecipuas
1397 2227 1489 2250 autem
1505 2224 1531 2252 ὃ(
1545 2221 1719 2251 nobilissimas
1731 2231 1774 2250 eas
1786 2220 1964 2257 triumphalem
1969 2225 1982 2256 ,'

401 2255 589 2297 obsidionalem,
609 2265 725 2298 civicam,
745 2259 883 2294 muralem,
903 2258 1061 2297 cristi-eidem,
1081 2260 1212 2288 navalem.
1580 2282 1584 2286 -

442 2293 631 2337 Triumphales,
653 2296 750 2331 inquit,
771 2307 857 2337 corona
868 2298 926 2325 fiint
939 2307 1037 2329 aurete,
1058 2308 1115 2335 quae
1128 2299 1338 2336 Imperatoribus
1352 2299 1387 2326 ob
1402 2298 1536 2328 honorem
1553 2299 1683 2337 triumphi
1698 2301 1853 2329 mittuntur.
1883 2298 1914 2326 Id
1925 2295 1983 2326 vul-

402 2341 440 2372 go
453 2334 551 2362 dieitur
564 2342 658 2372 aurum
671 2341 835 2362 coronarium.
861 2339 910 2364 Hae
922 2337 1067 2373 antiquitus
1081 2335 1094 2362 ὲ
1106 2336 1177 2364 lauro
1191 2345 1279 2370 erant,
1298 2337 1357 2374 post
1372 2338 1429 2365 fieri
1443 2349 1475 2365 ex
1488 2349 1549 2366 auro
1563 2346 1667 2374 coeptae.

441 2368 607 2410 obfidtonalrs
621 2370 674 2403 est,
693 2379 775 2408 quam
789 2373 822 2406 ii,
841 2374 887 2412 qui
902 2373 1005 2404 liberati
1018 2374 1078 2404 sunt
1091 2375 1245 2410 obiidione,
1263 2376 1328 2406 daut
1344 2376 1369 2405 ei
1382 2375 1464 2412 Duci,
1485 2377 1531 2415 qui
1543 2377 1675 2409 liberavit.
1695 2377 1732 2405 Ea
1743 2371 1984 2438 coronagraminfia

1932 2420 1947 2438 e
1974 2421 1981 2439 ς
