2075 2734
296 114 346 142 De
368 113 570 145 Pensoms,
594 117 748 148 Quium
769 115 1005 137 xurznvsuru
1029 109 1211 139 Com-rin,
1233 108 1284 136 &c-
1323 106 1402 135 Car.
1426 117 1467 135 ιο.
1618 118 1675 148 459

93 166 142 195 bus
155 162 309 193 indicendis.
350 162 400 190 Eas
413 162 486 190 enim
497 161 537 190 his
569 169 659 198 uoque
671 159 790 188 comitiis
804 158 880 190 latas,
903 159 973 186 testis
988 167 1043 185 non
1056 156 1182 185 obscurus
1195 156 1231 184 est
1244 154 1336 184 Liuius
1348 156 1383 184 de
1397 156 1468 184 bello
1484 156 1679 190 Macedonico,

94 207 123 234 ὃς
141 203 175 231 de
194 200 265 230 bello
286 210 350 230 cum
372 199 482 232 Perseo,
504 202 531 229 δι
543 170 620 231 dibi,
640 206 670 226 ut
684 205 805 229 taceam,
825 196 858 224 de
872 194 994 234 Dioryfio.
1029 195 1148 233 Singulas
1163 203 1254 224 autem
1270 194 1345 223 hasce
1358 194 1430 232 leges
1444 194 1488 223 hic
1502 204 1678 229 enumerare.

88 251 150 271 non
164 240 200 268 est
215 239 327 268 necesse.

130 279 223 307 Tertia
247 275 404 306 comitiorum
429 272 626 302 centuriatorum
650 273 724 308 caufiu
749 273 786 301 est
810 271 973 308 judiciorum
996 271 1227 298 exercendorum:
1254 281 1309 299 non
1329 271 1441 309 quidem
1460 271 1608 303 omnium,
1634 270 1679 300 sed

92 317 168 346 unius
184 324 305 349 tantum,
326 313 464 344 videlicet,
479 310 662 347 perduellione.
697 313 741 339 De
753 321 808 349 quo
820 311 882 339 licet
896 309 957 336 alibi
973 309 1054 337 etiam
1068 309 1213 337 dicendum
1227 309 1277 342 fit,
1296 310 1340 338 hic
1355 318 1447 338 tamen
1460 319 1543 347 pauca
1557 310 1677 347 quaedam

93 355 291 384 annotabimus.

132 394 213 429 Cajus
228 392 256 420 ff.
269 393 306 420 dc
319 390 464 420 verborum
477 387 613 425 fignificat.
628 388 702 416 dicit.
733 388 810 424 Quos
822 396 871 415 nos
882 383 956 421 hostes
971 384 1133 422 appellamus
1145 405 1153 417 ‚
1179 394 1224 412 eos
1239 390 1341 413 veteres
1349 386 1486 419 perduelles
1499 385 1677 423 appellabant:

91 440 156 460 cum
173 440 228 468 quo
247 429 325 458 sentit
341 426 474 456 Terentius
495 429 571 453 erro
585 426 602 454 l.
613 429 638 454 6.
652 427 686 454 de
700 426 790 464 lingua
804 426 906 453 Latina.
945 424 1016 451 Hinc
1031 422 1132 450 faetum
1146 423 1183 450 est
1194 443 1201 454 ‚
1228 431 1257 450 ut
1271 433 1328 450 reus
1339 424 1514 457 perduelltonis
1529 425 1675 456 diceretur,

90 470 137 506 qui
151 468 175 497 fi:
189 477 297 506 quoquo
309 466 394 495 modo
407 466 435 493 in
448 463 643 500 rempublicam
658 464 745 493 hostili
757 463 808 492 esse
819 464 911 491 animo
924 460 1090 489 declarasset:
1110 459 1180 497 quali
1196 461 1297 488 diceres
1310 471 1381 488 reum
1395 461 1545 499 bestilitatis.
1587 463 1606 489 F
1609 462 1675 489 estus

91 507 210 534 affirmat
218 505 369 541 perduellem
383 503 435 531 diei
449 512 514 530 eum
529 522 537 534 ,
565 504 608 540 qui
626 503 797 539 pertinaciter
810 501 910 530 bellum
926 500 1048 528 retineat.
1088 499 1138 526 Sed
1153 499 1226 534 prior
1242 497 1370 527 sententia
1385 500 1482 527 melior
1497 501 1548 528 esse
1564 500 1681 528 videtur.»

95 544 227 582 Distingui
245 544 355 580 quidam
377 541 472 569 volunt
486 542 555 568 inter
568 540 660 568 crimen
669 540 846 575 perduelliomks
858 560 865 571 ,
886 541 913 568 ὃῑ
927 538 1032 566 crimen
1044 534 1196 573 majestatis,
1218 537 1254 564 ita
1268 543 1296 563 ut
1309 535 1400 563 crimen
1416 537 1552 574 majestatis
1566 538 1612 570 fit,
1631 538 1679 567 du-

93 592 136 611 ces
155 582 271 609 hostium
291 580 404 619 pecunia
416 579 526 607 liberare
540 600 548 610 ,
577 587 622 607 aut
635 581 770 616 privatum
786 578 929 607 hominem
944 576 1021 604 domi
1035 575 1084 602 suae
1097 574 1214 602 hostium
1227 574 1308 602 duces
1322 573 1424 602 servare
1436 576 1583 604 incolumes
1596 586 1601 602 z
1621 584 1681 609 per-

92 618 222 647 amnionis
238 628 317 652 vero,
337 620 428 647 civem
445 619 603 645 Romanum
618 626 714 646 contra
726 618 769 654 jus
780 617 908 645 libertatis
922 617 950 643 in
964 623 1071 642 crucem
1086 612 1195 644 tollere,
1216 621 1262 641 aut
1275 611 1359 640 securi
1373 621 1526 648 percutere,
1546 621 1591 642 aut
1602 614 1629 641 in
1645 613 1679 642 la·

90 657 190 687 tumias
203 657 347 694 conjicere.
366 662 471 685 Verum
483 656 509 683 id
524 655 667 684 discrimen
681 666 739 684 non
753 654 833 692 usque
846 655 913 682 adeo
927 652 1081 681 observatur
1093 671 1101 683 ‚
1122 650 1164 678 sed
1181 657 1291 687 utraque
1304 658 1355 686 pro
1370 660 1423 678 uno
1430 651 1574 688 plerunque
1582 652 1680 680 haben-

90 702 142 724 tur.
175 695 218 723 De
234 696 329 733 quibus
342 695 403 724 alibi
417 693 490 732 plura
505 702 582 722 erunt
596 695 716 723 dicenda.
748 693 815 721 Illud
830 693 881 721 hoc
895 692 955 720 loco
969 689 1208 718 demonstrandum
1217 710 1224 720 ,
1245 688 1318 725 quod
1333 689 1367 716 de
1381 689 1561 725 perduellione
1574 690 1679 717 comitis}-

92 732 240 761 centuriatis
260 735 411 770 judicatum
431 732 471 760 fit.
510 732 541 759 Id
563 743 629 761 vero
642 733 723 761 docet
737 731 850 759 Valerius
863 729 996 757 Maximus
1011 728 1079 756 libro
1094 727 1170 755 sexto
1183 736 1240 764 cap.
1253 736 1280 762 5.
1295 727 1436 764 inquiens:
1459 728 1499 754 M.
1516 728 1680 764 Pompilium

92 771 155 800 trib.
174 771 245 808 pleb.
267 772 378 800 Tiberio
399 770 523 799 Graccho
539 773 565 799 &
581 772 612 798 C.
627 771 739 799 Claudio
755 768 904 798 censoribus
915 789 922 800 ‚
950 777 1013 796 cum
1029 766 1064 794 ob
1077 766 1158 794 nimis
1171 764 1262 793 severe
1277 765 1378 802 gestam
1391 764 1528 793 censuram
1544 767 1679 801 majorem

89 817 195 848 partem
209 811 324 839 civitatis
337 808 525 846 exasperass'ent
538 829 546 840 ,
572 809 646 836 diem
660 807 849 845 perduellionis
862 807 893 834 ad
908 805 1039 844 populum
1056 803 1148 832 dixisse
1163 815 1168 831 z
1194 812 1249 840 quo
1263 803 1405 843 *injudicio
1419 804 1513 839 primae
1526 802 1607 830 claffis
1621 813 1681 840 per-

90 848 182 877 multae
194 848 319 877 centuriae
332 847 475 876 Claudium
489 854 580 883 aperte
593 847 759 878 damnarint,
780 848 833 875 &ct
852 844 962 872 Clarum
976 843 1028 871 hoc
1043 843 1124 870 etiam
1137 842 1174 869 est
1189 850 1219 869 ex
1233 845 1308 868 ιιι-ιο
1316 841 1360 869 lib.
1369 844 1394 869 6.
1403 840 1544 877 dejudicio
1554 843 1593 868 M.
1602 843 1676 869 Man-

90 885 120 914 lii
141 887 286 922 Capitolini
305 887 439 923 loquente.
475 886 509 913 Et
523 883 606 911 Cicero
620 894 670 921 pro
685 885 766 913 Sestio
779 904 786 916 ,
814 887 840 914 ἃ
854 883 915 910 alibi
929 883 1009 910 docet
1021 903 1028 913 ‚
1056 879 1149 918 legibus
1162 878 1292 907 duodecim
1308 878 1454 907 tabularum
1467 879 1597 907 sancitum
1616 880 1680 909 effe,

90 934 125 952 ne
139 925 172 952 de
187 926 271 961 capite
287 924 350 952 civis
364 923 411 952 nifi
428 922 535 950 comitiis
548 922 697 950 centuriatis
710 929 857 960 rogaretur.
896 923 969 949 Hinc
984 918 1103 957 Sigonius
1116 918 1133 945 l.
1148 929 1172 956 3.
1189 918 1223 945 de
1235 917 1342 953 judiciis
1356 919 1440 945 Rom.
1453 927 1510 956 cap.
1524 927 1549 953 5.
1563 917 1681 944 affirmat

89 963 148 999 post
160 963 278 990 instituta
292 961 388 989 tributa
401 960 500 989 comnia
516 962 549 989 de
562 961 664 989 mulcta
677 961 798 990 tributis:
817 961 850 989 de
863 960 949 997 capite
962 967 1028 986 vero
1043 958 1108 986 civis
1121 955 1269 985 centuriam
1279 955 1388 984 comitiis
1398 956 1491 985 adtum
1504 955 1563 984 effe.
1582 956 1616 984 Et
1623 955 1679 984 haec

89 1000 123 1029 de
138 1000 217 1030 caufis
231 999 328 1029 horum
341 998 507 1028 comitiorum.
526 999 653 1037 Sequitur
665 1000 700 1028 de
712 999 840 1037 personis.

791 1070 816 1097 C
836 1079 853 1097 Α
875 1078 898 1096 ι’.
938 1068 977 1095 X.

323 1128 376 1161 De
389 1126 521 1176 persbm's
531 1150 544 1171 ‚
569 1139 699 1174 quarum
714 1129 888 1163 interventu
903 1126 1029 1162 comitia
1045 1124 1216 1159 centuriata
1230 1122 1443 1172 peraffafhnt.

90 1195 245 1260 Triplices
269 1201 313 1229 hic
333 1203 437 1236 perfinae
463 1202 658 1231 confiderandae
677 1201 756 1233 sunt,
781 1200 838 1229 aliae
857 1200 983 1228 videlicet
995 1221 1005 1232 ‚
1033 1209 1091 1238 qua:
1109 1199 1151 1235 jus
1170 1198 1318 1225 habuerunt
1336 1195 1437 1224 comitia
1454 1194 1596 1222 census-iata
1615 1204 1679 1223 con-

169 1239 302 1270 vocandi,
328 1240 383 1267 aliae
403 1249 461 1277 quae
473 1239 628 1278 ficffinzgmm
647 1241 675 1267 in
697 1241 728 1267 iis
747 1239 864 1267 tulerunt
879 1248 885 1265 :
911 1239 965 1266 aliae
979 1247 1042 1275 quas
1056 1245 1150 1273 pia-ter
1161 1237 1262 1272 priores
1277 1235 1317 1262 his
1331 1233 1439 1262 comitiis
1450 1233 1536 1262 adefle
1549 1234 1681 1270 oportuit.

87 1275 147 1312 Jus
172 1277 256 1313 igitur
280 1276 377 1305 horum
405 1277 559 1305 comitiorum
578 1277 763 1306 habendorum
783 1276 834 1305 fuit
853 1285 934 1314 penes
953 1274 1115 1313 magistratus
1135 1275 1253 1310 majores
1271 1281 1377 1302 tantum
1390 1293 1398 1304 ,
1423 1274 1451 1301 δε
1470 1272 1579 1309 quidem
1600 1280 1682 1307 penes

89 1314 234 1347 Consules,
255 1315 397 1347 Praetores,
420 1315 564 1349 Censores,
585 1316 750 1347 metatores,
772 1316 939 1352 Interreges,
960 1314 1095 1341 Tribunos
1115 1313 1234 1341 militurn
1251 1311 1390 1340 Consulari
1410 1310 1556 1347 potestate,
1578 1311 1604 1338 δε
1626 1311 1679 1337 De-

89 1353 224 1380 cemviros
236 1352 338 1390 legibus
351 1353 504 1384 scribendis.

129 1391 333 1428 Magistratuum
353 1392 531 1420 creandorum
550 1389 651 1419 comitia
672 1391 821 1420 habuerunt
842 1390 889 1418 soli
909 1389 1042 1425 Consules,
1063 1387 1220 1420 miratores,
1241 1388 1405 1424 Interreges,
1426 1384 1541 1413 Tribuni
1558 1384 1679 1412 militum

90 1428 172 1456 Confi
186 1429 332 1465 potestate,
354 1432 381 1458 &
395 1430 552 1458 Decemviri
567 1429 825 1467 legibusscribendis.
845 1431 952 1466 Legum
960 1436 1050 1455 autem
1060 1426 1204 1458 Consules,
1224 1426 1390 1455 metatores,
1411 1424 1554 1454 Praetores,
1575 1424 1681 1452 &Cen-

87 1465 168 1494 sores.
187 1467 356 1505 Judiciorum
370 1468 437 1496 item
453 1467 593 1499 Consules,
615 1468 779 1499 metatores,
801 1470 827 1496 &
842 1468 980 1495 Praetores.
1000 1466 1031 1493 Id
1047 1475 1112 1493 vero
1124 1464 1294 1501 probandum
1311 1464 1356 1491 est.

129 1505 213 1541 Qod
231 1505 347 1540 Consules
364 1505 504 1534 habuerint
515 1508 560 1540 jus
577 1505 736 1533 comitiorum
755 1504 955 1532 centuriatorum
966 1524 974 1535 ,
1003 1503 1181 1531 creandorum
1201 1502 1404 1539 magistratuum
1420 1518 1428 1530 2
1454 1497 1526 1526 nulla
1545 1497 1601 1525 fere
1619 1507 1682 1534 pro—

89 1542 200 1570 batione
225 1550 304 1580 eget:
330 1543 504 1580 probabimus
529 1553 640 1576 tamen,
666 1543 746 1581 idque
765 1543 867 1570 ordine.
906 1541 1064 1570 Habuerunt
1081 1541 1204 1577 primum
1220 1538 1320 1566 comitia
1340 1536 1475 1571 Confidam
1494 1537 1682 1564 creandorum.

90 1579 310 1617 Qotiescunque
329 1583 402 1609 enim
422 1582 482 1610 novi
495 1582 613 1616 Confisles
625 1582 652 1609 in
667 1581 823 1618 sequentem
838 1590 939 1609 annum
956 1580 1062 1608 creandi
1077 1579 1161 1606 essent
1174 1599 1183 1610 ,
1209 1586 1268 1606 tum
1281 1577 1319 1604 illi
1334 1576 1379 1613 qui
1392 1573 1526 1612 praesentis
1539 1576 1602 1602 anni
1615 1577 1681 1601 Con-

83 1617 202 1651 fidatum
220 1617 347 1655 gerebant
360 1639 367 1651 ,
386 1619 486 1648 comitia
504 1621 538 1648 de
557 1619 715 1647 Consulibus
734 1619 761 1647 in
779 1618 934 1657 sequentem
956 1627 1055 1646 annum
1076 1617 1195 1654 legendis
1213 1615 1354 1643 habebant.
1393 1613 1516 1641 Testatur
1535 1613 1560 1639 id
1572 1633 1579 1644 ‚
1598 1621 1628 1639 ut
1644 1612 1679 1639 de

89 1654 199 1692 reliquis
217 1664 335 1688 taceam,
356 1656 443 1684 Livius
463 1657 590 1686 sexcentis
608 1658 681 1685 locis.
722 1658 804 1694 Qod
823 1657 841 1684 fi
861 1665 967 1693 tempus
985 1654 1143 1683 comitiorum
1161 1653 1363 1682 centuriatorum
1382 1652 1504 1682 instaret,
1526 1652 1551 1678 δε
1576 1649 1679 1678 Consu—

90 1692 150 1734 les',
178 1694 220 1721 vel
237 1694 310 1723 bellis
330 1695 455 1733 impediti
475 1697 595 1723 Romam
610 1696 698 1723 redire
714 1705 769 1722 non
782 1695 887 1733 poss‘ent
898 1716 905 1727 ‚
931 1694 974 1722 vel
986 1693 1145 1722 abdicassent
1157 1713 1165 1725 ,
1194 1693 1235 1720 vel
1251 1691 1321 1720 aliud
1337 1690 1401 1728 quid
1414 1688 1604 1726 impedimenti
1618 1688 1678 1725 ipfis

92 1730 233 1767 objectum
259 1735 323 1762 ess‘et
336 1753 345 1765 ,
371 1743 403 1761 ex
428 1733 650 1762 senatusconsulto
670 1733 838 1761 Di&atorem
858 1731 1015 1760 comitiorum
1032 1733 1104 1767 cauſsa
1123 1730 1266 1760 creabant:
1294 1730 1315 1757 is
1333 1729 1422 1766 postea
1438 1735 1539 1756 comrtm
1557 1725 1679 1766 habebat.

92 1769 177 1806 Qod
197 1767 306 1799 testatur
326 1780 422 1807 praeter
441 1772 518 1804 alios,
537 1772 626 1799 Livius
641 1771 732 1799 multis
750 1771 816 1800 locis
826 1792 833 1803 ‚
855 1773 881 1800 &
895 1771 959 1799 hinc
971 1771 1051 1798 toties
1065 1771 1093 1798 in
1107 1770 1186 1798 Fastis
1200 1767 1387 1796 Consularibus
1400 1764 1494 1803 Sigonit
1513 1766 1539 1792 ὅ(
1551 1762 1679 1797 Onuphrn'

92 1806 117 1847 1Α
137 1808 191 1835 itur
209 1809 378 1838 Dietatorem
398 1809 556 1837 comitiorum
573 1809 760 1838 habendorum
780 1811 884 1838 dietum
905 1809 965 1837 efle.
1005 1809 1059 1837 Ubi
1079 1817 1144 1836 vero
1157 1807 1201 1837 vel
1215 1807 1389 1835 contentione
1401 1803 1517 1843 ordmum
1530 1822 1537 1832 ,
1555 1809 1609 1843 ’aut
1621 1811 1678 1829 ma-

86 1854 117 1883 g!
138 1854 243 1874 fatuum
255 1868 263 1880 ‚
291 1847 333 1875 vel
351 1848 543 1875 canaffdatorum
562 1849 665 1876 ambitu
679 1868 686 1879 ,
714 1847 757 1875 vel
775 1847 825 1876 alia
843 1848 946 1875 ratione
957 1868 965 1880 ,
985 1847 1076 1884 perfici
1096 1854 1158 1875 ante
1177 1845 1238 1874 anni
1257 1845 1359 1872 exitum
1379 1841 1477 1869 comnia
1497 1848 1573 1867 novxs
1591 1840 1678 1877 magi-

92 1883 215 1911 stratibus
230 1887 348 1913 creandis
362 1895 418 1913 non
430 1887 573 1922 potuissent
587 1907 595 1919 ,
620 1894 679 1915 tum
687 1885 806 1920 patricios
818 1887 964 1914 convenire
978 1885 1121 1923 oportebat
1133 1885 1166 1912 ad
1178 1883 1350 1920 prodendum
1364 1890 1396 1908 ex
1408 1879 1455 1906 suo
1468 1887 1582 1906 numero
1596 1880 1678 1904 lmen-

91 1930 178 1963 regem
191 1942 199 1954 ³
217 1924 263 1959 qui
277 1924 331 1951 dies
344 1925 461 1962 quinque
474 1926 619 1962 imperaret
631 1945 638 1956 ,
657 1924 671 1952 a
683 1933 738 1961 quo
751 1924 816 1953 alius
829 1925 926 1952 deinde
939 1925 1076 1952 creabatur
1088 1943 1096 1953 ‚
1116 1923 1270 1957 eodemque
1286 1919 1372 1946 modo
1386 1916 1430 1944 alii
1442 1923 1522 1954 atque
1533 1916 1576 1943 alii
1589 1916 1677 1953 fingu-

91 1958 130 2002 hs.
144 1960 260 2001 quinque
280 1962 372 1990 diebus
390 1963 561 1995 creabantur,
582 1963 668 1991 donec
685 1971 752 1990 unus
771 1972 804 1990 ex
823 1963 860 1990 eis
878 1961 978 1989 comitia
994 1959 1151 1988 Consulibus
1165 1958 1284 1987 creandis
1297 1956 1414 1983 haberet.
1439 1955 1608 1995 ‘Confirmat
1622 1954 1675 1982 boc

94 2005 179 2037 etlam
193 2001 281 2040 {nnus
294 1999 311 2026 1.
326 2009 367 2027 10.
386 2000 426 2027 Eo
439 2010 510 2029 anno
525 2002 588 2036 (nec
600 2001 713 2029 traditur
720 2000 806 2034 causa)
815 2003 987 2037 Interregnum
995 1999 1103 2026 initum.
1122 2000 1259 2034 Interreges
1267 1994 1341 2022 fuere
1348 1993 1486 2025 claudtus,
1506 1993 1568 2021 dein
1577 1992 1674 2020 Esttl-

88 2043 183 2070 pttrus,
204 2045 230 2077 .¹⁵,
239 2037 350 2065 comitia
363 2037 512 2067 consularia
522 2039 627 2070 habuit,
648 2041 701 2067 &c-
715 2038 777 2065 alibi
790 2038 863 2074 [repe.

133 2078 247 2101 Comma
260 2073 401 2109 putoribus
421 2078 529 2104 creandis
544 2099 552 2110 ,
574 2080 600 2106 ἃ
620 2078 686 2105 item
707 2076 858 2104 censoribus
878 2074 926 2103 soli
945 2073 1060 2109 confides
1076 2073 1229 2101 habuerant.
1271 2071 1368 2109 Neque
1387 2070 1460 2097 enim
1479 2076 1622 2106 praetores,
1642 2076 1674 2096 ac

92 2111 216 2153 censores
234 2113 248 2140 a
267 2113 436 2150 praetoribus,
456 2117 483 2144 &
502 2115 665 2148 censoribus,
685 2114 729 2142 sed
748 2123 854 2143 tantum
873 2112 887 2141 a
907 2111 1050 2148 Confidibus
1067 2112 1149 2140 creari
1169 2117 1324 2147 potuerunt.
1362 2110 1405 2136 De
1418 2107 1561 2143 putoribus
1578 2114 1674 2144 praeter

93 2154 201 2177 Lrutum
213 2171 221 2183 ,
249 2153 295 2188 qui
309 2152 422 2179 ostendit
434 2151 615 2189 saepenumero
628 2155 656 2182 in
671 2153 714 2181 sua
726 2152 833 2181 historia
846 2174 853 2185 ,
881 2150 1010 2179 Consules
1020 2149 1133 2186 pretoria
1146 2147 1246 2177 comitia
1260 2149 1310 2183 (ita
1323 2148 1397 2175 enim
1410 2146 1565 2174 dicebantur
1580 2166 1588 2176 ‚
1614 2154 1673 2182 quae

92 2195 240 2224 praetorum
260 2189 436 2217 creandorum
456 2191 529 2219 causa
547 2191 727 2224 habebantur,
744 2192 808 2219 ficut
827 2192 910 2219 etiam
930 2187 1097 2225 consularia,
1117 2197 1174 2225 quae
1193 2187 1227 2215 de
1248 2185 1410 2217 consulibus,
1431 2187 1458 2213 &
1476 2183 1582 2218 censoria
1615 2192 1673 2220 quae

93 2227 128 2254 de
148 2226 300 2256 censoribus
313 2249 320 2260 ‚
341 2228 408 2256 item
426 2228 579 2259 tribunitia,
600 2229 717 2260 adilina,
736 2228 882 2269 questorm.
902 2237 958 2266 quae
978 2229 1011 2256 de
1029 2227 1141 2255 tribunis
1158 2224 1332 2256 militaribus,
1352 2223 1394 2252 vel
1412 2222 1536 2260 plebejis‚
1556 2221 1674 2249 aedssibus

93 2263 178 2300 plebis
191 2285 199 2297 ,
226 2267 252 2294 ἐζ
271 2266 452 2303 quaestoribus)
472 2267 587 2302 prataria
600 2289 608 2300 ,
632 2269 741 2306 inquam
753 2289 762 2300 ,
789 2267 891 2296 comitia
908 2266 1023 2300 habuisse
1042 2266 1113 2293 testis
1132 2263 1247 2300 locuples
1265 2262 1302 2291 est
1326 2261 1410 2290 Cicero
1429 2261 1446 2290 l.
1458 2268 1486 2298 9.
1505 2260 1674 2298 epistolarum

94 2303 129 2332 ad
147 2303 269 2332 Atticum
281 2325 288 2336 ,
314 2304 421 2341 epistola
438 2314 477 2332 ιι.
497 2305 529 2332 ad
549 2315 631 2343 quern
649 2307 684 2334 fic
702 2306 809 2334 scribit:
836 2307 896 2333 Nos
913 2312 1004 2332 autem
1025 2304 1053 2331 in
1072 2302 1144 2331 libris
1161 2301 1290 2329 habemus
1302 2321 1309 2333 ‚
1330 2309 1386 2329 non
1406 2301 1492 2327 modo
1513 2298 1640 2326 Contules
1660 2295 1674 2323 ὲ

95 2348 222 2381 praetore,
231 2341 286 2384 *sed
299 2352 333 2370 ne
339 2352 453 2377 pretores
464 2344 575 2381 quidem
589 2345 672 2372 creari
683 2344 725 2380 jus
739 2345 797 2373 effe.
832 2344 915 2381 quue
928 2343 1030 2370 fatitum
1044 2342 1095 2369 effe
1106 2349 1264 2378 numquam.
1284 2338 1415 2375 Consules,
1430 2348 1464 2366 eo
1476 2346 1532 2366 non
1545 2336 1596 2363 effe
1609 2335 1670 2371 jus.

449 2380 455 2389 x

97 2379 170 2418 quod
183 2389 270 2417 majus
283 2381 430 2419 impenum
446 2392 459 2409 a
472 2391 579 2411 minore
592 2390 680 2420 rogari
692 2391 748 2411 non
762 2383 793 2412 sit
805 2383 855 2419 jus.
879 2384 1101 2448 P'mressfuoem
1113 2388 1178 2408 cum
1190 2380 1228 2410 ita
1237 2384 1381 2417 rogentur,
1404 2385 1436 2409 ut
1449 2376 1558 2414 collegae
1571 2372 1674 2438 Cotiso-

1018 2427 1085 2448 mm
1106 2427 1122 2446 2
1634 2418 1682 2440 um
