2075 2734
408 85 466 120 634
685 75 1124 108 Ana-tqusrarum
1164 69 1506 98 Romiuinuu
1547 49 1736 100 [navim.

409 136 512 162 Interea
527 137 624 167 magna
638 128 677 156 vis
691 125 875 155 accusatorum
891 125 919 152 in
933 133 980 151 eos
993 123 1119 159 irrumpit
1133 137 1150 155 ,·
1161 122 1207 160 qui
1220 121 1344 160 pecunias
1358 121 1464 150 foenore
1481 120 1643 153 aufflsabant
1657 143 1664 153 ‚
1683 123 1822 153 adverfiim
1836 125 1924 164 legem
1938 133 1993 161 υἱ,

409 168 511 199 cratoris
524 166 638 202 casuris,
660 175 710 203 qua
723 166 755 192 de
770 164 855 191 modo
868 162 1009 192 credendi,
1028 161 1243 200 possidendique,
1264 161 1332 188 intra
1343 160 1445 189 Italiam
1463 167 1584 191 cavetur,
1605 161 1700 188 omissa
1713 163 1793 195 olim,
1814 161 1873 202 quia
1882 169 1998 204 privato.

409 208 465 237 usui
477 207 579 234 bonum
593 205 729 242 publicum
745 202 921 239 postponitur.
960 202 1026 228 Sane
1039 207 1115 228 vetus
1134 199 1202 227 Urbi
1222 199 1342 227 foenebre
1359 198 1458 226 malum
1474 219 1481 229 ,
1502 200 1528 226 ὃς
1542 197 1703 227 seditionum
1717 221 1724 232 ‚
1744 201 1987 246 discordiarumque

410 246 571 274 creberrima
585 242 672 273 causti,
694 250 779 277 eoque
791 240 964 268 cohibebatur
976 239 1090 275 antiquis
1104 247 1210 275 quoquc
1224 240 1250 266 ὃ(
1267 238 1354 265 minus
1369 237 1500 273 corruptis
1515 236 1643 264 moribus.
1679 239 1751 266 Nam
1767 242 1856 276 primo
1869 254 1899 272 xi
1910 257 1930 273 Ι,
1946 256 1986 274 m.

408 283 471 311 bulis
490 282 609 310 sancium
624 302 630 313 ‚
651 290 685 307 ne
700 280 757 316 quis
770 277 879 306 unciario
889 277 984 315 fa'nore
997 277 1111 313 amplius
1126 282 1262 304 exerceret
1275 296 1282 307 ‚
1303 285 1365 303 cum
1378 283 1454 304 antea
1468 285 1499 303 ex
1519 275 1627 303 libidine
1641 275 1816 312 locupletium
1830 282 1986 317 agitaretur.

409 322 472 350 dein
486 321 625 358 rogatione
640 318 778 346 tribunitia
789 317 826 344 ud
830 315 973 352 semuncias
988 316 1102 343 redacta.
1124 314 1264 342 Postremo
1273 314 1355 341 vetita
1369 313 1473 341 versura
1487 312 1630 350 multisque
1642 313 1785 351 plebiscitis
1798 317 1908 348 obviam
1918 307 1999 353 imni,

408 360 557 389 fraudibus,
579 367 636 395 quae
649 357 730 385 toties
744 355 878 392 repressae,
899 356 980 382 miras
992 363 1040 392 per
1053 361 1122 382 artes
1136 353 1224 380 rursus
1238 352 1400 380 oriebantur.
1418 352 1553 381 Hactenus
1567 351 1679 381 Tacitus.

1117 405 1215 453 Julia
1240 407 1301 439 lex.

451 472 620 499 Memoratur
634 471 661 498 ὅ(
674 467 723 497 alia
738 465 819 504 Julia
832 467 875 495 Iex
887 467 917 494 de
930 464 1028 503 ceffione
1040 464 1167 494 bonorum.
1205 469 1244 495 Ut
1258 468 1304 504 qui
1320 466 1373 494 fine
1387 465 1451 494 dolo
1463 465 1510 494 suo
1525 466 1598 495 malo
1610 468 1653 496 aeri
1670 467 1758 496 alieno
1771 468 1918 498 satisfacere
1933 467 1987 501 non

411 508 496 546 posset
509 508 586 536 bonis
606 507 655 535 suis
668 508 789 535 cedendo
802 506 963 535 liberaretur.
984 504 1002 533 l.
1017 515 1044 541 4.
1065 506 1097 533 C.
1112 506 1158 543 qui
1175 505 1239 533 bon.
1259 506 1316 533 ced.
1329 505 1395 542 poss‘.
1416 506 1443 533 ὃς
1458 505 1485 532 in
1499 509 1528 532 C.
1543 506 1633 534 Theod.
1647 506 1692 535 lib.
1705 516 1737 542 4.
1750 508 1792 536 tit.
1807 509 1851 545 qui
1865 509 1940 538 bonis
1954 519 1986 540 ex

409 548 462 585 lege
475 545 555 584 Jnlm
569 547 663 575 cedere
675 546 784 583 poffint.

1076 581 1212 616 Claudia
1237 582 1302 616 lex.

455 646 596 675 Claudiam
609 647 670 677 tulit
684 644 846 674 &Claudius
859 646 946 680 Caffir.
978 645 1023 672 Ne
1037 644 1182 672 creditores
1196 645 1223 672 in
1235 652 1355 672 mortem
1371 649 1513 680 parentum
1526 644 1649 681 pecunias
1665 643 1886 673 filiisfamiliarum
1903 646 2000 675 foenoss

411 688 434 715 ri
448 688 548 715 darent.
575 684 677 714 Tacitus
689 685 733 714 lib.
745 684 888 713 Annalium
906 694 930 711 z.
945 693 1001 722 quae
1015 682 1057 710 lex
1072 682 1103 709 ab
1119 683 1320 711 Atheniensibus
1334 681 1474 719 desumpta
1487 683 1523 710 est
1538 703 1545 714 ‚
1565 692 1632 720 quos
1646 681 1760 709 similem
1773 681 1887 712 habuisse
1899 684 1989 723 legem

412 735 444 753 ex
458 723 574 753 Terentii
589 723 735 751 Phormione
752 723 886 751 discimus.
1130 743 1155 763 ‚q

453 763 603 790 Referenda
614 763 645 789 ad
660 762 727 790 hanc
741 761 845 789 claffem
860 761 940 789 etiam
956 761 992 787 est
1006 758 1047 785 lex
1065 757 1166 786 Patelm
1182 757 1284 793 Papiria
1297 777 1305 787 ,
1325 768 1406 796 quam
1422 757 1504 786 tulere
1523 763 1553 786 C.
1576 757 1692 786 Patelius
1711 756 1772 785 Libo
1786 756 1877 792 Visolus
1891 760 1940 788 111.
1959 765 1991 789 L.

413 800 528 835 Papirius
541 800 711 837 Mugillanus,
733 799 803 827 Cossss
814 809 884 827 anno
898 808 1002 826 cnxxw
1013 808 1033 824 1.
1061 799 1105 824 Ne
1118 798 1190 833 quis,
1211 796 1258 824 nifi
1270 798 1315 833 qui
1329 807 1428 824 noxam
1444 796 1578 825 meruisset
1592 817 1599 829 ‚
1621 797 1707 824 donec
1719 806 1827 832 poenam
1845 796 1942 830 lueret,
1961 800 1990 827 &

411 840 438 866 in
453 839 645 874 compedibus,
665 846 710 866 aut
724 838 750 864 in
765 846 850 864 nervo
861 844 1008 866 teneretur,
1029 836 1145 871 pecunia:
1160 836 1266 863 creditae
1276 835 1345 862 bona
1358 835 1499 866 debitam,
1520 845 1575 862 non
1589 844 1684 871 corpus
1698 835 1845 863 obnoxium
1860 835 1931 864 esset.
1952 836 1988 864 Et

410 887 445 905 ne
459 877 517 914 quis
531 878 557 903 in
571 876 706 911 posterum
721 875 880 903 necteretur.
906 874 996 900 Livius
1010 873 1088 901 lib.S.
1109 877 1139 900 C.
1153 872 1265 899 Manlius
1279 873 1306 900 in
1324 873 1437 908 Epistola
1451 874 1483 900 ad
1495 872 1671 911 QMarcium
1686 877 1708 898 C
1708 873 1814 907 onfielem
1826 873 1894 910 apud
1907 873 1992 908 sanast

400 913 484 952 stium
498 915 526 942 in
535 914 720 950 conjuratione
736 911 864 941 Catilinae.
884 913 1005 939 Tantum
1019 912 1050 938 de
1061 921 1088 937 re
1102 909 1263 942 nummaria,
1284 910 1418 946 &fenora
1438 912 1588 949 Sequuntur
1602 910 1673 948 leges
1685 911 1716 937 cle
1722 909 1861 945 judicibus.

1087 980 1111 1007 C
1132 990 1148 1007 Α
1169 991 1192 1008 Ρ.
1232 981 1322 1008 XXI.

896 1034 948 1067 De
953 1031 1133 1082 judicibus,
1159 1032 1266 1075 donis,
1295 1040 1341 1068 Θ*
1358 1031 1540 1069 muneribus;

1107 1112 1232 1146 Romuli
1257 1112 1321 1147 lex.

411 1172 504 1235 DE
514 1170 619 1212 juditiis
635 1169 692 1207 jam
707 1169 816 1202 dietari,
836 1169 908 1205 prius
922 1177 964 1196 eas
977 1167 1050 1206 leges
1063 1168 1274 1200 recensebimus,
1295 1178 1352 1206 quae
1366 1168 1398 1196 de
1409 1165 1465 1203 ipsis
1468 1166 1594 1204 judicibus
1603 1167 1660 1198 latae
1672 1168 1797 1202 fuerunt,
1817 1175 1877 1198 tum
1891 1178 1948 1208 quae
1961 1171 1992 1199 de

493 1211 608 1245 judicus.

1075 1247 1254 1294 Sempronia
1269 1246 1330 1280 lex.

452 1313 517 1340 Sunt
530 1317 620 1339 autem
633 1311 664 1337 de
671 1307 798 1345 judicibus
811 1308 869 1337 latae
882 1309 933 1336 istae
949 1319 956 1336 ε
976 1308 1119 1343 Sempronia
1132 1330 1142 1341 ‚
1162 1308 1272 1337 Servilia
1285 1329 1293 1341 ,
1313 1307 1403 1338 Liria,
1427 1307 1546 1340 Plautia,
1567 1306 1695 1337 Cornelia,
1716 1308 1838 1340 Aurelia,
1861 1311 1992 1345 Pompffs,

411 1350 497 1384 Julm,
518 1349 642 1377 Antonia.
661 1348 764 1386 Judicia
780 1348 900 1384 primum
915 1356 995 1384 penes
1009 1347 1129 1375 senatum
1145 1347 1265 1379 fuerunt,
1286 1347 1385 1385 exlege
1399 1347 1524 1377 Romuli,
1546 1347 1579 1374 de
1587 1355 1637 1382 qua
1648 1345 1776 1385 Dtoizfflus
1791 1344 1993 1386 Halicarntff’us

411 1388 502 1416 scribit
519 1388 546 1415 in
566 1386 636 1415 hunc
651 1387 779 1414 modum:
800 1385 932 1415 Romulus,
955 1386 1055 1422 inquit,
1076 1386 1216 1422 postquam
1230 1385 1354 1413 discrevit
1371 1385 1488 1421 potiores
1509 1384 1540 1411 ab
1554 1380 1737 1416 inferioribus,
1759 1394 1825 1413 mox
1837 1384 1915 1422 legib.
1934 1387 2005 1415 latis?

411 1425 563 1464 praescripsit
578 1446 584 1456 ,
605 1425 675 1461 quod
691 1423 807 1460 utrisque
828 1423 978 1451 faciendum
994 1433 999 1449 :
1020 1425 1058 1450 Ut
1067 1422 1170 1456 patricii
1183 1423 1253 1451 sacra
1272 1431 1394 1450 curarent
1408 1444 1414 1453 ,
1435 1421 1595 1459 magistratus
1610 1429 1735 1458 gererent
1749 1443 1756 1453 ‚
1775 1423 1817 1457 jus
1832 1423 1990 1455 redderent,

412 1464 502 1492 secum
514 1463 643 1498 rempubl.
651 1462 878 1491 administrarent,
898 1471 938 1488 res
951 1460 1060 1488 urbanas
1072 1461 1189 1488 obirent:
1210 1462 1290 1497 idque
1299 1460 1381 1497 longo
1394 1467 1518 1495 tempore
1531 1461 1612 1487 etiam
1627 1458 1673 1486 sub
1682 1459 1837 1487 Consulibus
1850 1459 1991 1492 servatum,

414 1503 502 1530 donec
515 1501 625 1529 tandem
647 1503 680 1527 C.
700 1498 856 1532 Sempronius
871 1499 992 1525 Gracchus
1005 1497 1119 1525 tribunus
1138 1498 1218 1534 plebis
1238 1498 1338 1526 senatui
1359 1499 1474 1534 iniquior
1486 1517 1493 1528 ‚
1514 1506 1584 1524 anno
1603 1504 1709 1524 lDCXXX.
1729 1496 1875 1534 QCssilio
1889 1498 1992 1525 Metello

413 1537 557 1568 Balearica,
577 1543 609 1564 T.
624 1535 731 1574 Qintio
745 1534 889 1566 Flaminio,
911 1536 982 1562 Coff.
997 1535 1084 1572 legem
1100 1535 1173 1567 tulit,
1195 1545 1274 1572 quam
1291 1536 1380 1572 paucis
1394 1543 1454 1563 ante
1471 1536 1545 1562 annis
1558 1533 1640 1561 frater
1653 1534 1710 1568 ejus
1725 1535 1849 1562 Tiberius
1863 1534 1931 1562 ferre
1945 1545 1989 1563 co.

413 1584 489 1604 natus
503 1584 568 1604 erat:
593 1577 630 1603 Ut
646 1574 758 1610 judicia,
779 1582 835 1609 quae
849 1573 954 1609 semper
968 1582 1045 1601 antea
1052 1582 1127 1607 penes
1132 1573 1289 1608 senatorium
1303 1573 1425 1601 ordinem
1440 1573 1543 1600 fuerant
1556 1592 1562 1603 ‚
1589 1572 1693 1605 adsblos
1707 1571 1803 1609 equites
1817 1571 1992 1601 transferren-

413 1621 464 1642 tur.
486 1613 615 1649 Appianas
629 1613 672 1640 lib.
686 1612 747 1639 1.de
755 1611 808 1638 Bel.
823 1611 894 1638 civil.
914 1612 998 1645 Afton.
1007 1612 1033 1639 in
1046 1612 1137 1640 Divin.
1154 1612 1257 1646 Vellejus
1270 1611 1314 1638 lib.
1323 1621 1347 1638 2.
1368 1609 1469 1637 Tacitm
1482 1610 1527 1636 lib.
1538 1619 1578 1636 12.
1601 1612 1675 1635 Varro
1688 1609 1722 1636 de
1733 1611 1794 1637 Vita
1801 1617 1864 1645 pop.
1872 1610 1990 1639 Roman.

414 1652 481 1690 apud
491 1653 614 1680 Nonium
623 1671 630 1681 ,
649 1650 676 1677 in
688 1658 755 1677 voce
769 1647 861 1682 Biteps.
902 1648 1052 1677 Plutarchus
1066 1650 1093 1677 in
1101 1649 1241 1680 Gracchis,
1261 1647 1358 1687 equites
1373 1655 1506 1676 trecentos
1523 1646 1742 1681 cum-senatoribus
1754 1648 1878 1676 trecentis
1892 1650 1994 1678 mixtos

414 1691 509 1724 tradit,
530 1697 609 1727 atque
624 1689 692 1716 inter
705 1686 830 1724 utrosque
844 1688 1042 1716 communicata
1054 1686 1167 1725 judicia,
1188 1687 1259 1724 quod
1274 1686 1368 1715 falsum
1380 1687 1425 1714 est.
1997 1693 1999 1695 ’

1087 1739 1226 1773 Servilia
1251 1739 1316 1772 lex.

453 1805 540 1831 Florus
553 1804 634 1831 etiam
650 1803 720 1839 Epit.
730 1805 774 1830 60.
788 1802 883 1831 author
895 1804 945 1834 est,
965 1802 1025 1841 lege
1036 1801 1180 1836 Sempronia
1194 1807 1328 1828 trecentos
1336 1800 1462 1834 finatores
1470 1808 1530 1827 cum
1545 1798 1673 1828 sexcentis
1686 1796 1811 1836 equitibus
1824 1799 1990 1827 commixtos

414 1842 537 1879 judicass‘e
552 1854 557 1869 ·.
576 1842 647 1878 quod
662 1840 837 1877 proculdubio
857 1842 893 1868 ad
903 1841 981 1879 legem
995 1841 1130 1868 Serviliam
1144 1839 1260 1877 pertinet
1274 1859 1280 1869 ‚
1300 1847 1381 1874 quam
1399 1847 1452 1864 non
1468 1837 1555 1864 multo
1567 1837 1624 1873 post
1638 1836 1698 1865 tulit
1719 1834 1897 1873 QServiliut
1912 1840 1990 1871 Capto

417 1880 529 1912 Consul,
549 1890 611 1908 cum
625 1884 656 1907 C.
674 1878 755 1905 Atilio
772 1882 891 1910 Serrano,
911 1889 982 1907 anno
999 1887 1115 1908 IDCXLVI
1125 1888 1145 1906 1.
1166 1879 1205 1905 Ut
1217 1876 1329 1913 judicia,
1350 1885 1406 1912 quae
1419 1875 1470 1913 lege
1477 1874 1620 1910 Sempronia
1633 1875 1665 1902 ad
1680 1873 1748 1902 solos
1761 1871 1856 1912 equites
1870 1875 1993 1903 transsata

414 1927 490 1947 erant
504 1940 513 1951 ‚
533 1919 621 1946 ordini
628 1916 754 1952 senatorio
768 1918 1032 1945 communit-arentur
1046 1927 1051 1943 ·.
1072 1925 1129 1953 quae
1142 1922 1234 1943 tamen
1249 1914 1290 1942 lex
1305 1924 1360 1942 non
1376 1913 1463 1942 multo
1481 1914 1540 1950 post
1554 1914 1679 1950 abrogata
1692 1913 1738 1940 est.
1775 1910 1878 1938 Tacitus
1891 1911 1935 1940 lib.
1951 1922 1992 1941 η.

419 1957 511 1985 Annal.
524 1956 578 1983 Cic.
593 1957 619 1984 in
637 1966 658 1983 1.
673 1955 707 1982 de
719 1957 784 1983 Arte
799 1955 879 1984 Rhet.
893 1955 938 1983 lib.
950 1966 974 1982 2.
988 1956 1021 1982 de
1030 1956 1161 1986 Oratore,
1181 1955 1210 1981 in
1224 1954 1322 1985 Bruto,
1343 1953 1499 1980 moratione
1512 1961 1562 1989 pro
1572 1954 1687 1983 Scauro,
1707 1953 1734 1979 ὃ(
1748 1948 1853 1978 ibidem
1865 1949 1995 1986 Afionius.

418 1997 476 2024 Fuit
489 2003 581 2023 autem
596 1994 644 2023 hac
656 1993 715 2030 lege
728 1994 817 2030 impar
831 1996 858 2022 ὅ(
874 1994 964 2021 minor
978 2002 1105 2021 numerus
1112 1993 1273 2027 feninorum,
1294 2000 1376 2028 quam
1390 1990 1518 2030 equitum.

1114 2046 1215 2093 Julia
1235 2047 1295 2078 lex.

460 2111 534 2137 Nam
547 2111 634 2146 paucis
646 2110 704 2146 post
717 2110 790 2137 annis
805 2113 842 2136 M.
857 2108 947 2137 Livius
960 2109 1055 2143 Drufiis
1067 2107 1181 2135 tribunus
1194 2106 1277 2144 plebis
1292 2127 1299 2138 ‚
1319 2108 1352 2135 l..
1366 2104 1463 2133 Marcio
1478 2102 1589 2138 Philippo
1604 2125 1611 2136 ‚
1630 2108 1702 2131 Sext.
1718 2101 1784 2139 Jul.
1795 2103 1901 2138 Castra,
1923 2101 2005 2132 Com.

420 2157 491 2176 anuo
499 2148 577 2175 Urbis
589 2157 684 2175 mccxx
697 2158 715 2174 ι.
728 2147 814 2185 legem
826 2147 886 2175 tulit
894 2158 899 2174 ε
907 2150 946 2176 Ut
958 2157 1032 2185 aequa
1043 2156 1075 2175 ex
1083 2153 1157 2183 parte
1167 2145 1268 2180 judicia
1275 2153 1355 2181 penes
1359 2145 1494 2179 senatum,
1504 2145 1529 2171 &
1538 2141 1673 2181 equestrem
1687 2142 1799 2168 ordinem
1807 2141 1902 2171 efflent,
1911 2141 1938 2168 id
1948 2142 1992 2173 est,
2026 2159 2029 2161 -

421 2186 535 2214 trecenti
549 2184 655 2224 equites,
678 2188 704 2213 &
718 2186 830 2213 trecenti
836 2186 972 2220 anatores.
1002 2185 1118 2220 ‘asconius
1131 2185 1159 2211 in
1171 2183 1375 2214 Cornelianam,
1395 2181 1447 2209 Cic.
1461 2181 1504 2208 lib.
1516 2191 1540 2218 3.
1553 2181 1584 2207 de
1598 2185 1675 2207 Orat.
1695 2179 1782 2206 Florus
1796 2179 1866 2214 Epir.
1880 2189 1923 2214 71.
1942 2183 1994 2214 Ap-

414 2223 485 2258 pian.
498 2223 542 2251 lib·
563 2233 585 2252 1.
600 2224 632 2249 de
648 2223 700 2250 Bel.
715 2223 786 2251 civil.
805 2223 839 2251 sic
852 2223 954 2252 scribit:
974 2228 1013 2251 M.
1027 2223 1117 2250 Livius
1134 2222 1236 2256 Drusiss
1246 2221 1371 2255 finarum
1383 2228 1489 2256 quoque
1504 2228 1535 2246 ac
1552 2217 1650 2257 equites
1669 2225 1729 2246 tum
1752 2217 1871 2244 maxime
1882 2225 1994 2253 prOPter

417 2263 516 2298 judicia
528 2260 676 2289 diffidentes
690 2260 805 2288 invicem
821 2262 966 2290 conabatur
980 2261 1122 2289 conciliare
1137 2270 1143 2287 ι
1163 2269 1220 2296 quae
1231 2268 1294 2287 curn
1307 2259 1428 2295 nequiret
1442 2257 1540 2285 senatui
1561 2257 1648 2294 palam
1665 2256 1800 2284 restituere
1815 2275 1822 2286 ,
1842 2263 1898 2282 arte
1909 2254 1993 2282 utrofi

418 2310 470 2338 que
482 2298 612 2337 aggresshs
624 2298 667 2324 est.
690 2298 763 2324 Nam
778 2308 839 2325 cuin
848 2300 930 2334 perid
944 2308 1050 2337 tempus
1061 2306 1170 2336 propter
1184 2297 1288 2325 crebras
1300 2296 1442 2325 seditiones
1456 2296 1500 2323 vix
1508 2302 1692 2323 trecentorum
1707 2292 1826 2329 expleret
1838 2301 1991 2323 numerum,

418 2337 599 2376 promulgavit
609 2335 697 2373 legem
706 2355 715 2367 ‚
735 2343 765 2363 ut
778 2344 809 2363 ex
823 2336 929 2374 equestri
942 2339 1035 2369 ordine
1049 2337 1208 2365 adderentur
1222 2335 1339 2364 totidem
1350 2356 1359 2368 ,
1380 2334 1485 2363 delectu
1501 2333 1674 2370 optimorum
1684 2331 1777 2360 habito
1787 2351 1796 2363 ‚
1815 2338 1894 2367 atque
1905 2338 1937 2356 ex
1951 2328 1991 2372 his

1902 2375 1992 2397 013]OE-
