2075 2734
372 123 426 152 392
828 116 1069 142 PAULt

364 167 508 199 provinciis,
522 173 577 198 quas
590 165 691 198 praetorii
699 164 851 192 obtinebant,
867 163 1141 196 aggregatur‚erateuini

363 199 463 230 potestas
477 199 578 225 senatui,
597 206 658 229 quos
671 199 753 224 vellet,
772 198 797 220 in
810 197 939 227 provincias
952 195 1078 221 mittendi,
1096 194 1141 218 five

364 230 515 257 Consulares,
537 230 581 253 live
596 231 727 261 ptaetorios:
747 230 784 255 &,
804 230 828 251 ir:
843 235 897 258 quas
906 226 1140 258 practoriimittebau—

365 269 416 290 tur,
435 263 558 294 praeroriae,
577 262 601 284 in
615 268 670 291 quas
683 259 812 283 Consulatu
825 259 914 285 functi,
933 257 1073 281 Consulares
1086 265 1139 288 pro-

365 295 449 318 vincia:
468 293 614 316 vocabantur.
633 292 658 315 id
671 300 699 315 ex
714 292 760 315 hoc
775 291 824 322 ipso
838 298 943 321 primum
956 289 1106 320 cognoscitur·
1120 292 1140 313 S.

364 327 395 350 C.
411 333 460 356 quo
473 326 604 356 prxtorius,
622 331 670 346 non
685 323 819 347 Consularis
828 324 851 346 in
860 322 986 348 Ciliciam,
1003 322 1040 344 cui
1050 329 1140 352 praerat

367 357 414 380 hoc
428 364 489 380 anno
503 357 587 379 Cicero
595 354 745 381 Consularis,
764 355 878 378 mittitur:
897 354 1141 376 deindecontirmarur

367 389 475 411 oratione
495 387 524 410 de
542 387 679 418 provinciis.
693 387 770 417 potuit
784 393 860 409 tamen
875 385 982 409 tribunus
993 385 1068 415 plebis
1086 386 1142 408 hanc

367 419 503 450 potestatem
515 420 603 448 eripere
616 418 702 441 senatui
711 435 716 443 ,
736 419 759 441 ἃ
772 419 923 441 Contularent
932 418 1077 448 provinciam
1087 434 1092 443 ‚
1112 417 1141 439 la-

367 458 388 474 ta
402 452 539 481 rogatione,
558 451 584 473 ab
598 450 697 473 homine
711 449 835 473 Consulari
849 450 876 472 ad
890 447 1141 479 piatoniumriansfer-

366 490 398 506 re.
412 483 478 511 quod
492 482 575 510 objicit
587 482 677 504 Clodio
690 482 796 508 Tullius,
813 480 948 511 factumque
962 481 1140 503 extraordinem

366 516 474 545 queritur
491 515 515 537 in
534 514 641 536 oratione
655 520 697 543 pro
711 516 799 536 Domo.
824 512 880 538 Sed,
898 519 922 535 ut
936 513 1028 534 redeam
1041 513 1068 535 acl
1082 512 1141 534 Cili·

367 547 443 572 ciam,
460 546 574 576 cogitanti
589 544 664 569 mihi.
682 553 722 567 cur
732 545 834 575 prxtoria
844 551 904 567 nunc
918 544 966 568 fiat,
987 551 1037 574 quae
1051 542 1143 566 Consu-

367 578 421 601 laris
440 584 503 600 antea
522 576 609 603 fuerat,
627 576 783 599 administrata
801 584 841 607 per
860 583 931 598 annos
944 573 1144 605 aliquotatribus

367 607 550 636 consularibus,
569 609 669 632 Lentulo
678 625 684 634 ,
701 608 795 639 Appio,
815 608 939 631 Cicerone.
954 606 1028 630 viium
1037 606 1068 629 est
1078 606 1142 629 hoca

365 641 514 671 Pompeianis
526 640 598 663 astuto
611 639 708 663 consilio
715 640 818 666 factum,
836 646 861 662 ut
869 637 1034 662 Consularium
1046 639 1142 669 provin-

369 673 457 696 ciarum
478 679 600 699 numerus,
618 679 662 694 una
681 678 787 702 exempta
801 688 807 697 ‚
824 670 890 694 fieret
903 670 1021 701 angustior
1035 686 1041 696 ,
1063 677 1142 700 eoque

368 705 454 727 certior
472 703 522 734 spes
540 703 594 727 essct
614 704 734 727 adimendi
748 703 833 726 Gallias
847 701 940 726 Cxsarit
958 709 1012 724 curn
1026 702 1080 724 duas
1093 708 1140 724 ran-

368 742 421 759 tum
439 736 577 759 Consulares
593 735 726 766 provincias
738 735 790 765 lege
803 734 937 764 Sempronia
950 734 1043 756 decerni
1057 739 1096 764 per
1110 732 1141 755 se-

367 774 449 790 natum
464 773 591 798 oporteret.
606 767 672 799 quod
684 767 802 789 orationes
815 773 859 796 pro
872 765 960 792 domo,
978 766 1038 787 &de
1045 764 1141 794 provin-

367 800 426 824 ciis,
443 800 467 822 ὃ(
478 797 550 822 Caesar
563 798 605 822 lib.
615 807 635 821 1.
648 798 677 821 de
690 798 746 821 bell.
758 799 890 821 civ.d01:er:
910 795 1047 819 Consulares
1055 802 1140 822 autem,

369 830 394 854 id
407 830 438 854 est
447 848 453 858 ,
472 828 664 854 ΞΟοηΓυΙπὼυε
677 830 722 853 hoc
736 837 797 853 anno
811 828 970 852 administrata:
979 844 986 854 ,
1002 835 1101 859 quatuor
1108 828 1140 850 ei-

367 862 431 889 ient,
450 861 579 893 Hispaniae,
596 862 696 888 Cilicia,
715 862 811 887 Gallice,
830 862 903 891 Syria:
922 862 986 889 (nam
994 859 1140 885 Macedonia,

367 892 382 916 ‘a
394 901 443 925 quo
454 900 561 924 tempore
575 896 602 916 L.
614 893 692 916 Pisoni
707 893 830 916 Consulari
842 892 1015 923 QAncharius
1022 891 1141 922 praetorius

369 924 486 951 sucteffit‚
504 925 607 955 praetoria
625 925 681 955 fuit)
694 932 736 947 nec
753 926 778 948 in
798 922 917 954 Hispanias
936 923 1001 946 mitri
1015 922 1139 954 quisquam

367 956 457 990 posset,
474 964 529 979 curn
543 964 579 980 eas
591 957 643 986 lege
655 956 771 980 Trebonia
785 955 875 978 Contirl
887 956 973 977 iterum
987 955 1141 984 Pompeiusin

368 989 562 1020 quinquennium
571 1005 577 1015 ‚
596 988 719 1019 posteaque
737 987 834 1010 tertium
847 984 952 1011 Consul,
971 986 1038 1008 altera
1051 986 1103 1015 lege
1116 985 1141 1007 in

367 1021 467 1043 alterum
486 1020 692 1051 quinquennium,
710 1025 735 1041 ut
755 1019 785 1041 :tit
806 1018 868 1043 Dio,
884 1017 935 1043 vel,
951 1023 976 1039 ut
995 1016 1140 1043 Plutarchus,

370 1052 395 1074 in
415 1051 597 1082 quadriennium
617 1049 742 1081 accepisset.
765 1050 860 1080 reliqua:
877 1054 921 1071 tres
932 1055 1009 1071 erant:
1028 1046 1040 1070 e
1058 1047 1143 1078 quibus

369 1083 423 1106 duas
439 1089 528 1105 tantum
548 1082 640 1106 decerni
660 1082 767 1112 oportuit
780 1082 831 1111 lege
843 1080 989 1111 Sempronia.
1004 1080 1096 1102 inventa
1110 1087 1142 1102 ra-

368 1115 405 1137 tio
424 1114 469 1139 est,
487 1120 512 1137 ut
524 1121 552 1137 ex
565 1113 639 1137 tribus
652 1120 696 1137 una
709 1114 843 1136 tolleretur:
863 1112 1043 1143 praetoriamque
1055 1109 1143 1134 senatus

367 1147 480 1169 Ciliciam
500 1145 572 1169 facere
585 1152 680 1169 conatus
692 1145 732 1169 est.
750 1145 792 1168 Sed
804 1143 891 1167 tribuni
906 1142 981 1174 plebis
990 1143 1143 1173 Pompeiano-

369 1185 423 1201 rum
445 1184 490 1200 arte
509 1178 616 1208 cognita,
634 1175 815 1200 intercesserunt.
845 1174 895 1198 Post
907 1175 1004 1198 alterurn
1015 1180 1092 1197 tamen
1107 1183 1142 1197 an-

370 1217 443 1235 num,
462 1210 575 1235 Lentulo,
594 1209 618 1232 &
628 1209 739 1232 Marcello
753 1207 812 1232 Coss'.
829 1206 874 1230 hoc
886 1206 983 1229 arbitror
998 1205 1142 1229 senatuscon-

369 1239 457 1264 sultum
469 1258 474 1265 .
492 1239 720 1272 spretarribunorum
728 1239 801 1270 plebis
810 1238 982 1263 interceffione,
996 1244 1143 1263 renovatum,

370 1273 530 1303 Ciliciamque
545 1273 674 1304 praetoriam
688 1270 731 1295 esse
743 1271 841 1294 fastam:
859 1277 913 1293 cum
928 1268 1143 1301 apudCaesaxemlt

370 1304 414 1327 bro
428 1313 447 1327 r.
462 1305 490 1327 de
504 1303 558 1327 bell.
571 1304 636 1327 civil.
651 1303 800 1326 mentionem
811 1302 861 1327 fieti
875 1302 967 1325 videam
975 1301 1004 1323 de
1017 1302 1145 1332 provinciis

370 1335 458 1359 duabus
470 1334 646 1361 consularibus,
664 1335 738 1358 Gallia
747 1352 754 1361 ,
772 1334 865 1364 &Syria
874 1350 880 1360 ‚
898 1334 921 1356 in
929 1332 1016 1356 sortem
1023 1333 1145 1362 conjectis,

372 1374 471 1398 quarum
484 1367 559 1390 Gallia
573 1369 598 1390 L.
613 1367 740 1392 Domitio,
757 1366 817 1396 Syria
831 1365 936 1395 Scipioni
949 1364 1053 1387 obvenit.
1072 1373 1145 1396 quan>

371 1406 443 1430 quam
456 1399 481 1421 in
494 1405 524 1421 eo
541 1400 595 1422 loco
608 1398 637 1421 de
650 1406 693 1421 una
706 1404 796 1421 tantum
810 1397 884 1420 Gallia
892 1397 1145 1427 ulterioreintelligcn-

371 1432 443 1454 dum:
461 1437 514 1453 nam
527 1431 661 1454 citeriorem
675 1429 765 1452 senatus
777 1429 908 1459 pratoriam
921 1427 984 1451 fecit.
998 1428 1023 1450 id
1030 1436 1057 1451 ex
1065 1436 1115 1460 ep.r
1124 1437 1145 1452 1.

371 1462 399 1485 ad
418 1462 534 1485 Tironem
553 1461 662 1484 librom.
682 1462 798 1492 cognovi,
817 1459 930 1483 scribente
943 1461 1074 1485 Cicerone,
1089 1461 1146 1482 ulte-

372 1495 460 1517 riorem
476 1494 588 1516 Domitio
601 1493 717 1518 Galliam,
735 1491 850 1514 Considio
864 1498 955 1518 autem,
973 1499 1047 1522 quem
1061 1490 1146 1515 scimus

372 1524 500 1549 consulem
515 1531 564 1547 non
576 1523 656 1551 fuisse,
672 1523 807 1546 citeriorem
821 1521 937 1553 obtigisse.
971 1546 977 1548 .

467 1555 614 1585 Libro9.ep.
623 1563 650 1579 21
658 1574 663 1579 .

402 1590 471 1610 Erant
484 1589 577 1618 Regum
590 1593 654 1610 :ctare
667 1585 780 1609 senatores
793 1593 890 1612 ornnes,
909 1585 954 1608 five
969 1584 1085 1612 majorum
1094 1603 1099 1612 ,
1119 1585 1144 1609 st-

370 1627 400 1642 ve
413 1620 536 1642 minorum
542 1619 650 1649 gentium
660 1635 667 1644 ,
688 1619 790 1649 patricii:
809 1619 833 1641 δι
841 1635 848 1645 ,
859 1618 901 1649 qui
909 1616 1045 1649 allegabatur
1053 1618 1078 1641 in
1085 1617 1147 1640 sena-

371 1657 437 1677 tum,
456 1650 531 1673 statim
544 1650 652 1680 patricius
664 1655 718 1674 erat.

462 1681 566 1704 Ibidem:

403 1717 478 1736 Patres
490 1713 548 1736 dicti
555 1719 651 1736 centum
660 1712 695 1736 illi
703 1728 708 1738 ‚
728 1719 756 1735 ex
764 1710 848 1742 quibus
856 1711 958 1735 senatum
966 1710 1145 1735 Romuluscon-

373 1745 460 1769 stituit:
478 1746 520 1776 qui
534 1746 633 1776 ingenui
646 1744 717 1768 fuere.
736 1751 790 1766 nam
803 1744 921 1775 reliquos,
938 1745 980 1774 qui
993 1742 1097 1765 abinitio
1105 1746 1144 1766 Ur-

373 1777 409 1801 bis
428 1780 511 1800 Romae
530 1784 585 1800 cum
606 1776 713 1800 Romulo
726 1774 803 1801 fuere,
821 1782 924 1805 patrem,
942 1776 965 1797 δι
978 1781 1046 1797 avum
1059 1774 1146 1797 liberos

371 1810 432 1832 ciere
440 1816 489 1832 non
498 1807 596 1840 potuisse
604 1824 611 1834 ‚
621 1808 682 1831 Livii
691 1806 758 1830 verba
764 1805 828 1829 libro
838 1815 846 1830 r
853 1814 898 1829 mc.
905 1811 926 1829 8.
935 1805 1072 1836 fignificanr.
1080 1806 1146 1837 quod

373 1841 472 1863 Cincius
492 1847 589 1871 quoque
600 1838 686 1862 senfilse
698 1837 790 1861 videtur
804 1838 828 1860 in
842 1837 904 1860 libro
917 1837 946 1859 de
957 1837 1086 1864 Comitiis,
1101 1837 1146 1867 qui

373 1879 423 1895 non
437 1871 506 1895 exstat
516 1889 521 1898 ,
537 1871 574 1894 sed
586 1872 633 1900 ejus
645 1870 691 1894 hare
704 1869 764 1900 apud
773 1869 864 1892 Festum
873 1870 964 1892 mentio
971 1867 1015 1891 est.-
1035 1870 1147 1895 Patricius,

372 1905 456 1926 cincius
469 1905 504 1925 ait
514 1905 535 1925 in
550 1903 602 1925 libro
615 1904 640 1924 de
653 1903 764 1927 comitiis,
783 1909 815 1922 eos
827 1902 1027 1931 appellarrfhlitos,
1044 1901 1145 1930 quinum

371 1936 576 1965 ingenui-vocemur.
595 1937 623 1957 Et
638 1934 692 1965 quia
706 1940 745 1965 per
759 1939 831 1955 annos
838 1933 927 1955 multos
940 1931 1041 1962 patriciis
1054 1937 1144 1954 tantum

373 1967 481 1998 gentibus
490 1966 551 1989 curia
565 1966 648 1997 patuit,
672 1971 791 1996 propterea
803 1970 872 1993 parrer
885 1964 983 1994 appellat
994 1963 1031 1986 hic
1045 1963 1145 1990 Cicero,

371 2005 426 2021 enm
446 1999 475 2021 de
497 1998 598 2028 patriciis
618 1998 746 2027 loquatur:
770 1996 825 2018 licet
844 1996 987 2025 eiuslaetatffi
1007 2001 1076 2025 atque
1089 1994 1145 2017 adeo

373 2030 455 2052 multis
467 2036 517 2052 anre
531 2028 627 2055 seculis,
645 2029 742 2060 plebeiis
754 2028 826 2050 etiam
838 2027 934 2049 familiis
946 2025 1057 2049 senatoria
1067 2025 1143 2057 digni-

370 2066 403 2084 tas
421 2061 594 2091 impertiretur,
611 2061 635 2084 Sc
655 2060 710 2083 ideo
733 2066 805 2090 patres
824 2058 921 2088 plebeiis
938 2065 1035 2090 quoque
1047 2057 1144 2081 familiis

371 2092 419 2115 oni
432 2091 569 2115 dicerentur.
584 2091 681 2123 respexit
695 2092 768 2122 igitur
782 2090 808 2113 ad
823 2089 1018 2120 priscatempora,
1034 2096 1088 2112 cum
1097 2091 1145 2113 adi-

371 2129 409 2146 tus
422 2124 446 2146 in
457 2124 544 2146 curiam
558 2123 613 2146 solis
627 2124 728 2153 patriciis
741 2124 838 2145 daretur.
873 2122 998 2145 Suetonius
1010 2127 1107 2152 quoque
1117 2123 1142 2145 in

371 2154 445 2186 Julio.
452 2161 462 2177 c
469 2174 471 2176 .
479 2162 542 2177 20.n.
550 2163 557 2177 t
566 2156 684 2177 r.clodium
694 2171 700 2181 ,
709 2155 787 2185 inquit
795 2170 801 2179 ‚
808 2152 925 2185 &patribus
933 2152 1047 2184 adplebem
1055 2155 1144 2180 tranfire

371 2193 479 2214 cavantem
493 2202 500 2210 ‚
518 2187 591 2207 eadem
608 2187 656 2212 die,
674 2188 768 2217 horasue
786 2194 840 2208 nana
852 2185 961 2208 traduxit.
986 2188 1014 2207 ,Λ
1029 2183 1142 2215 patribus,

372 2217 448 2244 dixit,
467 2223 522 2248 pro,
540 2215 552 2238 a
566 2217 674 2247 patriciis.

471 2247 544 2271 Libro
555 2255 634 2278 roep.
645 2253 683 2271 ις.

403 2280 502 2303 Antonii
516 2278 904 2309 foediffininsdistess‘usexplanatur
912 2279 1011 2311 Philipp.
1023 2277 1141 2305 3.c.9.his

371 2310 461 2335 Verbis:
478 2313 531 2334 cam
544 2311 568 2332 de
575 2312 737 2340 γερΛεΙαῃῃίη
750 2313 842 2341 suisset,
860 2313 921 2333 allato
940 2318 1014 2333 nuntio
1028 2311 1052 2332 de
1064 2311 1143 2340 legione

370 2350 466 2373 quarta,
483 2348 552 2364 mente
565 2342 665 2368 concidit,
685 2340 797 2371 &sugere
804 2342 921 2370 festinans,
940 2345 963 2366 S.
973 2345 994 2366 C.
1005 2343 1140 2373 deficpplrca-

369 2376 425 2398 none
439 2381 478 2406 per
494 2373 627 2404 difteffionem
639 2374 707 2403 fecit,
725 2381 774 2395 cum
791 2374 815 2396 id
826 2373 916 2402 fimum
940 2376 989 2406 (sset
1006 2380 1070 2397 antea
1082 2381 1143 2396 nun-

1115 116 1396 151 *titanum-

1435 124 1507 158 ΙΙ.

1173 173 1247 202 (μαψ.
1267 165 1326 195 Qua
1339 162 1387 189 teri>
1397 166 1499 203 profiffia
1511 165 1592 197 postea?
1603 166 1666 204 ¹quod
1676 167 1718 191 iter
1725 167 1846 201 paludati?
1862 177 1907 203 que
1913 175 1950 198 vi.

1176 198 1361 224 tatinusulorum‚
1379 200 1448 234 liaris,
1467 198 1547 234 Urbtr‘,
1559 201 1605 229 sori
1614 204 1626 222 f
1642 207 1710 229 quam
1717 201 1866 232 mt'serafuga‚
1880 212 1950 235 quam

1168 230 1241 257 foeda,
1259 237 1326 260 quam
1340 232 1423 261 turpis?
1442 232 1469 252 Et
1481 230 1583 262 Philipp.
1594 239 1614 257 5.
1631 231 1949 263 Nequesacttjfi'cmftlennibus

1168 260 1238 288 firdlis
1246 276 1252 286 ‚
1272 269 1338 291 neque
1350 268 1409 283 votis
1421 269 1550 297 nuncupatis
1560 279 1565 289 ,
1585 271 1623 284 mm
1633 263 1740 294 profusius
1753 264 1793 292 est,
1805 264 1944 298 sedprofugit

1172 293 1381 346 paludarssidztgln't
1395 291 1493 324 Philipp.
1505 300 1540 319 13-

1207 356 1314 377 Senatum
1334 362 1416 377 vocate
1435 361 1540 386 poterant
1560 355 1679 383 Didiaron
1699 356 1830 385 Consules,
1846 365 1945 390 praetor,

1157 409 1158 412 Ἴ
1174 385 1264 408 tribuni
1277 385 1365 417 plebis,
1385 387 1501 414 interrex,
1518 387 1636 419 praefestus
1649 388 1726 412 Urbis.
1743 392 1813 412 Varro
1826 392 1884 421 apud
1892 392 1948 415 Gel-

1174 417 1243 440 lium.

1273 447 1346 471 Libro
1356 457 1364 472 1
1374 457 1393 471 r.
1403 455 1441 479 ep-
1452 457 1472 474 r.

1206 481 1343 510 Legationes
1359 479 1435 503 liberae
1450 481 1587 511 privatarum
1595 489 1672 506 rerum
1679 482 1741 506 causa
1753 481 1896 508 senatoribus
1908 486 1947 510 da-

1174 510 1268 546 bantur:
1287 518 1336 534 tum
1351 511 1416 543 quod
1433 514 1477 538 iis,
1495 520 1543 536 non
1551 514 1796 544 permittentesenatu,
1816 516 1887 541 abesse
1895 526 1945 542 non

1173 543 1275 566 licebat:
1294 550 1344 566 tum
1361 544 1432 566 etiam
1445 560 1451 570 ,
1469 550 1494 566 ut
1512 543 1582 567 ess‘ent
1599 545 1758 569 honoratiores
1780 548 1839 577 apud
1858 555 1947 573 exteras

1175 576 1294 601 nationes,
1313 575 1394 598 addito
1411 576 1535 606 legationis
1549 578 1656 601 nomine.
1668 584 1703 607 ep.
1715 583 1750 601 18.
1765 579 1792 601 ad
1807 583 1853 603 Art.
1865 579 1908 604 lib.
1919 590 1942 605 a.

1176 607 1199 629 ὅ(
1214 615 1251 638 ep.
1262 615 1271 630 1
1280 606 1349 629 r.lib.
1361 615 1396 634 ις.
1413 613 1440 630 au
1454 607 1556 631 eundern
1566 624 1572 634 ,
1590 608 1829 634 &morationibusin
1836 613 1944 640 Rullum,

1175 645 1218 669 pro
1231 639 1320 662 Flacco.

1273 669 1347 692 Libro
1357 676 1436 700 13.ep.
1447 677 1468 695 5-

1208 704 1289 725 Nemo
1304 700 1394 724 senator
1412 700 1457 724 ess‘e
1468 707 1574 732 poterat,
1590 701 1633 726 nisi
1645 708 1714 726 ccciv.
1726 703 1801 727 millia
1813 705 1943 736 possidcret.

1175 733 1299 757 Suetonius
1315 734 1340 756 in
1356 733 1470 764 Augusto.

1263 829 1312 850 Ex
1342 829 1489 851 COMM.
1517 830 1564 851 IN
1593 829 1646 853 ΕΡ.
1676 829 1760 852 CIC.
1788 831 1853 853 AD.

1374 862 1471 882 ATT.
1500 861 1578 883 LtB.
1605 862 1624 882 1.
1650 861 1703 882 ΕΡ.
1733 862 1752 882 1.

1275 910 1286 918 e

1205 923 1308 946 Senator-i
1327 919 1353 943 ab
1363 920 1425 945 Urbe
1437 921 1526 945 diutius
1540 919 1626 947 abesse,
1643 919 1686 944 nifi
1697 921 1747 950 jure
1757 921 1836 946 liberat
1846 923 1945 955 legatio.

1173 953 1210 976 nis
1222 955 1360 985 impetrato,
1377 960 1426 976 non
1438 952 1530 977 licebat.

1270 985 1342 1008 Libro
1353 994 1360 1008 r
1369 1001 1374 1007 .
1383 992 1467 1015 ep.17.

1208 1019 1341 1042 Scnatores,
1357 1017 1398 1046 qui
1412 1016 1503 1038 curules
1515 1015 1658 1046 magistratus
1671 1015 1782 1047 gessissent
1794 1024 1861 1041 curru
1875 1019 1899 1042 in
1907 1026 1947 1042 cu-

1175 1047 1233 1071 riam
1247 1048 1344 1071 honoris
1357 1048 1427 1077 gratia
1435 1046 1587 1069 vehebantur:
1604 1048 1886 1078 cateripedtbusitabant:
1904 1058 1946 1075 uti—

1175 1079 1203 1102 de
1214 1082 1352 1110 pedariorum
1365 1086 1463 1102 nomen.
1489 1078 1580 1101 Gellius
1592 1078 1654 1102 libro
1669 1080 1740 1102 tertio
1749 1096 1755 1106 ,
1773 1087 1820 1112 cap:
1832 1090 1840 1105 ι
1849 1087 1870 1105 a,

1269 1111 1374 1134 Ibidem:

1207 1145 1234 1166 In
1251 1145 1271 1166 S.
1284 1146 1314 1166 C.
1334 1140 1518 1165 adscribebantur
1527 1148 1610 1164 eorum
1624 1141 1736 1167 nomina,
1753 1142 1808 1173 qui,
1825 1142 1882 1167 dum
1895 1143 1947 1169 scri-

1175 1173 1298 1201 berentur‚
1315 1173 1425 1200 affuiss'et,
1442 1180 1520 1205 eaeque
1534 1172 1856 1203 dicebantursenatusconsultu
1870 1178 1948 1198 autha-

1176 1208 1261 1229 n‘rates.
1282 1206 1306 1229 in
1327 1213 1364 1236 ep.
1382 1203 1458 1229 famil.
1472 1212 1493 1232 7.
1512 1204 1584 1228 lib.3.
1603 1206 1627 1229 &
1648 1205 1674 1228 in
1693 1205 1815 1235 proaemio
1828 1205 1899 1232 lib.3.
1912 1208 1942 1232 de

1175 1240 1282 1261 Oratore.

1270 1267 1343 1292 Libro
1351 1277 1373 1292 2.
1381 1275 1419 1299 ep.
1427 1276 1466 1295 24-

1210 1303 1235 1324 ln
1249 1300 1354 1324 senatum
1368 1301 1401 1324 ire
1413 1307 1469 1324 cum
1483 1299 1531 1322 telo
1543 1299 1581 1323 lex
1594 1298 1689 1322 vetabat.
1711 1301 1791 1331 Itaque
1805 1302 1827 1323 P.
1843 1301 1947 1326 Cornifi-

1177 1331 1227 1356 cius
1239 1333 1264 1356 in
1283 1331 1361 1355 senatu
1370 1349 1375 1358 ,
1395 1331 1540 1354 utinvidiam
1549 1331 1636 1354 Miloni
1645 1331 1741 1357 faceret,
1757 1331 1845 1355 ferrum
1856 1333 1945 1357 dixerat

1177 1370 1232 1388 eum
1243 1363 1325 1387 habere
1339 1365 1397 1386 intra
1411 1364 1512 1386 tunicam
1526 1363 1553 1386 ad
1566 1362 1642 1386 femur
1655 1363 1784 1394 alligatum.
1802 1363 1925 1389 Pedianus.

1272 1395 1344 1419 Libro
1352 1404 1375 1423 4.
1384 1403 1420 1427 ep.
1429 1403 1451 1418 2.

1209 1427 1253 1454 Iis,
1269 1428 1310 1457 qui
1324 1426 1436 1450 senatores
1444 1433 1492 1449 non
1499 1433 1576 1453 erant,
1594 1424 1794 1457 ingredisenatum
1803 1434 1850 1450 non
1858 1427 1950 1453 licebat.

1177 1459 1202 1482 ὃ(
1213 1459 1354 1489 pontificum
1367 1459 1497 1489 collegium
1506 1465 1596 1488 apparet
1604 1465 1653 1480 non
1660 1457 1726 1481 r'uisse
1733 1464 1810 1481 torum
1817 1459 1907 1483 ordinis
1915 1459 1948 1483 se-

1177 1491 1276 1513 natorii:
1293 1497 1346 1513 cum
1353 1490 1499 1521 pontificiam
1512 1490 1652 1520 dignitatern
1660 1505 1666 1514 ,
1673 1491 1744 1512 etiam
1753 1489 1793 1519 qui
1801 1488 1890 1514 senam:
1896 1498 1946 1515 non

1179 1520 1248 1549 esset,
1266 1520 1378 1552 consequi
1386 1521 1473 1552 pollet:
1490 1522 1546 1543 utin
1554 1520 1858 1552 orationedeharu1p.resp.

1274 1552 1347 1575 Libro
1354 1561 1377 1580 4.
1385 1560 1421 1584 ep.
1433 1560 1440 1574 t
1448 1560 1469 1575 2.

1211 1586 1275 1607 Cum
1295 1583 1383 1607 senatus
1402 1582 1537 1609 vocabatur,
1556 1581 1683 1608 senatores,
1701 1583 1742 1613 qui
1755 1589 1818 1606 erant
1830 1585 1855 1607 'in
1870 1585 1946 1613 Urbe,

1179 1615 1250 1640 adesse
1264 1615 1399 1642 jubebantur
1412 1616 1436 1638 in
1448 1615 1537 1640 senatu,
1554 1615 1596 1644 qui
1610 1621 1658 1637 non
1667 1621 1744 1641 erant,
1762 1615 1835 1643 juberi
1849 1624 1896 1639 non
1905 1624 1948 1648 po.

1179 1654 1262 1670 rtrant:
1282 1647 1425 1670 senatoribus
1433 1653 1523 1671 aurem,
1543 1646 1585 1675 qui
1598 1646 1623 1668 in
1636 1645 1697 1668 Urbe
1709 1653 1785 1672 erant,
1802 1647 1826 1669 in
1845 1648 1948 1672 {enarum

1180 1687 1228 1702 non
1247 1679 1395 1702 venientibus
1413 1678 1511 1710 pignora
1529 1676 1694 1701 auferebantur.
1711 1678 1816 1701 oratione
1832 1680 1886 1703 1.in
1899 1684 1949 1705 An-

1178 1712 1282 1735 ionium.

1273 1742 1345 1766 Libro
1355 1749 1419 1773 5.ep.
1427 1750 1449 1765 2.

1208 1776 1302 1798 Senatus
1315 1774 1440 1797 authoritas
1451 1772 1490 1796 est.
1508 1774 1571 1795 Cutn
1579 1771 1667 1803 aliquid
1676 1771 1807 1796 senatorum
1815 1773 1890 1801 maior
1896 1781 1949 1805 pars

1175 1806 1319 1832 decreverat,
1333 1808 1388 1828 S.C.
1402 1803 1555 1829 scribebatur,
1572 1803 1614 1826 nist
1628 1804 1733 1827 tribunus
1740 1804 1814 1834 plebis
1821 1806 1947 1836 aliquisin-

1176 1836 1492 1861 tercederet.inrerccdente,
1511 1836 1570 1858 S.C.
1584 1841 1633 1857 non
1647 1841 1707 1861 erat,
1725 1834 1946 1860 sedscribebaturta-

1176 1877 1246 1895 men,
1264 1868 1329 1899 quod
1343 1867 1431 1891 senatus
1442 1874 1470 1890 eo
1484 1866 1522 1889 die
1534 1863 1654 1893 staruiss'et,
1670 1868 1946 1900 eaqueperfinptaautlzo-

1174 1903 1229 1924 ritas
1242 1900 1369 1923 dicebatur.

1270 1931 1341 1955 Libro
1352 1939 1386 1954 12.
1394 1937 1431 1960 ep.
1442 1938 1463 1957 5.

1208 1966 1263 1986 Mos
1275 1969 1336 1989 erat,
1352 1970 1376 1986 ut
1389 1961 1478 1984 senatus
1491 1959 1599 1983 Kalendis
1607 1959 1946 1992 haberetur.quodindicatlo-

1175 2002 1215 2017 cus
1229 1996 1269 2020 ille
1281 2003 1317 2026 ep.
1329 1998 1366 2017 26.
1393 1989 1482 2015 Circiier
1495 1993 1605 2021 Kalendas
1616 1992 1727 2022 affutura]
1740 1994 1834 2016 viderur.
1848 1996 1941 2023 vellem,

1177 2028 1271 2050 tardius.
1290 2028 1314 2049 ὅ(
1328 2025 1389 2049 illud
1402 2029 1486 2056 ep.46.
1505 2024 1567 2046 libro
1579 2031 1614 2048 13.
1632 2026 1698 2053 Rogat
1716 2031 1851 2054 magnopere,
1869 2033 1894 2048 ut
1906 2029 1946 2054 fin.

1178 2060 1286 2088 Kalendis
1298 2060 1320 2080 in
1328 2059 1416 2087 senatu.
1429 2059 1497 2079 Item.
1507 2063 1543 2085 ep.
1553 2055 1643 2077 6.libto
1655 2059 1693 2077 26.
1709 2057 1813 2078 Maxime
1820 2053 1945 2082 dolebaime

1178 2092 1286 2118 Kalendis
1303 2087 1425 2111 tsextxr'ibrer
1444 2089 1465 2109 in
1478 2088 1556 2115 senatu
1575 2094 1612 2108 nam
1620 2086 1693 2115 f'ssffi·
1709 2087 1776 2117 &ep.
1786 2096 1823 2112 22.
1834 2088 1896 2112 libro
1907 2098 1944 2119 14-

1176 2121 1280 2153 alibique
1290 2128 1338 2143 non
1352 2119 1411 2149 apud
1424 2118 1500 2149 ipsum
1511 2117 1585 2141 modo
1597 2134 1604 2144 ,
1623 2117 1659 2140 sed
1673 2118 1696 2139 ἃ.
1711 2118 1770 2149 apud
1784 2120 1850 2143 alios.

1266 2152 1338 2174 Libro
1348 2159 1383 2174 12.
1391 2158 1427 2181 ep.
1438 2157 1475 2175 39.

1206 2182 1257 2206 Post
1268 2191 1273 2205 r
1281 2188 1302 2205 6.
1309 2182 1404 2206 Kalend.
1412 2181 1529 2204 Februarii
1536 2197 1543 2207 ,
1557 2179 1670 2203 senatores
1678 2180 1784 2212 plerique
1791 2184 1867 2206 Roma
1874 2183 1945 2209 disce-

1176 2215 1272 2238 debant:
1291 2214 1356 2245 quod
1375 2213 1464 2237 senatus
1481 2213 1578 2243 reliquis
1598 2213 1698 2243 Januarii
1716 2213 1798 2236 diebus
1816 2222 1855 2245 per
1864 2215 1944 2246 legem

1175 2247 1268 2277 inpiam
1283 2246 1360 2269 haberi
1375 2253 1423 2269 non
1437 2251 1538 2274 poterat,
1556 2251 1579 2267 ac
1592 2251 1621 2266 ne
1635 2243 1757 2267 Februario
1770 2246 1867 2276 quidem
1881 2255 1941 2275 toto,

1173 2279 1214 2302 nist
1225 2278 1344 2310 perstffis,
1362 2284 1399 2300 aut
1411 2276 1500 2305 rejestis
1512 2275 1676 2306 legationibus.
1693 2276 1729 2298 Ad
1738 2278 1841 2308 Appium
1850 2279 1912 2302 libi-o
1920 2288 1942 2305 3.

1174 2311 1254 2335 Famil.
1274 2313 1297 2332 ln
1314 2311 1382 2341 ipsum
1396 2308 1501 2337 drfieffitm
1510 2310 1599 2338 senatus
1611 2308 1702 2336 rncrdffi
1718 2309 1775 2330 credo
1787 2318 1846 2332 meas
1858 2312 1941 2335 literas,

1266 2341 1339 2364 Libro
1349 2347 1429 2371 14.ep.
1438 2347 1461 2365 9.

1207 2375 1227 2397 S.
1236 2375 1264 2397 C.
1273 2372 1345 2397 suerat
1352 2389 1359 2400 ,
1367 2377 1400 2400 ut,
1409 2378 1459 2403 qua:
1465 2368 1631 2402 Caesaregiss'et,
1641 2376 1686 2394 rata
1693 2377 1827 2399 manerent,
1835 2371 1886 2403 ipso
1894 2380 1940 2397 ma.

1875 2405 1941 2431 xime
