2075 2734
404 132 457 167 4⁶⁶
701 117 1513 156 niceronta-ArumRomanarum«
1553 123 1696 151 Lis.vr.

403 176 460 204 lum
476 175 540 206 fiet,
561 181 677 211 quorum
694 172 730 199 est
743 171 830 207 majus
845 170 1007 207 imperium,
1028 172 1080 199 &c.
1098 169 1176 198 Idem
1191 169 1274 197 etiam
1289 170 1468 202 confirmant,
1486 168 1661 207 MsMefflxla.
1683 173 1734 200 &c.
1752 172 1900 202 Tuditanus
1915 176 1988 212 apud

403 213 531 250 Agellmm
545 211 562 239 l.
581 222 622 249 ¹3·
635 220 692 247 cap.
711 218 752 244 14.
770 217 887 246 quorum
902 209 981 237 verba
994 207 1053 236 sunt
1065 207 1120 236 haec
1133 219 1138 235 :
1167 209 1266 236 Praetor
1286 209 1391 246 (inquit
1404 207 1529 246 Mffll‘3)
1551 214 1597 236 etii
1611 208 1713 246 collega
1725 210 1845 239 Consulis
1860 214 1896 241 est
1910 234 1917 245 ,
1938 224 1985 242 nev-

405 260 457 288 que
468 257 611 288 pra-torem
627 257 712 285 neque
727 246 862 275 consulem
877 246 938 283 jure
952 255 1045 284 rogare
1059 247 1157 282 potest:
1179 253 1209 272 ut
1223 247 1333 283 quidem
1349 256 1397 274 nos
1411 247 1424 274 ἐι
1439 246 1614 284 iuperioribus
1628 247 1778 283 accepimus
1787 268 1794 280 ‚
1814 251 1841 277 &
1856 259 1917 279 ante
1929 251 1985 280 haec

405 295 531 325 tempora
543 287 676 315 servatum
692 286 728 313 est
738 306 745 318 ,
767 288 793 314 &
808 293 838 313 ut
850 285 883 311 in*
892 285 1090 312 commentario
1108 295 1148 321 13.
1169 285 1201 311 C.
1216 284 1343 312 Tuditani
1357 292 1430 321 patet
1445 296 1450 311 z
1471 285 1532 322 quia
1546 285 1693 322 imperium
1711 286 1798 313 minus
1806 295 1908 321 prator,
1928 299 1986 317 ma-

405 328 447 363 jus
461 326 539 354 habet
552 325 657 360 Confiel:
678 327 705 353 ὃς
720 323 733 350 ὲ
748 324 855 351 minore
870 323 986 360 imperio
999 323 1100 359 majus,
1121 330 1165 350 aut
1179 322 1290 358 majoris
1305 322 1405 360 collega
1424 324 1435 358 (
1444 323 1478 352 sic
1491 323 1565 350 enim
1578 323 1724 361 legendum
1739 324 1789 351 est:
1809 333 1872 352 cum
1886 327 1914 355 in
1928 327 1986 355 vul-

406 366 474 402 gatis
487 364 530 395 sit,
549 371 596 391 aut
610 362 629 390 ὰ
645 364 738 397 majore
751 361 859 399 collega)
879 362 967 399 rogari
981 361 1040 397 jure
1053 370 1108 388 non
1121 360 1215 398 potest.

446 404 487 429 De
500 400 631 436 censoribus
642 410 724 437 porro
735 421 742 433 ‚
764 399 837 436 quod
850 408 945 427 eorum
959 400 1043 427 etiam
1055 398 1156 426 comitia
1170 397 1297 426 Consules
1311 397 1448 427 habuerint
1462 420 1469 431 ,
1489 398 1658 436 perspicuum
1673 399 1708 426 est
1722 409 1754 428 ex
1769 398 1859 430 Liria,
1882 400 1928 429 libi
1940 411 1986 438 24.

407 441 453 476 qui
468 440 503 467 sic
515 439 618 467 scribit:
641 441 842 474 Deci-eramque
856 438 981 465 omnium
994 437 1115 473 primum
1128 456 1136 466 ‚
1155 443 1183 463 ut
1198 435 1324 464 Consules
1340 435 1495 466 sortirentur
1508 443 1762 473 {compararentve
1774 439 1843 465 inter
1860 439 1886 467 se
1898 460 1905 469 ‚
1927 447 1987 468 uter

407 477 558 505 censoribus
577 477 694 505 creandis
711 474 810 503 comitia
823 475 939 504 haberet.
960 478 986 504 δε
1002 475 1080 511 paulo
1095 474 1153 510 post
1166 485 1171 500 ·.
1193 473 1336 512 Qfabius
1353 474 1451 502 Consul
1469 473 1570 502 comitia
1589 475 1738 503 censoribus
1753 477 1870 504 creandis
1885 476 1987 506 habuit.

406 515 480 543 Item
494 515 585 543 Livius
599 516 614 543 1.
631 525 672 551 27.
693 515 742 541 Per
755 523 801 541 eos
813 513 868 541 dies
883 516 909 542 &
923 512 1056 549 censaribm
1068 512 1188 540 creandis
1206 510 1362 551 qulvius
1380 512 1442 540 Cos.
1461 513 1571 541 comitia
1584 512 1688 543 habuit,
1710 515 1761 541 &a
1789 515 1854 541 Non
1869 515 1986 544 dissentit

406 551 421 579 ὲ
436 552 509 580 Livio
522 553 607 580 Cicero
621 553 674 588 l.4.
685 552 718 580 ad
732 551 852 579 Atticum
863 572 869 583 ,
889 551 997 587 epistola
1012 560 1035 578 2.
1052 551 1078 577 in
1092 551 1166 586 cujus
1184 549 1291 587 epistola
1305 549 1360 578 haec
1376 550 1448 578 sunt:
1470 551 1541 588 Ego,
1561 552 1646 588 inquit
1662 561 1708 579 me
1723 550 1737 578 a
1757 553 1890 588 Pompejo
1904 553 1987 591 legari

407 592 444 618 ita
459 592 542 627 passus
555 590 612 619 sum
621 612 629 623 ,
650 598 680 618 ut
692 589 763 617 nulla
779 598 808 616 re
823 589 982 626 impedirer,
1005 589 1082 625 quin,
1102 588 1121 615 fi
1131 587 1228 615 vellem
1242 587 1310 615 mihi
1324 588 1388 616 esset
1406 589 1542 625 integrum
1553 609 1560 619 ‚
1580 597 1624 617 aut
1638 589 1656 616 fi
1668 587 1769 616 comitia
1782 591 1907 624 cenfhrum
1923 600 1988 627 pro-

408 629 476 657 ximi
485 628 611 657 Consules
622 628 750 657 haberent
757 648 764 659 ,
773 635 863 663 petere
874 627 985 664 possem.
1008 626 1179 662 Perspicuum
1186 635 1217 653 ex
1226 626 1266 654 his
1276 627 1326 658 est,
1335 627 1458 660 cenftrum
1467 627 1547 654 etiam
1556 625 1656 653 comitia
1666 626 1844 655 aConsulibus
1850 627 1947 657 habita.

448 668 491 695 De
503 666 611 694 tribunis
626 666 782 695 militaribus
796 663 927 700 Confidari
933 663 1067 700 potestate,
1088 667 1115 692 ὃς
1128 665 1289 692 decemviris
1300 664 1402 701 legibus
1415 664 1558 692 scribendis
1571 673 1642 691 nunc
1657 664 1817 697 dicendum,
1837 666 1883 702 qui
1897 669 1923 695 ὃ(
1937 666 1985 703 ipsi

408 705 509 733 comitia
516 704 708 743 magistratuum
719 703 896 732 creandorum
904 702 1060 732 habuerunt.
1079 703 1158 730 Aede
1166 701 1271 729 tribuni:
1284 701 1435 729 mimas-ibus
1447 703 1518 730 testis
1532 702 1569 729 est
1577 701 1666 729 Livius
1679 701 1770 730 multis
1780 703 1844 730 locis
1857 705 1987 742 praecipue

409 752 475 771 vero
486 743 530 771 lib.
539 753 568 778 4.
587 743 716 774 Tribuni,
733 742 834 778 inquit,
848 740 966 769 militum
976 741 1116 768 mentione
1123 739 1192 768 nulla
1198 739 1352 768 caminorum
1360 740 1537 775 Confidarium
1544 739 1632 767 habita
1645 740 1740 775 (credo
1747 740 1858 768 obitam
1866 742 1988 771 Dietato-

409 781 444 808 ris
457 782 551 815 creati)
562 781 730 809 tribunorum
744 779 863 807 militum
872 780 983 807 comitia
990 779 1138 807 edixerunt.

433 856 436 859 ι
449 820 535 848 iidem
550 821 631 847 etiam
642 817 788 851 Conficlaria
803 816 904 845 comitia
915 817 1061 845 habuerunt
1074 837 1082 849 ‚
1102 824 1132 844 ut
1146 825 1178 844 ex
1192 817 1289 854 eodem
1306 814 1377 844 Livii
1390 815 1473 848 libro,
1493 818 1520 845 ὅς
1531 825 1563 844 ex
1577 826 1604 853 5.
1618 814 1737 851 ejusdem
1752 837 1759 848 ‚
1780 817 1848 845 item
1861 826 1893 846 ex
1911 818 1989 847 Fastis

407 861 490 894 Srgon.
503 865 618 894 apparet.

447 895 613 923 Tribunorum
633 904 698 922 vero
711 892 824 921 militum
838 892 940 921 comitia
953 902 1008 921 non
1028 891 1060 919 ab
1080 892 1138 928 ipfis
1159 899 1264 920 tantum
1282 891 1390 919 tribunis
1403 914 1411 925 ,
1431 892 1475 920 sed
1494 892 1560 930 saepe
1577 892 1591 920 ὲ
1604 891 1766 928 Confidibus,
1796 902 1990 931 nonuunquam

409 933 492 960 etiarn
507 934 538 961 ab
554 933 733 969 Interregibus
747 931 835 959 habita
848 930 922 963 sunt,
941 939 971 959 ut
988 940 1020 959 ex
1035 929 1107 957 Liwo
1119 930 1211 968 liquet.

422 1007 440 1036 Γ
449 971 653 999 Decemvirorum
671 971 759 1007 prima
772 968 871 996 comitia
886 969 1000 1003 Confides
1012 968 1160 996 habuerunt
1175 980 1180 996 :
1203 968 1283 996 altera
1296 977 1362 997 vero
1376 968 1523 996 decemviri
1536 989 1543 1001 ,
1564 969 1670 997 testibus
1691 968 1764 997 Livio
1778 990 1786 1001 ‚
1807 968 1920 1008 Dionysio
1933 991 1941 1003 ‚
1962 972 1990 999 δε

406 1018 421 1037 a
433 1019 472 1038 iis.

451 1048 501 1075 Sed
515 1047 558 1075 hic
569 1048 707 1084 quaeritur,
728 1054 790 1074 cum
808 1044 862 1071 duo
875 1042 1003 1084 confides,
1024 1044 1111 1080 plures
1123 1047 1275 1082 Interreges‚
1295 1051 1346 1073 tres
1355 1066 1361 1076 ,
1381 1045 1517 1073 interdurn
1531 1045 1618 1081 plures
1631 1043 1728 1072 tribuni
1736 1045 1873 1076 militares,
1894 1047 1992 1075 decem

409 1085 543 1113 decemvir,
560 1086 641 1113 effent
656 1105 663 1116 ‚
683 1083 803 1121 quisnam
823 1091 919 1109 eorum
939 1089 1041 1108 comma
1059 1081 1253 1120 magistratuum
1268 1084 1445 1111 creandorum
1465 1083 1584 1112 habuerit
1598 1086 1608 1110 ?
1635 1083 1815 1119 Respondebo
1831 1085 1864 1111 de
1876 1084 1991 1122 finguliS.

411 1125 536 1152 Primum
550 1124 622 1160 quod
637 1123 669 1150 ad
684 1120 802 1156 confides
814 1121 925 1151 attinet,
945 1118 982 1147 illi
996 1120 1065 1147 inter
1079 1120 1131 1147 sese
1145 1121 1351 1157 comparabant,
1371 1121 1412 1148 vel
1426 1121 1619 1153 sortiebantur,
1639 1123 1680 1148 cui
1691 1121 1762 1149 sorte
1773 1122 1800 1149 id
1815 1131 1911 1150 munus
1925 1122 1993 1150 offe-

409 1163 530 1193 rebatur,
550 1163 570 1188 is
584 1160 684 1188 comitia
697 1158 847 1196 peragebat.
867 1159 956 1185 Docet
970 1157 1021 1185 hoc
1037 1158 1126 1185 Lrvt'us
1140 1157 1208 1185 libro
1225 1169 1269 1195 35.
1277 1158 1317 1186 his
1331 1159 1429 1186 verbis:
1453 1158 1610 1187 Consulibus
1622 1159 1752 1186 ambobus
1766 1159 1841 1187 Italia
1853 1161 1992 1196 provincia

410 1201 518 1228 decreta
532 1200 567 1227 est
582 1219 588 1229 ‚
609 1201 646 1226 ita
659 1206 688 1226 ut
702 1199 771 1225 inter
784 1197 810 1224 se
823 1202 1011 1232 compararent
1025 1215 1032 1226 ,
1054 1195 1245 1224 sortirenturve
1258 1216 1265 1227 ,
1285 1204 1345 1224 uter
1358 1195 1466 1223 comitis&
1480 1198 1537 1232 ejus
1550 1197 1611 1224 anni
1625 1196 1750 1233 praeeffet.
1772 1197 1843 1224 Item
1854 1208 1862 1223 :
1882 1198 1990 1225 Eodem

410 1237 468 1265 fere
483 1246 607 1273 tempore
620 1238 735 1264 duorum
753 1234 900 1262 Consulum
913 1234 995 1261 literae
1006 1232 1088 1261 allatae
1103 1233 1162 1261 sunt
1177 1254 1183 1264 ‚
1205 1235 1236 1260 L.
1250 1232 1361 1260 Cornelii
1380 1235 1414 1261 de
1425 1234 1517 1270 praelio
1537 1235 1570 1262 ad
1585 1234 1721 1262 Mutinam
1736 1243 1799 1261 cum
1814 1235 1887 1271 Bojis
1901 1235 1992 1268 facito,

412 1279 440 1304 ὃς
453 1274 610 1313 QMinutii
624 1274 637 1301 ὲ
654 1275 715 1302 Pifis
727 1295 734 1306 ‚
754 1272 855 1300 comitia
871 1271 920 1300 suae
932 1270 1009 1298 sortis
1023 1271 1082 1298 effe.
1122 1272 1258 1299 Caeterum
1271 1271 1339 1299 adeo
1352 1271 1471 1308 suspensa
1483 1273 1590 1303 omnia,
1613 1273 1665 1299 &a
1693 1271 1774 1308 Qod
1790 1270 1808 1298 fi
1824 1273 1860 1303 is,
1880 1273 1922 1299 cui
1935 1272 1992 1300 sors

412 1314 522 1345 tulerat,
543 1320 572 1340 ut
586 1311 687 1340 comitia
701 1311 823 1342 haberet,
843 1310 926 1338 adesse
941 1319 997 1337 non
1010 1316 1130 1349 poterat,
1149 1316 1210 1337 tum
1223 1309 1251 1337 id
1265 1309 1339 1337 alteri
1353 1310 1575 1338 demandabatur:
1596 1309 1615 1336 fi
1628 1317 1720 1337 tamen
1735 1308 1824 1337 vellet.
1853 1310 1940 1337 Testis
1955 1311 1993 1338 est

412 1353 510 1380 eodem
525 1351 586 1379 loco
601 1351 702 1379 Livius.
722 1351 764 1377 Sic
780 1348 852 1377 enim
868 1349 902 1376 de
915 1350 1076 1385 QMlmmo
1088 1347 1178 1375 scribit
1190 1357 1253 1374 eum
1266 1347 1299 1375 ad
1311 1348 1430 1376 senatum
1446 1348 1533 1376 literas
1547 1346 1644 1376 dediffe
1659 1367 1667 1378 ‚
1686 1346 1788 1374 comitia
1801 1346 1850 1374 suae
1865 1346 1940 1376 sortis
1954 1347 1993 1376 es-

411 1390 451 1421 se,
472 1397 597 1418 caeterum
612 1390 679 1417 adeo
690 1387 808 1424 suspensa
822 1387 914 1414 onmia
923 1406 930 1417 ,
947 1388 998 1414 ἃς.
1025 1386 1061 1412 Et
1074 1384 1153 1421 paulo
1166 1386 1223 1421 post
1238 1396 1242 1412 :
1265 1386 1291 1412 Si
1311 1387 1348 1413 ita
1359 1386 1494 1414 videretur
1507 1386 1626 1422 patribus
1640 1386 1780 1414 mitterent
1794 1385 1827 1412 ad
1841 1385 1991 1423 collegam,

412 1437 441 1457 ut
456 1429 476 1455 is
492 1428 524 1455 ad
537 1426 639 1454 comitia
654 1429 774 1453 Romam
788 1425 895 1452 rediret.
915 1424 941 1450 Si
954 1424 980 1451 id
995 1423 1081 1450 facere
1092 1431 1262 1460 gravaretur,
1284 1424 1356 1458 quod
1371 1433 1426 1451 non
1439 1424 1489 1451 suae
1501 1423 1578 1451 sortis
1590 1424 1616 1451 id
1624 1424 1765 1460 negotium
1777 1423 1854 1454 effet,
1875 1423 1900 1451 se
1910 1424 1993 1451 tastu-

414 1476 473 1493 rum
483 1487 489 1496 ,
512 1466 583 1502 quod
597 1466 698 1492 senatus
712 1462 856 1491 censuisset.
877 1463 948 1490 Item
964 1463 1023 1488 Liv.
1039 1460 1084 1488 lib.
1095 1471 1137 1498 39.
1157 1462 1220 1498 Jam
1232 1460 1407 1494 Conjislarium
1419 1461 1576 1488 comitiorum
1588 1460 1729 1497 appetebat
1742 1468 1848 1496 tempus
1863 1471 1869 1487 :
1891 1461 1994 1496 Qibus

415 1505 476 1540 quia
489 1508 527 1529 M.
537 1502 649 1529 AEmilm:
661 1502 739 1537 hujus
754 1501 830 1528 sortis
843 1509 873 1527 ea
884 1509 946 1527 cura
960 1506 1030 1529 erat,
1050 1507 1191 1525 occurrere
1204 1508 1258 1525 non
1273 1506 1392 1534 poterat,
1413 1501 1445 1525 C.
1460 1497 1602 1526 Flaminius
1615 1500 1736 1525 Romam
1748 1500 1836 1529 venit,
1845 1500 1895 1526 &c.
1916 1498 1994 1528 Plura

414 1541 580 1571 testimonia,
600 1539 744 1576 praesertim
758 1539 784 1565 in
799 1548 828 1565 re
842 1546 899 1566 tam
915 1536 1066 1566 manifesta,
1086 1536 1217 1563 adducere
1230 1536 1304 1564 nolo.

454 1581 495 1606 De
508 1577 670 1614 Imm-regibus
684 1575 832 1613 respondeo
844 1585 907 1603 cum
923 1573 1023 1609 Aftonio
1037 1573 1164 1605 Paediano,
1185 1574 1231 1610 qui
1244 1574 1272 1600 in
1286 1574 1417 1602 Oratione
1433 1583 1482 1610 pro
1493 1573 1587 1600 Milone
1603 1572 1693 1601 scribit
1706 1593 1715 1603 ,
1734 1582 1790 1600 non
1805 1572 1879 1600 fuiss'e
1893 1576 1993 1606 moris,

414 1625 443 1644 ut
457 1617 488 1644 ab
500 1625 548 1649 eo,
569 1617 613 1652 qui
625 1616 728 1652 primus
743 1619 856 1641 [merrex
870 1613 990 1649 proditus
1003 1613 1181 1643 erat,comm'a
1193 1612 1362 1640 haberentur.
1382 1612 1556 1639 Verissimum
1570 1611 1631 1638 fine
1638 1610 1691 1638 hoc
1705 1611 1749 1637 est.
1771 1610 1910 1647 Nuspuam
1919 1613 1993 1640 enim

415 1656 484 1690 apud
502 1653 605 1681 Livium
616 1653 713 1691 legitur
726 1652 740 1680 ἐι
753 1652 844 1689 primo
859 1653 996 1687 Interrege
1009 1649 1109 1676 comitia
1120 1648 1221 1676 habita:
1241 1649 1285 1677 sed
1299 1650 1436 1677 interdum
1448 1648 1461 1676 ὲ
1478 1648 1645 1678 secundo,ut
1659 1648 1728 1676 libro
1741 1657 1824 1675 nono.
1842 1651 1914 1677 item
1922 1650 1994 1677 deci-

415 1703 477 1720 mo:
498 1695 632 1729 Interreger
646 1692 719 1719 fuere
732 1695 778 1724 Ap.
793 1689 932 1720 Claudtus‚
952 1688 1016 1715 dein
1031 1691 1063 1714 P.
1078 1686 1213 1720 sulpitius,
1234 1688 1255 1714 is
1268 1686 1369 1714 comitia
1378 1687 1514 1719 confidaria
1528 1687 1627 1714 habuit.
1666 1686 1807 1714 Interdum
1819 1687 1833 1713 a
1848 1688 1940 1718 tertio,
1963 1694 1994 1716 ut

411 1731 459 1758 lib.
466 1741 491 1767 5.
506 1730 608 1758 duobus
622 1729 695 1757 locis.
734 1728 873 1756 Interdum
888 1726 901 1754 ὲ
913 1725 1032 1763 pluribus
1046 1746 1052 1757 ‚
1074 1732 1103 1752 ut
1118 1725 1150 1751 ad
1163 1725 1339 1753 undecimum
1359 1727 1440 1753 etiam
1453 1728 1604 1763 Interregem
1618 1724 1759 1761 aliquando
1772 1732 1933 1760 perventum
1946 1725 1992 1757 fit,

415 1770 476 1796 Liv.
491 1768 535 1796 lib.
548 1779 572 1804 7.
593 1772 631 1795 De
643 1766 751 1794 mbam
763 1764 929 1794 militaribus,
949 1765 1023 1792 idem
1035 1763 1108 1801 quod
1123 1762 1156 1790 de
1163 1762 1306 1797 Confieltbus
1318 1763 1450 1796 diximuS,
1470 1762 1593 1799 suspicor,
1606 1762 1668 1790 licet
1681 1761 1830 1798 expressum
1839 1764 1936 1791 veteris
1946 1763 1992 1791 ali-

415 1808 489 1842 cujus
501 1806 636 1843 scriptoris
647 1806 831 1833 testimonium
847 1813 902 1830 non
915 1802 1037 1830 habeam.

454 1847 496 1872 De
508 1844 653 1871 decemvms
671 1843 736 1870 nihil
749 1842 845 1870 attinet
860 1841 949 1868 dicere
960 1861 968 1872 ,
1001 1848 1065 1867 cum
1079 1847 1129 1866 una
1142 1845 1247 1867 tantum
1262 1838 1377 1867 aliorum
1396 1838 1612 1866 decemvirorum
1634 1837 1810 1870 creandorum
1826 1835 1926 1864 comitia
1944 1837 1995 1874 ipfi

413 1883 563 1911 habuerint.
603 1880 691 1910 Lirim
704 1880 773 1908 libro
790 1891 814 1918 3.
828 1880 936 1916 quidem
952 1877 1069 1906 affirmat
1082 1897 1091 1909 ,
1110 1875 1226 1913 reliquos
1239 1886 1340 1904 novem
1353 1876 1503 1904 decemviros
1521 1879 1572 1913 Ap.
1585 1876 1698 1904 Claudio
1711 1897 1718 1908 ,
1738 1876 1811 1913 quod
1825 1877 1848 1903 is
1863 1876 1993 1904 minimus

416 1930 479 1949 natu
495 1923 564 1949 inter
578 1930 623 1949 eos
635 1920 698 1948 ess'et
713 1940 719 1950 ‚
745 1927 843 1946 munus
857 1917 1043 1944 habendorum
1056 1917 1213 1942 comitiorum
1235 1917 1377 1943 communi
1391 1915 1515 1943 censensu
1532 1914 1681 1951 injunxisse.
1722 1914 1756 1942 Et
1767 1913 1822 1942 haec
1834 1914 1944 1951 quidem
1958 1914 1993 1941 de

417 1958 613 1997 magistratuum
624 1956 741 1985 comitia.
763 1958 906 1993 Pergamus
920 1955 953 1982 ad
968 1954 1076 1990 reliqua.

457 2001 554 2035 Legum
566 1996 667 2024 comma
683 1995 737 2023 dixi
750 1994 865 2022 habuiffe
875 1992 987 2027 confides
996 2013 1003 2024 ,
1023 1992 1175 2019 Dietatores
1184 2011 1190 2022 ,
1211 1992 1402 2024 Decemviros,
1423 1993 1557 2020 Praetores.
1576 1991 1618 2018 De
1632 1989 1789 2018 Consulibus
1801 1998 1842 2016 res
1854 1989 1994 2018 manifesta

420 2036 465 2062 est:
486 2046 581 2063 omnes
596 2036 669 2062 enim
684 2033 747 2071 leges
756 2032 915 2067 Conficlares‚
935 2040 993 2068 quae
1005 2030 1098 2066 paffim
1113 2029 1280 2065 reperiuntur
1292 2030 1361 2067 apud
1368 2029 1504 2061 authores,
1525 2028 1584 2057 satis
1593 2029 1750 2060 ostendunt,
1770 2027 1871 2063 legibus
1879 2028 1996 2056 ferendi-s

420 2073 548 2100 Consules
562 2071 660 2101 comitia
673 2070 814 2098 centuriata
823 2069 946 2097 habuiile.
968 2070 990 2095 1³}
996 2077 1064 2104 eque
1077 2068 1111 2095 de
1125 2066 1298 2095 D1c‘1‘1itor1bus
1311 2068 1362 2095 ulla
1376 2069 1412 2095 est
1425 2065 1564 2095 dubitatio.
1604 2066 1773 2094 Confirmant
1786 2066 1813 2093 id
1827 2065 1868 2094 lex
1882 2069 1995 2094 Hartm-

412 2110 468 2146 ἧι,
490 2112 595 2139 AEmilia
603 2114 630 2139 ὃ(
638 2109 775 2140 Cornelia,
796 2118 852 2145 quae
867 2116 963 2135 omnes
974 2109 1000 2135 ὃς
1008 2104 1183 2133 Diffl‘aaeoribus
1195 2105 1253 2134 latae
1262 2127 1268 2137 ,
1289 2105 1343 2133 aliis
1355 2114 1549 2142 tamen‚quam
1561 2105 1707 2132 centuriam
1720 2102 1829 2131 comitiis
1837 2123 1845 2133 ‚
1865 2103 1929 2131 ferri
1937 2112 1994 2132 non.

421 2156 573 2183 potuerunt.
595 2151 636 2176 De
650 2147 799 2175 decemviris
814 2145 998 2174 testimonium
1013 2144 1106 2172 dicunt
1119 2143 1264 2171 duodecim
1278 2143 1442 2171 Tabularum
1460 2143 1530 2181 leges
1543 2142 1575 2171 ab
1590 2144 1620 2171 iis
1635 2142 1786 2171 centuriatis
1805 2140 1912 2169 comitiis
1920 2141 1991 2174 latae,

423 2192 451 2212 ut
466 2186 501 2212 est
513 2187 581 2221 apud
594 2185 708 2216 Livium,
719 2184 855 2221 &Dionys
874 2185 1000 2211 Praetores
1013 2191 1119 2219 quoque
1135 2182 1247 2209 comitia
1259 2183 1404 2210 centuriata
1416 2182 1506 2219 legum
1520 2180 1637 2210 habuiffe
1648 2181 1756 2209 testatur
1769 2178 1860 2207 Livius
1871 2178 1992 2212 libro45.

421 2232 483 2250 cum
495 2221 596 2254 scribit,
616 2231 758 2259 praetorem
773 2221 981 2259 M.Juventium
992 2222 1079 2258 legem
1095 2219 1179 2248 tulisse
1194 2218 1304 2247 debello
1315 2220 1426 2248 Rhodiis
1438 2220 1590 2248 indicendo.
1611 2219 1762 2246 Confirmat
1771 2218 1796 2245 id
1805 2214 1992 2254 ipsum&hoc,

421 2261 493 2297 quod
509 2260 525 2286 ti
539 2261 566 2286 in
580 2262 652 2286 Urbe
670 2261 796 2288 Consules
810 2271 864 2290 non
878 2260 974 2290 essent,
994 2268 1139 2295 prxtomm
1153 2267 1183 2285 ac
1197 2257 1342 2293 praesertim
1355 2257 1448 2286 urbani
1470 2258 1609 2286 summum
1623 2257 1768 2294 imperium
1782 2262 1844 2283 erat.
1884 2254 1923 2279 Ex
1937 2261 1991 2289 quo

420 2299 536 2335 i'cquitur
547 2318 554 2329 ‚
574 2297 592 2323 si
608 2298 697 2332 legum
712 2298 813 2326 comitia
826 2297 945 2327 habenda
960 2298 1055 2328 efflent,
1070 2305 1202 2331 pratorum
1215 2296 1241 2323 id
1253 2295 1326 2324 fuifl‘e
1339 2306 1445 2324 munus,

460 2338 500 2363 De
513 2334 617 2369 judmis
643 2336 724 2362 eiiam
744 2336 896 2364 dicendum.
935 2335 1048 2363 Illorum
1073 2336 1158 2372 igitur
1183 2334 1282 2360 comitia
1306 2333 1456 2362 habuerunt
1481 2333 1595 2369 Conficles
1610 2354 1619 2365 ,
1659 2332 1732 2369 quod
1750 2335 1822 2366 patet
1841 2337 1873 2355 ex
1891 2327 1992 2363 judicio

421 2374 557 2405 Coriolani
577 2372 646 2410 apud
665 2372 769 2400 Limum
788 2372 857 2401 libro
879 2384 903 2403 2.
945 2375 982 2402 Ea
1001 2374 1074 2403 enim
1094 2371 1222 2400 Consules
1239 2370 1354 2402 habuiss'e
1372 2371 1494 2404 comitia,
1523 2371 1559 2399 ibi
1579 2371 1675 2400 diserte
1694 2369 1798 2397 dicitur.
1834 2364 1995 2432 Habue‘rlunt

1897 2413 1926 2431 ea
1947 2414 1993 2432 em
