2075 2734
468 108 1306 145 D2L20A11s‚&c.CAr.7.
1637 123 1687 157 723

103 174 166 197 runt
179 162 334 200 tripudium,
355 162 450 200 dequo
460 162 521 192 satis
535 161 745 202 multabdiximus
759 160 886 197 superiori
901 159 970 188 libro
985 161 1018 188 de
1023 161 1180 196 sacerdotiis.
1199 161 1353 198 Auspicium
1373 170 1463 191 autem
1479 175 1513 191 ex
1527 165 1685 195 acuminibus

104 205 181 244 quale
194 204 273 231 fuerit
286 204 499 238 incompertum.
518 201 582 236 Ejus
594 204 678 227 Cicero
691 199 885 227 tantummodo
900 200 1028 227 meminit
1044 207 1069 226 x.
1083 200 1117 227 de
1130 201 1319 233 Divinatione,
1340 212 1401 229 cum
1415 204 1494 231 dixit:
1514 206 1687 233 Exacummi-

102 244 148 272 bus
161 243 232 280 quod
246 248 336 270 totum
349 239 486 275 auspicium
501 239 616 267 militare
629 238 680 268 est,
700 241 740 263 M.
753 236 890 264 Marcellus
903 244 994 265 totum
1008 237 1108 278 omisit.
1143 240 1177 266 Et
1192 239 1219 266 in
1237 249 1259 267 2.
1274 241 1307 268 de
1322 243 1428 267 Natura
1442 245 1568 269 Deorum:
1591 244 1618 270 N
1622 245 1686 281 egli-

102 282 194 320 gentia
210 280 368 311 nobilitatis,
389 280 561 316 auguriorum
579 275 716 312 disciplina
730 275 824 303 omissa
836 296 844 309 ,
866 276 962 303 veritas
974 275 1135 310 ausplclorum
1150 276 1233 313 spreta
1255 279 1291 305 est
1306 299 1312 309 ‚
1332 279 1431 316 species
1450 287 1556 309 tantum
1574 289 1687 311 retenta.

103 322 198 357 Itaque
212 320 337 346 maximae
351 317 499 353 reipublicae
509 322 597 352 partes
606 336 615 347 ,
636 316 663 342 in
675 314 716 342 his
729 313 818 346 bellis,
837 314 932 354 quibus
947 313 1096 350 reipublicae
1108 313 1174 342 salus
1187 318 1341 345 continetur
1354 338 1362 349 ,
1382 317 1458 345 nullis
1474 318 1586 353 auspiciu
1599 321 1686 348 admi-

103 359 261 389 nistrantur,
281 356 351 384 nulla
359 354 479 391 perennia
491 353 642 383 servantur,
662 353 732 381 nulla
744 363 776 379 ex
790 352 956 380 acuminibus.
975 355 1040 380 Haec
1054 355 1145 379 Cicero.
1164 354 1206 380 De
1219 355 1388 391 Imperatore
1400 366 1472 383 nunc
1485 358 1584 385 dicam,

141 395 297 431 Imperatorio
312 403 414 422 nomen
427 392 570 429 appellatio
583 391 635 419 fuit
649 391 787 422 militaris,
808 399 860 428 qua
873 391 927 417 dux
942 389 1053 426 praesens
1067 400 1096 417 re
1113 391 1182 418 bene
1197 393 1268 428 gesta
1283 394 1404 430 primum
1421 395 1538 424 militum
1554 395 1685 424 acclama-

101 434 178 463 tione
192 435 219 461 in
232 434 333 462 castris,
353 432 450 460 deinde
464 430 595 458 sententia
607 430 710 457 senatus
723 430 750 457 in
763 429 838 456 Urbe
850 436 960 456 ornatus
972 428 1017 455 est.
1039 429 1148 456 Etenim
1163 433 1318 464 Imperatoris
1333 433 1464 461 vocabulo
1478 434 1580 461 duobus
1597 436 1686 462 modis

103 473 139 500 usi
154 473 228 504 sunt,
248 479 354 505 unopro
370 478 531 507 quocunque
545 469 674 496 exercitus
686 468 761 500 duce,
784 469 830 504 qui
843 466 894 495 suis
908 466 1029 503 auspiciis
1043 475 1103 494 rem
1117 476 1239 505 gereret,
1260 472 1286 498 ὃς
1297 471 1342 506 qui
1355 471 1500 507 imperium
1511 493 1518 504 ‚
1540 473 1566 500 id
1576 473 1627 505 est,
1643 474 1687 508 jus

100 511 164 539 belli
176 511 287 548 gerendi
300 509 420 536 haberet:
441 508 538 538 altero,
563 508 608 544 qui
620 506 736 534 hostibus
750 514 851 543 magno
864 505 954 542 praelio
969 504 1030 532 fufis
1043 525 1052 536 ‚
1071 514 1102 532 ac
1117 507 1267 544 profligatis
1278 529 1284 538 ‚
1307 518 1340 535 eo
1355 511 1467 538 nomine
1481 531 1488 541 ,
1510 511 1629 539 militum
1642 520 1686 538 ac.

24 538 28 545 .
57 563 59 566 .
101 549 262 578 clamatione
272 547 380 575 affedtus
395 546 466 574 esset.
487 546 585 573 Scribit
599 553 691 572 autem
706 548 838 579 Appianas
849 543 928 571 lib.2.
947 543 1082 571 Bellorum
1097 544 1236 572 civilium:
1257 545 1437 575 Observatum
1455 548 1506 575 esse
1522 550 1683 586 antiquitus.

99 596 132 617 ut
146 597 200 615 non
211 586 260 614 nisi
274 586 378 623 magnis
393 585 471 613 rebus
485 585 563 621 gestis
580 584 779 612 acclamaretur.
807 584 844 610 At
856 581 900 610 sua
913 588 989 610 aetate
1009 582 1020 616 (
1029 581 1079 609 fuit
1086 590 1177 609 autem
1192 583 1327 610 Hadriani
1342 586 1463 622 aequalis)
1486 587 1580 614 decem
1599 587 1683 615 milli-

99 626 148 654 bus
165 625 258 661 occisis
269 624 449 652 acclamatum
462 624 521 651 effe.
563 622 647 650 Addit
661 622 710 649 Dio
721 620 792 649 libro
805 624 850 648 60.
863 619 967 648 nonnisi
980 619 1062 647 semel
1077 621 1111 648 de
1126 630 1181 648 uno
1195 621 1266 649 bello
1279 621 1396 658 aliquem
1408 624 1532 661 appellari
1552 629 1684 660 Imperato-

98 673 153 692 rem
165 663 273 692 licuisse.
293 664 365 691 Hinc
378 661 477 689 Cicero:
498 663 632 698 Magnum
647 669 792 687 numerum
804 658 922 687 hostium
938 659 1086 686 cecidimus
1099 680 1107 691 ‚
1127 659 1230 687 castella
1245 661 1421 689 munitissima
1434 665 1570 698 cepimus,
1592 665 1682 693 incen-

99 703 204 735 dimus,
224 704 386 735 Imperatores
400 700 524 738 appellati
538 700 644 730 sumus,
657 700 709 727 &c.
736 699 833 735 Neque
848 707 914 724 vero
928 696 1030 728 solum,
1050 697 1068 724 fi
1083 697 1142 734 ipsi,
1166 698 1209 726 sed
1224 698 1241 724 li
1256 698 1351 735 legati,
1373 702 1399 728 8(
1413 701 1566 736 quaestores,
1586 701 1683 739 quibus

97 741 244 777 imperium
260 738 468 773 commisissent,
490 748 550 766 rem
563 737 631 766 bene
642 736 669 764 se
683 736 790 764 absente
804 735 951 772 gessissent,
972 736 1056 763 iidem
1069 735 1122 763 hoc
1136 737 1217 764 etiarn
1232 736 1343 764 honoris
1358 737 1585 773 adipiscebantur,
1606 748 1634 767 ut
1649 749 1681 769 ex

95 779 236 817 legatorum
244 799 250 810 ‚
257 776 451 816 questorumque
463 777 578 805 secundo
591 775 682 812 praelio
691 778 854 809 Imperatores
864 773 1067 810 appellarentur.
1087 774 1173 802 Testis
1187 776 1222 802 est
1231 779 1314 802 Cicero
1328 776 1355 803 in
1365 776 1488 804 Pisonem
1498 799 1506 809 ‚
1520 778 1553 804 de
1563 780 1682 815 QMar-

97 819 138 846 tio
151 818 241 854 legato
258 815 373 847 Pisonis,
387 819 461 845 &M-
470 815 604 844 Terentius
620 817 697 840 Varro
709 814 737 841 in
748 815 789 840 Re
802 813 908 840 Rustica
920 813 954 840 de
968 811 1108 840 Trebellio
1124 814 1252 850 quaestore
1266 815 1364 841 Licinii
1376 816 1489 846 Nervae,
1510 824 1626 851 quorum
1638 816 1676 844 se-

74 853 81 856 ’
96 856 187 885 cundo
199 855 290 893 praelio
301 854 349 892 ipfi
360 855 440 883 duces
452 854 506 882 five
516 861 642 890 praetores
655 851 713 879 Piso
725 854 752 881 ὃς
761 852 855 879 Nerva
868 853 1031 886 Imperatores
1043 850 1103 880 sunt
1117 851 1250 888 appellati.
1276 854 1398 883 Tantum
1412 853 1448 882 de
1461 856 1620 889 Imperatore.

761 928 785 955 C
810 937 828 955 Α
854 939 878 956 Ρ.
925 928 1000 956 VII.

325 1001 380 1034 De
398 1000 529 1047 legatis,
555 997 686 1033 tribunis
701 999 860 1040 militum,
885 998 1125 1042 centurionibus,
1153 999 1433 1036 &decurionibun

80 1079 85 1083 ⁸
94 1090 177 1153 AB
195 1093 359 1125 Imperatore,
381 1086 434 1113 five
448 1086 580 1115 exercitus
591 1086 659 1114 duce
672 1086 704 1113 ad
713 1085 769 1122 ejus
782 1083 883 1112 comites
895 1086 1084 1117 deveniemus,
1106 1086 1194 1123 quales
1207 1086 1317 1116 fuerunt
1331 1085 1422 1126 legati,
1442 1085 1540 1116 tribuni
1552 1088 1677 1124 militum,

174 1127 340 1159 centuriones,
360 1125 402 1158 ξδ’
414 1125 570 1153 decuriones:
590 1126 632 1152 De
645 1125 737 1162 legatis
751 1124 868 1152 diximus
887 1123 958 1152 libro
971 1124 1049 1161 hujus
1063 1125 1214 1160 posterioris
1225 1127 1418 1154 commentarii
1432 1126 1562 1160 secundo,
1583 1127 1629 1156 ubi
1644 1130 1678 1156 de

76 1166 281 1206 ,magistratibus
293 1165 470 1194 differuimus.
509 1162 577 1191 111ud
590 1171 697 1191 tantum
710 1162 763 1190 hoc
779 1162 841 1190 loco
853 1164 999 1195 addemus,
1019 1163 1131 1200 legatum
1146 1166 1214 1200 apud
1231 1164 1331 1200 priscos
1347 1167 1490 1192 Romanos
1503 1175 1566 1194 eum
1583 1166 1659 1194 fuisse
1667 1187 1678 1200 ,

94 1208 140 1246 qui
155 1206 294 1235 Ammiani
309 1203 459 1232 Marcellini
473 1200 642 1238 temporibus
658 1212 735 1229 comes
750 1200 901 1233 dicebatur,
923 1204 949 1231 &
962 1203 1051 1230 nostra
1066 1210 1143 1230 aetate
1155 1202 1248 1231 locum
1261 1210 1355 1231 tenens
1368 1203 1409 1230 ein
1421 1203 1554 1232 leutenanr
1565 1226 1574 1237 ‚
1594 1214 1679 1242 penes

94 1255 177 1284 quem
190 1243 297 1272 absente
308 1245 473 1276 Imperatore,
495 1241 536 1268 vel
547 1240 620 1271 duce,
641 1239 749 1268 summa
762 1240 876 1276 potestas
890 1248 956 1268 erat.
981 1239 1090 1268 Tribuni
1103 1240 1219 1270 militum
1231 1242 1312 1273 dicti,
1332 1241 1444 1270 authore
1460 1245 1582 1276 Varrone,
1601 1244 1678 1281 quod

95 1283 128 1313 ab
140 1284 218 1310 initio
231 1282 300 1310 terni
313 1281 409 1311 essent,
431 1286 503 1310 tum,
525 1288 587 1307 cum
602 1279 672 1316 legio
686 1288 719 1306 ex
734 1277 820 1306 tribus
834 1277 951 1306 millibus
965 1277 1174 1312 conficiebatur,
1195 1290 1228 1309 ex
1240 1281 1323 1308 ternis
1334 1289 1392 1317 quae
1405 1289 1463 1308 tum
1479 1289 1569 1313 erant,
1589 1280 1675 1310 tribu-

93 1321 157 1353 bus,
179 1317 371 1356 Ramnenfium,
393 1321 533 1349 Lucerum,
554 1320 580 1346 δί
593 1321 618 1344 T
616 1314 758 1352 citiensium.
784 1317 821 1344 Hi
834 1316 969 1353 peditibus
983 1324 1089 1345 tantum
1103 1317 1217 1355 legionis,
1239 1328 1295 1346 non
1307 1319 1389 1345 etiam
1403 1318 1528 1357 equitibus
1540 1327 1678 1356 praeerant.

94 1362 189 1397 Itaque
202 1367 232 1387 ut
245 1367 373 1386 numerus
391 1356 513 1392 peditum
534 1356 563 1383 in
579 1355 685 1393 legione
699 1356 790 1382 auctus
805 1355 841 1382 est
855 1375 862 1387 ,
882 1355 917 1383 fic
931 1355 1013 1383 etiam
1031 1354 1192 1384 tribunorum
1212 1356 1371 1384 militarium
1386 1378 1393 1388 ‚
1423 1359 1459 1385 ita
1472 1365 1501 1385 ut
1516 1357 1530 1385 a
1545 1357 1630 1387 tribus
1643 1358 1677 1386 ad

93 1407 210 1437 quatuor
222 1406 300 1434 atque
313 1395 346 1423 ab
359 1396 399 1423 his
412 1397 443 1423 ad
457 1393 500 1422 sex
515 1395 694 1430 pervenerint.
716 1394 875 1431 Qinetiam
887 1401 917 1422 ut
930 1403 1057 1422 numerus
1066 1404 1175 1425 eorum.
1197 1396 1233 1424 fic
1246 1396 1328 1423 etiarn
1340 1395 1421 1422 leffio
1431 1397 1595 1431 procedente
1604 1404 1676 1424 tem-

94 1446 163 1474 pore
176 1438 320 1464 immutata
332 1435 376 1462 est.
416 1434 511 1460 Primis
524 1434 599 1460 enim
614 1431 783 1468 temporibus
797 1441 893 1459 omnes
904 1430 936 1459 ab
949 1431 1161 1470 Imperatoribus
1175 1432 1346 1471 legebantur,
1367 1434 1395 1461 in
1407 1434 1518 1470 singulas
1532 1443 1671 1472 quaternas

94 1476 212 1513 legiones
226 1474 309 1503 terni,
330 1480 359 1499 ut
371 1472 453 1499 essent
465 1471 621 1498 duodecim.
643 1470 702 1497 Post
715 1479 805 1497 autem
814 1491 821 1501 ‚
841 1479 913 1497 anno
926 1469 1006 1498 Urbis
1019 1472 1208 1500 trecentesimo
1221 1471 1396 1508 nonagesimo
1408 1473 1501 1507 primo
1511 1474 1673 1506 institutum,

95 1522 125 1543 ut
140 1523 199 1550 pars
213 1521 307 1539 eorum
322 1511 414 1547 populi
428 1508 570 1546 suffragiis,
591 1518 650 1545 pars
666 1510 866 1543 Imperatorum
881 1508 992 1535 arbitrio
1005 1516 1173 1538 crearentur,
1201 1510 1275 1547 quod
1291 1512 1317 1538 δε
1332 1509 1345 1536 ὲ
1358 1510 1468 1545 posteris
1485 1510 1655 1538 observatum
1666 1532 1674 1543 ,

95 1560 289 1587 nonnunquam
302 1547 442 1576 necessaria
457 1548 491 1575 de
505 1546 580 1575 causa
594 1555 729 1575 mutatum
745 1547 790 1573 est.
823 1547 950 1583 Cumque
963 1547 1052 1582 postea
1068 1547 1184 1574 Rutilius
1197 1548 1280 1583 Rufus
1294 1547 1385 1584 legem
1400 1548 1497 1575 tulisset
1509 1549 1543 1576 de
1554 1549 1614 1584 jure
1628 1549 1678 1576 tri—

97 1590 232 1619 bunorum,
255 1587 300 1623 qui
311 1587 325 1615 a
341 1585 499 1614 Consulibus
510 1586 593 1614 effent
608 1585 685 1614 faeti.
706 1585 817 1616 accidit,
838 1592 868 1612 ut
881 1583 976 1611 tribuni
989 1585 1249 1623 abVImperatoribus
1262 1587 1290 1614 in
1305 1586 1425 1614 exercitu
1438 1585 1514 1620 lecti,
1537 1587 1641 1622 Rutuli:
1663 1587 1677 1616 a

96 1628 197 1665 populo
211 1628 238 1654 in
253 1626 371 1653 comitiis
383 1625 477 1657 creati,
496 1622 621 1650 comitiari
634 1623 698 1650 dieti
713 1623 776 1650 fint:
797 1624 838 1651 Ita
851 1624 925 1650 enim
941 1624 1063 1657 Astomus
1078 1624 1226 1652 Fadianm:
1246 1625 1432 1652 Tribunorum
1448 1623 1606 1652 militarium
1623 1626 1678 1653 duo

95 1666 155 1694 sunt
169 1674 282 1703 genera,
303 1664 423 1699 primum
438 1671 531 1690 eorum
545 1681 553 1694 ‚
574 1662 619 1697 qui
633 1661 722 1697 Rujuli
734 1661 859 1688 dicuntur
872 1682 880 1692 ,
901 1661 929 1688 hi
944 1662 972 1688 in
987 1663 1105 1690 exercitu
1119 1664 1201 1690 creari
1214 1662 1313 1694 solent.
1333 1662 1377 1690 alii
1391 1662 1450 1690 sunt
1462 1662 1606 1695 comitiari,
1629 1664 1675 1700 qui

95 1705 195 1732 Romae
207 1702 326 1731 comitiis
338 1701 514 1738 designantur.
541 1700 618 1727 Idem
634 1703 724 1726 ιιῑννΛ
739 1700 765 1727 ὃῑ
779 1697 865 1735 Festus
878 1699 996 1726 tradunt.
1026 1700 1161 1736 roirca
1173 1703 1256 1730 etiam
1275 1701 1424 1728 novissimis
1438 1701 1589 1736 reipublicae
1603 1710 1674 1729 tem-

94 1742 203 1779 poribus
214 1742 280 1769 alios
290 1739 400 1766 tribunos
414 1741 426 1766 a
439 1738 552 1775 populo,
573 1739 636 1765 alios
648 1737 680 1764 ab
691 1737 901 1772 Imperatoribus
913 1745 1017 1765 creatos
1029 1739 1160 1767 videmus.
1180 1742 1316 1768 Caeterum
1331 1739 1364 1766 de
1378 1737 1485 1765 tribunis
1497 1739 1611 1766 militum
1627 1749 1670 1776 24.

94 1782 127 1810 ad
140 1782 240 1817 primas
254 1787 367 1816 quatuor
379 1777 497 1814 legiones
508 1777 634 1804 creandas
645 1775 700 1803 haec
713 1775 804 1812 prodit
817 1775 863 1803 lib.
878 1779 904 1803 6.
925 1774 1051 1810 Polybius.
1090 1778 1265 1815 Posteaquam
1277 1777 1445 1805 declaravere
1457 1777 1543 1809 duces,
1563 1776 1675 1806 tribunos

95 1820 212 1847 militum
226 1817 389 1845 constituunt
404 1836 410 1845 ,
431 1814 633 1852 quatuordecim
649 1813 760 1851 quidem
782 1823 814 1841 ex
830 1814 860 1841 iis
875 1835 880 1845 ,
901 1813 997 1851 quibus
1010 1816 1130 1852 quinque
1143 1826 1229 1844 annua
1251 1815 1380 1852 stipendia
1400 1815 1469 1843 faeta
1484 1815 1535 1843 sint
1549 1826 1554 1842 z
1574 1816 1672 1844 decem

95 1865 185 1886 autem
200 1855 264 1883 alios
276 1862 372 1891 praeter
385 1853 456 1883 hos‘,
477 1863 509 1881 ex
524 1853 553 1879 iis
565 1853 611 1890 qui
623 1853 720 1880 decem
735 1852 862 1889 stipendia
881 1852 1012 1880 fecerint:
1034 1854 1143 1891 Equites
1156 1856 1267 1892 quidem
1285 1855 1330 1891 qui
1349 1854 1446 1881 decem
1456 1874 1465 1886 ‚
1486 1854 1590 1889 pedites
1606 1864 1672 1882 vero

51 1892 54 1893 ⁷
95 1896 141 1933 qui
151 1895 203 1922 sex.
230 1895 301 1921 Cum
316 1902 382 1919 vero
393 1892 510 1920 delectus
521 1890 636 1920 habituri
648 1890 708 1920 sunt
719 1911 727 1923 ‚
746 1892 870 1919 dividunt
883 1890 956 1927 seipsi
969 1891 1090 1927 juniores
1103 1892 1201 1920 tribum
1215 1914 1222 1924 ‚
1247 1893 1312 1921 sicut
1326 1892 1437 1928 populus
1453 1913 1460 1923 ,
1482 1894 1673 1927 Imperatorefive

95 1933 255 1962 instituerint
269 1951 276 1962 ,
297 1933 324 1959 in
337 1938 450 1967 quatuor
463 1938 549 1966 partes
563 1939 569 1955 z
591 1929 719 1966 quoniam
735 1930 762 1956 in
778 1937 892 1966 quatuor
911 1928 959 1965 ipsi
979 1929 1100 1966 legiones
1113 1931 1264 1959 universam
1278 1951 1286 1964 ,
1307 1931 1480 1967 primamque
1494 1932 1670 1966 partitionem

94 1974 232 2010 copiarum
243 1969 410 1998 distribuunt.
450 1970 539 2005 Atque
553 1968 584 2000 ii,
605 1968 650 2004 qui
663 1968 744 2004 primi
759 1976 872 2003 quatuor
885 1966 964 1995 eleffi
976 1966 1053 2000 sunt,
1067 1967 1156 2002 prima
1168 1968 1257 2006 legioni
1271 1968 1448 2005 assignantur,
1471 1976 1523 1996 tres
1538 1971 1583 2006 qui
1597 1969 1672 1997 dein-

95 2021 171 2048 ceps,
185 2010 296 2044 secunda
309 2006 397 2044 legioni
411 2006 574 2034 tribuuntur:
595 2014 709 2043 quatuor
721 2005 920 2042 subsequentes,
939 2004 1035 2032 tertia:
1053 2013 1108 2034 tres
1120 2007 1210 2036 ultimi
1222 2008 1249 2034 in
1263 2016 1385 2046 quartam
1399 2006 1603 2035 transferuntur.
1630 2009 1671 2036 Ex

93 2047 307 2087 proveetionbus
323 2055 385 2073 vero
395 2045 461 2073 duos
472 2045 531 2072 sane
542 2044 660 2080 primm,
681 2045 774 2080 primae
787 2044 907 2071 tribuunt
919 2042 1034 2080 legioni:
1053 2053 1108 2072 tres
1119 2044 1262 2082 secundos,
1283 2043 1415 2072 secundae:
1435 2046 1503 2073 duos
1513 2045 1671 2083 subsequen-

94 2096 148 2119 tes,
169 2087 269 2114 tertiae:
290 2092 342 2112 tres
355 2084 464 2112 ultimos
476 2091 583 2121 quartae.
602 2083 738 2110 Hactenus
754 2081 876 2120 Polybius.
901 2083 945 2109 De
957 2081 1049 2109 officio
1062 2083 1233 2111 tribunorum
1250 2082 1371 2110 militum
1385 2083 1422 2111 ita
1434 2083 1479 2111 lib.
1495 2094 1518 2111 2.
1537 2087 1671 2122 Vegetms:

95 2127 186 2154 Prima
200 2124 314 2161 legionis
329 2123 409 2149 cohors
422 2129 478 2150 erat
488 2120 618 2152 miliaria,
638 2122 665 2148 in
678 2130 730 2158 qua
744 2120 838 2151 censu,
859 2129 972 2158 genere,
991 2121 1089 2152 literis,
1111 2122 1217 2154 forma,
1237 2122 1336 2149 virtute
1349 2121 1480 2159 pollentes
1493 2122 1590 2151 milites
1605 2125 1672 2152 mit-

92 2165 227 2194 tebantur.
247 2162 319 2190 Huic
332 2160 449 2188 tribunus
461 2168 573 2196 praeerat
586 2169 724 2187 armorum
740 2159 849 2187 scientia
858 2179 865 2192 ‚
886 2160 985 2186 virtute
998 2160 1133 2195 corporis,
1153 2170 1265 2187 morum
1276 2159 1413 2187 honestate
1423 2162 1576 2198 praecipuus⁴
1598 2162 1672 2190 Reli-

92 2200 150 2241 q'uae
167 2201 305 2231 cohortes,
325 2207 407 2235 prout
421 2199 534 2235 principi
547 2198 696 2235 placuisset,
716 2197 730 2225 ὲ
742 2196 866 2229 tribunis,
888 2196 929 2224 vel
943 2197 957 2224 a
971 2195 1103 2233 praepofim
1114 2198 1281 2236 regebantur.
1314 2200 1402 2226 Tanta
1414 2208 1504 2227 autem
1519 2199 1670 2228 servabatur

94 2240 235 2270 exercendi
249 2239 348 2266 milites
359 2246 421 2265 cura
434 2258 441 2268 ,
462 2244 491 2265 ut
510 2247 566 2265 non
581 2236 668 2264 solum
689 2237 788 2266 tribuni
801 2257 808 2266 ‚
840 2235 883 2263 vel
896 2236 1027 2272 praepofiti
1040 2237 1242 2265 contubernales
1260 2236 1308 2264 fibi
1326 2238 1441 2264 creditos
1459 2237 1506 2265 sub
1520 2239 1603 2266 oculis
1619 2238 1671 2266 suis

93 2280 217 2317 juberent
232 2276 352 2313 quotidie
369 2275 492 2303 meditari
508 2285 516 2302 :
535 2275 578 2303 sed
593 2276 673 2303 etiam
687 2275 734 2313 ipsi
747 2283 886 2302 armorum
904 2282 960 2301 arte
976 2274 1089 2310 pcrfeffi
1106 2284 1216 2304 caeteros
1229 2277 1262 2303 ad
1277 2275 1481 2304 dimicationem
1496 2278 1606 2313 proprio
1622 2286 1669 2304 co-

91 2318 265 2346 hortarentur
279 2314 412 2351 exemplo.
449 2313 563 2342 Tribuni
575 2315 648 2341 enim
660 2314 811 2342 sollicitudo
825 2322 872 2348 per
888 2312 956 2340 hanc
970 2313 1092 2342 laudatur
1104 2314 1260 2342 industriam
1272 2331 1280 2345 ‚
1301 2322 1364 2341 cum
1379 2314 1458 2342 miles
1471 2315 1540 2343 veste
1552 2315 1668 2346 nitidus,

93 2357 176 2384 armis
189 2355 256 2382 bene
270 2353 390 2381 munitus
404 2361 435 2380 ac
448 2351 552 2390 fulgens
566 2354 685 2381 exercitii
699 2352 745 2380 usu
759 2354 786 2380 ὃς
801 2350 935 2388 disciplina
949 2353 1069 2380 eruditus
1081 2353 1191 2381 incedit.

131 2392 299 2422 Centuriones
311 2391 477 2429 sequuntur,
491 2390 628 2431 dequibus
640 2391 696 2421 haec
703 2388 817 2430 Poljbim
827 2387 874 2429 lib.
883 2388 984 2457 6÷Ubi
995 2390 1096 2422 milites
1107 2391 1140 2422 ad
1147 2391 1321 2423 constitutam
1337 2389 1352 2431 ζιῗι
1365 2389 1510 2428 conficlu'bm
1523 2390 1598 2421 diem
1605 2401 1670 2425 con-

934 2437 1003 2470 yyy
1024 2438 1040 2460 2
1587 2439 1671 2469 rene:
