2075 2734
396 135 448 164 262
678 116 1674 164 AnerurrATuxeromauAnuuLiassss.

939 209 1432 237 CARMENTA.

439 288 463 316 C
473 296 488 314 Α
498 297 514 314 R
525 296 545 315 M
555 296 569 314 ε
578 296 595 313 N
605 294 621 312 τ
632 293 665 315 A,
685 291 742 320 quae
761 280 812 308 alio
828 280 942 307 nomine
963 276 1079 310 Themis,
1098 278 1164 306 item
1185 275 1327 315 Nicostrata
1339 277 1409 305 dieta
1421 277 1474 308 est,
1496 281 1584 304 mater
1597 274 1649 304 fuit
1662 275 1794 309 Euandri,
1815 277 1911 308 mulier
1925 271 1985 309 fati-

400 326 466 353 dica.
508 326 549 352 Sic
567 323 639 351 enim
660 322 693 348 de
706 329 737 347 ea
749 316 878 355 Dionysus
891 316 980 345 scribit
993 327 999 344 ι
1020 316 1142 344 Euander
1155 315 1283 343 Mercurii
1299 315 1380 347 filius,
1403 318 1429 343 &
1445 314 1582 351 Nymphae
1595 313 1734 349 cujusdam
1749 317 1881 349 Arcadiae,
1902 326 1983 354 quam

400 365 487 392 Graecj
508 359 613 390 Themin
633 359 738 389 dicunt,
760 356 867 393 plenam
888 356 1009 384 numine.
1050 356 1235 382 Romanarum
1258 354 1447 390 antiquitatum
1466 352 1607 389 scriptores
1621 356 1788 381 Carmentam
1801 356 1884 392 patria
1896 355 1985 392 lingua

400 403 554 430 nominant,
575 397 647 435 quod
662 395 798 433 Nymphae
811 404 915 422 nomen
928 393 1065 422 fatidicam
1080 392 1222 430 significet,
1244 392 1392 420 deduc-Itum
1406 392 1419 419 a
1433 393 1566 423 carmine,
1586 392 1662 428 juxta
1679 393 1834 421 Romanam
1850 397 1986 430 etymolo-

399 441 480 477 giam.
508 441 583 466 Hane
607 433 749 462 mulierem
763 433 900 461 affirmant
914 433 1051 459 Daemonis
1066 430 1158 468 spiritu
1173 438 1326 466 correptam
1342 429 1429 457 futura
1442 429 1544 466 populo
1557 429 1700 466 praecinere
1714 430 1828 459 solitam.
1855 434 1920 460 Haee
1934 431 1986 460 ille.

400 477 565 506 Plutarchus,
585 474 630 511 qui
648 472 731 500 etiam
754 471 860 502 scribit,
881 469 1010 507 quosdam
1024 477 1117 506 putare
1134 471 1302 495 Curmemam
1315 467 1366 495 effe
1381 471 1506 499 parcam,
1527 467 1607 495 aliam
1619 467 1698 504 hujus
1712 469 1893 506 appellationis
1906 471 1987 498 ratio-

401 524 464 543 nem
479 514 577 541 indicat
586 533 592 543 ,
612 511 685 548 quod
699 511 798 538 scilicet
812 509 882 537 dieta
894 508 926 536 fit
939 512 1095 539 Carmenta,
1116 506 1186 544 quasi
1200 516 1284 533 carens
1296 513 1394 537 mente,
1415 505 1450 532 ob
1463 506 1599 533 instian
1617 506 1738 539 divinos,
1753 507 1846 545 quibus
1859 509 1891 535 ad
1900 507 1987 536 fatilo-

401 562 452 589 qua
467 551 601 579 fundenda
616 549 734 577 carmina
748 548 828 575 fuerit
844 546 963 583 impulsa.
984 546 1103 573 Romani
1118 544 1240 581 religiose
1254 553 1314 571 earn
1329 543 1482 571 coluerunt:
1503 553 1576 571 aram
1590 545 1665 572 enim
1677 545 1716 576 ei,
1736 553 1766 573 ut
1780 544 1911 584 Dionffias
1925 546 1988 575 scri-

403 591 458 621 bit,
476 590 631 617 dedicarunt
644 587 714 624 apud
727 584 929 614 Carmentalem
942 593 1050 620 portam
1064 583 1110 610 sub
1125 581 1269 620 Capitolio.
1290 582 1390 608 Eadem
1403 583 1537 617 templum
1554 583 1651 609 Romae
1665 582 1756 611 habuit
1771 585 1798 611 in
1806 586 1916 622 regione
1927 595 1937 612 1
1947 595 1988 613 ix.

402 637 460 665 quae
481 629 578 655 dicitur
598 625 689 653 forum
712 627 870 652 Romanum
884 643 891 654 ,
918 622 991 658 quod
1006 621 1142 658 templum
1158 622 1182 648 ei
1197 627 1333 648 matronas
1346 619 1475 647 dedicasse
1490 619 1640 647 Plutarchm
1655 618 1745 649 scribit
1756 642 1763 653 ‚
1791 622 1837 650 tali
1850 623 1882 650 de
1897 622 1987 651 causa:

404 668 476 693 Cum
490 664 536 693 usu
551 663 750 694 vehiculorum,
765 661 860 699 quibus
874 659 1010 688 trahendis
1023 661 1146 696 jumenta
1158 659 1350 697 jungerentur,
1371 659 1481 685 Senatus
1489 658 1618 686 matronis
1626 658 1817 691 interdixisset,
1831 660 1989 697 conspirasse

404 713 447 732 eas
462 705 530 732 inter
546 702 587 735 se,
600 710 685 738 neque
698 709 807 729 uterum
824 708 917 737 gerere
932 698 972 730 se,
988 707 1074 735 neque
1088 706 1180 734 parere
1196 696 1279 728 velle,
1294 705 1324 723 ac
1332 696 1402 723 viros
1410 695 1458 724 hac
1466 697 1570 724 ratione
1577 695 1683 728 ulcisci,
1697 696 1778 733 idque
1787 696 1888 730 fecisse,
1902 700 1990 726 donec

407 749 510 770 mutata
522 740 664 770 sententia,
684 738 742 766 usus
756 737 942 766 vehiculorum
957 737 988 764 iis
1002 736 1088 764 rursus
1103 736 1236 764 concessus
1252 734 1341 763 fuerit.
1362 734 1466 762 Exinde
1480 744 1544 763 cum
1558 741 1697 773 parerent,
1718 733 1872 768 foecundas,
1890 736 1989 765 &libe-

406 790 501 808 rorum
516 779 592 816 copia
607 777 702 809 claras,
723 776 857 814 templum
872 776 1024 803 Carmentae
1036 774 1156 811 posuisse.

989 845 1399 872 EUANDER.
1810 844 1825 851 ““

448 920 545 946 Euan
556 929 573 945 n
583 927 622 945 an
645 916 772 945 Mercurii
794 917 821 943 &
843 915 995 942 Carmentae
1010 912 1077 940 filius
1088 934 1096 945 ,
1127 922 1160 940 eo
1174 920 1298 949 tempore
1313 921 1366 949 quo
1380 911 1509 939 Hercules
1525 912 1551 939 in
1568 912 1673 940 Italiam
1687 913 1761 941 venit
1774 932 1781 943 ‚
1809 911 1991 950 Aboriginum

410 957 470 985 Rex
486 955 544 983 fuit.
564 953 652 982 Livius
667 963 760 982 tamen
773 963 835 981 eum
849 962 904 980 non
919 953 1025 989 Regem
1038 951 1127 983 fuiffe,
1147 960 1234 987 neque
1246 951 1377 987 imperio,
1397 949 1441 977 sed
1455 950 1612 977 auctoritate
1628 951 1714 987 magis
1734 950 1905 988 Aboriginesx
1912 950 1992 978 rexis-

411 994 450 1026 se,
471 993 564 1022 auCtor
585 993 629 1021 est.
643 992 713 1021 hune
729 990 877 1029 Aborigines
890 990 1011 1028 primum
1024 997 1134 1026 propter
1148 988 1323 1017 excellentem
1339 988 1394 1024 ejus
1409 987 1588 1016 eruditionem
1600 1009 1608 1020 ,
1629 990 1656 1017 ὃ(
1672 988 1808 1015 summam
1821 988 1975 1025 sapientiam
1984 1009 1994 1020 ‚

409 1041 439 1061 ut
454 1037 537 1060 Deum
551 1032 703 1060 coluerunt:
723 1031 820 1059 deinde
836 1028 955 1056 Romani
969 1028 1051 1056 etiam
1064 1028 1170 1055 divinos
1184 1027 1207 1054 ei
1221 1026 1337 1054 honores
1350 1026 1511 1057 tribuentes,
1525 1036 1600 1054 aram
1607 1027 1786 1054 condiderunt
1795 1047 1802 1058 ,
1817 1027 1994 1064 &quotannis

412 1069 536 1103 sacrificia
549 1069 717 1101 obtulerunt,
738 1069 802 1097 ficut
817 1070 843 1096 δ’,
856 1066 911 1095 aliis
925 1065 1050 1094 heroibus
1065 1066 1148 1093 iidem
1162 1064 1296 1096 fecerunt,
1317 1072 1347 1092 ut
1359 1065 1466 1094 testatur
1478 1062 1610 1104 Diogfius
1622 1065 1691 1093 libro
1705 1065 1805 1102 primo.
1837 1066 1892 1094 Ara
1901 1072 1994 1094 autem

412 1109 437 1136 ei
450 1110 536 1137 dicata
550 1108 600 1137 fuit
615 1108 683 1145 apud
697 1107 863 1136 Aventinum
877 1103 991 1136 collem,
1010 1113 1095 1141 prope
1108 1110 1217 1142 portam
1230 1103 1428 1140 Trigeminam.

893 1175 1130 1201 CASTOR
1169 1176 1236 1200 ET
1272 1175 1516 1200 POLLUX.

453 1247 490 1275 Hi
504 1247 557 1274 duo
571 1245 663 1272 fratres
678 1244 752 1272 fuere
761 1263 768 1276 ,
788 1243 889 1269 Graecis
902 1242 967 1270 dieti
980 1238 1107 1276 Diofiuri,
1127 1240 1154 1268 id
1170 1240 1220 1271 est,
1234 1241 1311 1277 Jovis
1326 1239 1389 1271 filii,
1403 1239 1456 1266 five
1466 1239 1549 1275 pueri.
1568 1237 1728 1267 cicerolibro
1739 1240 1804 1277 3.de
1813 1240 1995 1269 NaturaDeo-'

414 1295 489 1314 rum:
510 1282 620 1318 Diosturi
632 1283 713 1310 etiam
727 1280 795 1318 apud
809 1280 907 1317 Grajos
921 1280 1012 1308 multis
1027 1279 1115 1306 modis
1128 1279 1316 1306 nominantur:
1330 1276 1410 1312 primi
1422 1284 1491 1309 τηε,
1511 1276 1556 1314 qui
1569 1276 1732 1313 appellantur
1743 1277 1858 1305 AnaHes
1870 1278 1981 1307 Athenis
1990 1300 1998 1311 ‚

417 1334 448 1352 ex
469 1325 538 1360 Jove
560 1323 636 1359 Rege
656 1319 852 1356 antiquissimo,
873 1320 900 1346 ὃ(
922 1317 1076 1354 Proserpina
1089 1318 1158 1348 nari,
1180 1315 1364 1350 Tritopatreus,
1383 1314 1522 1347 Eubuleus,
1541 1312 1677 1354 Diouffius.
1714 1314 1821 1342 Secundi
1831 1318 1902 1354 Jove
1915 1317 1997 1346 tertio

415 1362 471 1390 nati
486 1370 517 1388 ex
532 1361 620 1387 Leda.
641 1357 727 1394 Castor
742 1359 768 1385 δί
784 1356 883 1383 Pollux.
903 1354 986 1383 Tertii
998 1355 1122 1383 dicuntur
1137 1354 1271 1381 nonnullis
1285 1353 1387 1382 Alco'&
1400 1352 1553 1387 Melampus,
1573 1353 1689 1386 Emolus,
1705 1354 1780 1381 Atrei
1793 1353 1853 1388 filii,
1869 1355 1999 1392 quiPelo-

417 1409 452 1436 pe
466 1406 541 1426 natus
556 1397 615 1426 fuit.
634 1400 698 1425 Haec
713 1394 793 1422 Cicer.
807 1395 841 1421 de
854 1392 953 1431 Castore
968 1396 995 1422 ὅ(
1010 1392 1106 1419 Polluce
1118 1393 1194 1430 Jovis
1211 1394 1237 1419 ἃ
1251 1392 1330 1418 Ledae
1344 1391 1418 1422 filiis,
1432 1391 1540 1419 Helenae
1555 1389 1678 1418 fratribus
1687 1393 1757 1419 varia
1764 1391 1849 1420 fabula
1857 1393 1906 1421 est:
1921 1393 1965 1421 alii
1972 1402 2001 1420 e-

417 1438 476 1466 nim
491 1435 599 1464 tradunt
614 1437 713 1473 Jovem
726 1434 754 1461 in
771 1431 890 1459 formam
904 1431 979 1458 stellae
990 1438 1126 1458 mutatum
1141 1430 1245 1457 Ledam
1259 1428 1371 1461 vitiasse,
1387 1431 1414 1457 ὅς
1427 1427 1552 1466 Castorem
1561 1436 1641 1465 atque
1648 1429 1772 1457 Pollucem
1781 1431 1911 1467 genuisse:
1924 1431 1998 1460 dein-

418 1477 453 1504 de
467 1473 601 1501 Helenam.
622 1472 673 1501 Alii
687 1470 817 1502 scribunt,
836 1471 936 1508 Jovem
950 1471 977 1498 in
993 1477 1113 1505 cygnum
1127 1466 1287 1495 conversum
1304 1467 1383 1494 Leda:
1397 1467 1582 1504 congreffum,
1594 1469 1621 1495 &
1632 1468 1712 1495 noffte
1727 1469 1821 1496 eadem
1829 1470 1998 1505 Tyndarum.

419 1523 451 1541 ex
467 1515 535 1550 Jove
550 1511 672 1538 Pollucem
688 1512 715 1538 ἃ
730 1508 854 1535 Helenam
869 1516 959 1540 natos,
980 1516 1012 1534 ex
1026 1506 1139 1543 Tyndaro
1153 1504 1295 1542 Castorem:
1316 1505 1459 1533 mortalem
1474 1504 1560 1537 hunc,
1581 1505 1751 1533 immortales
1764 1506 1831 1534 illos.
1857 1509 1938 1545 Juvat
1954 1508 1999 1535 ad-

419 1551 532 1578 scribere
547 1547 641 1585 Hygim'
654 1548 702 1575 hac
716 1548 749 1575 de
764 1555 792 1573 re
807 1545 901 1577 verba,
917 1555 974 1582 quae
988 1545 1066 1573 habet
1080 1544 1107 1571 in
1116 1544 1305 1571 Astronomico
1312 1544 1433 1579 poetico,
1449 1544 1476 1570 in
1483 1543 1572 1571 olore:
1586 1545 1707 1581 Jupiter,
1721 1545 1772 1575 ait,
1785 1553 1849 1571 cum
1858 1546 2001 1572 Nemesim

422 1588 531 1616 flectere
545 1595 600 1614 non
614 1586 712 1622 posset,
726 1592 756 1612 ut
771 1584 860 1611 secum
876 1583 997 1615 cubaret,
1010 1583 1082 1619 jussit
1097 1585 1232 1609 Venerem
1241 1602 1248 1613 ,
1262 1581 1377 1618 aquilam
1392 1580 1538 1613 simularet,
1553 1580 1577 1608 se
1592 1582 1619 1608 in
1633 1581 1739 1609 olorem
1751 1581 1858 1608 versum
1871 1581 2002 1611 insecutu-

423 1635 483 1653 rum
499 1634 573 1651 eam:
589 1633 643 1660 quo
658 1623 729 1650 facto
742 1622 796 1659 ipsc
810 1621 912 1659 fugiens
926 1621 1041 1658 aquilam
1058 1622 1193 1647 Venerem
1202 1640 1208 1650 ,
1222 1620 1250 1647 in
1265 1619 1413 1647 Nemeseos
1420 1621 1557 1657 gremium
1565 1619 1700 1656 confugit.
1715 1628 1797 1656 quern
1805 1629 1860 1647 non
1868 1620 1982 1649 aversata
1991 1641 1998 1652 ,

424 1667 452 1692 ἃ
467 1661 618 1699 consopita,
632 1661 665 1688 ab
679 1663 748 1700 Jove
760 1659 909 1696 compressa
923 1660 972 1687 est:
987 1660 1135 1695 statutoque
1151 1666 1275 1694 tempore
1281 1667 1365 1686 ovum
1373 1658 1492 1694 peperit,
1508 1657 1580 1693 quod
1589 1658 1736 1685 Mercurius
1744 1659 1771 1685 in
1777 1659 1912 1695 gremium
1922 1659 2001 1686 Leda:

424 1701 555 1739 projecit,
575 1709 609 1727 ex
624 1708 678 1737 quo
692 1706 753 1727 nata
765 1698 871 1725 Helena.
891 1696 993 1724 Semaius
1005 1696 1097 1724 audior
1112 1696 1162 1727 est,
1183 1695 1322 1727 Helenam,
1345 1698 1371 1724 δε
1386 1696 1509 1722 Pollucem
1524 1695 1632 1733 deJove
1639 1702 1730 1727 natos,
1744 1695 1911 1724 immortales
1918 1696 2002 1725 fuisse.

426 1741 500 1767 Nam
515 1737 640 1776 Castorem
653 1737 773 1774 Tyndari
787 1736 872 1764 filium
888 1735 974 1766 fuisse,
997 1735 1069 1771 cujus
1084 1742 1203 1762 mortem
1220 1733 1266 1761 suo
1277 1735 1385 1763 interitu
1399 1735 1514 1761 fraterna
1526 1733 1609 1769 pietas
1622 1734 1781 1761 redemerit:
1800 1736 1826 1763 δε
1840 1734 1927 1767 addit,
1947 1734 2000 1763 hoc

425 1779 486 1807 ideo
501 1776 580 1815 fingi,
593 1776 653 1813 quia
665 1775 763 1804 horum
778 1774 854 1801 stellae
869 1775 906 1802 ira
920 1773 946 1801 se
959 1773 1086 1804 habeant,
1100 1780 1130 1800 ut
1142 1772 1282 1800 occidente
1296 1782 1360 1804 una,
1375 1773 1474 1800 oriatur
1487 1771 1574 1799 altera.
1596 1771 1672 1799 Plura
1686 1773 1720 1799 de
1730 1773 1761 1799 iis
1769 1772 2003 1810 paffimleguntur.

466 1815 564 1843 AEdem
587 1814 639 1842 five
659 1814 792 1850 templum
815 1814 838 1840 C
848 1824 863 1840 Λ
873 1823 884 1840 s
895 1823 911 1839 τ
921 1823 937 1840 0
946 1822 962 1839 R
972 1823 980 1839 1
1001 1814 1028 1840 δε
1043 1812 1062 1838 Ρ
1071 1822 1087 1838 0
1098 1821 1113 1839 L
1122 1821 1137 1838 L
1148 1820 1165 1838 υ
1176 1820 1209 1838 cr
1231 1811 1321 1842 vovit,
1343 1810 1509 1846 extruxitque
1530 1809 1600 1836 bello
1621 1810 1719 1848 Latino
1733 1813 1770 1837 A.
1785 1809 1940 1847 Fosthumtus
1953 1811 2003 1838 Di-

427 1855 527 1885 chter,
548 1862 618 1880 anno
632 1852 712 1879 Urbis
725 1861 826 1880 CCLVH·
841 1850 886 1878 tali
900 1851 933 1878 de
948 1849 1035 1881 causa,
1056 1859 1118 1877 cum
1133 1850 1161 1876 in
1174 1847 1245 1875 bello
1260 1850 1356 1876 Latino
1369 1857 1432 1875 cum
1446 1846 1552 1874 offam
1561 1847 1677 1873 Mamtlm
1689 1847 1837 1882 Tufiulanm
1858 1850 1884 1876 &
1893 1847 2003 1887 Tarqui.

427 1902 475 1918 ηιμ·
490 1891 627 1929 Equitibus
641 1890 785 1921 Romanis,
807 1888 981 1926 apparuissent
995 1889 1049 1916 duo
1062 1888 1154 1924 primae
1166 1886 1295 1923 lanuginis
1306 1887 1432 1923 juvenes,
1452 1885 1630 1921 prazstantiore
1646 1884 1739 1913 statura
1755 1887 1780 1913 8<
1796 1884 1898 1917 forma,
1919 1895 2001 1923 quam

428 1939 483 1958 uuae
498 1930 580 1957 videri
591 1927 676 1965 posset
691 1927 848 1956 mortalium
858 1947 864 1958 ‚
884 1927 1061 1962 praecedentes
1075 1927 1232 1952 Romanum
1247 1925 1410 1961 equitatum,
1429 1923 1586 1960 hostemque
1599 1922 1675 1950 hastis
1689 1923 1812 1951 ferientes
1821 1925 1957 1956 cominus,
1974 1926 2002 1952 &

428 1968 455 1994 in
470 1966 560 2004 sugam
577 1973 716 2004 cogentes,
738 1975 768 1993 ac
782 1964 885 1995 rursum
901 1965 959 2000 post
974 1963 1043 1991 fusos
1057 1963 1211 2001 fugatofique
1224 1966 1342 1993 Latmos,
1366 1965 1391 1991 &
1407 1962 1486 1990 castra
1494 1971 1588 1988 eorum
1596 1968 1686 1998 capta,
1702 1961 1819 1998 ferejam
1828 1962 1905 1990 finito
1912 1961 2002 1999 praelio

429 2006 456 2032 in
478 2008 588 2032 Romano
598 2007 653 2040 jaro
674 2005 720 2032 visi
734 2003 816 2031 essent
830 2001 1008 2030 adolescentes
1023 2002 1077 2029 duo
1092 2002 1199 2029 militari
1215 2000 1287 2028 cultu
1299 2000 1476 2037 procerisfimi
1489 2021 1496 2031 ,
1526 2002 1551 2028 ὃς
1564 1999 1738 2035 pulcherrimi
1751 2000 1823 2029 vultu
1838 2000 1924 2029 adhuc
1940 2001 2003 2028 reti-

431 2051 511 2070 nente
527 2052 606 2079 quam
622 2044 648 2069 in
662 2052 750 2080 pugna
764 2041 907 2070 habuerant
920 2039 1051 2078 speciem,
1069 2044 1090 2068 ὲ».
1108 2041 1182 2077 equis
1198 2039 1292 2066 sudore
1305 2038 1487 2070 madentibus,
1503 2047 1619 2074 cumque
1627 2038 1659 2065 de
1667 2038 1740 2075 equis
1747 2038 1935 2066 descendissent
1943 2048 2001 2066 am-

431 2079 483 2110 bo,
498 2080 667 2116 laviffcmque
683 2081 805 2111 fontana,
819 2089 876 2116 quse
889 2079 921 2106 ad
936 2080 1021 2106 sedem
1036 2082 1054 2105 V
1063 2080 1120 2105 es‘tae
1133 2078 1283 2114 profluens,
1297 2087 1408 2114 parram
1415 2076 1457 2104 sed
1465 2075 1626 2114 profundam
1637 2075 1825 2105 facitlacunam
1835 2097 1843 2109 ‚
1857 2077 1948 2104 multis
1956 2086 2001 2104 eos

433 2118 693 2149 circumsistentibus,
713 2117 918 2155 rogantibusque
929 2117 1024 2154 ecquid
1040 2117 1071 2144 ab
1085 2117 1203 2143 exercitu
1216 2117 1280 2143 novi
1293 2115 1419 2147 afferant,
1439 2123 1556 2151 pugnam
1571 2114 1739 2146 indicassent,
1753 2123 1830 2152 atque
1845 2115 2001 2148 misterium:

433 2155 597 2191 degressique
611 2154 683 2186 foro,
702 2158 829 2192 nusquam
843 2155 1048 2193 comparuissent
1062 2155 1164 2191 postea,
1186 2155 1307 2191 quamvis
1321 2154 1396 2181 valde
1409 2153 1505 2189 quaefiti
1519 2153 1532 2179 a
1548 2151 1675 2180 Praefeeto
1687 2153 1759 2181 urbis
1773 2153 1862 2181 essent.
1892 2155 2002 2180 Senatus

433 2193 533 2219 certior
547 2194 627 2220 iaetus
640 2192 654 2219 a
669 2192 807 2230 Posthumto
821 2203 866 2222 eos
879 2195 906 2221 in
920 2193 1009 2230 praelio
1024 2194 1105 2221 etiam
1118 2192 1187 2220 viles
1202 2192 1267 2224 elle,
1288 2191 1420 2219 verisimili
1434 2191 1586 2227 conjectura
1595 2212 1601 2221 ,
1622 2191 1734 2220 credidit
1746 2189 1875 2228 Castorum
1885 2192 2000 2218 casima—

432 2231 508 2267 gines
522 2229 603 2256 fuisse.
623 2229 740 2265 Ideoque
751 2232 884 2266 templum
897 2233 934 2259 eis
948 2231 1130 2259 constructum
1143 2231 1170 2257 in
1185 2230 1246 2257 foro
1260 2231 1400 2260 Romano,
1421 2228 1466 2257 ubi
1481 2229 1539 2256 visae
1552 2228 1612 2257 sunt
1625 2238 1721 2257 eorum
1728 2230 1873 2267 imagines,
1888 2228 2002 2256 vicinus-

433 2277 485 2304 que
499 2267 558 2295 fons
572 2267 614 2294 hic
627 2266 696 2294 sacer
709 2267 802 2294 dicTtus.
823 2267 952 2304 Dion-‚fias
965 2270 1008 2297 lib.
1021 2273 1046 2297 6.
1066 2268 1157 2296 Livius
1171 2268 1214 2296 lib.
1224 2279 1249 2296 2.

470 2308 547 2334 Hanc
559 2306 643 2333 aedem
659 2305 784 2332 vetustate
797 2306 939 2342 collapsam
953 2308 1046 2336 refecit
1061 2307 1094 2335 de
1108 2307 1240 2335 manubiis
1256 2306 1372 2334 hostium
1385 2310 1416 2333 L.
1430 2306 1564 2338 Metellus,
1585 2307 1630 2343 qui
1646 2306 1755 2334 subactis
1768 2304 1898 2332 Dalmatis
1907 2325 1914 2336 ,
1938 2305 1998 2333 Da]-

430 2345 543 2371 mancus
556 2344 591 2370 est
605 2343 755 2378 appellatus.
776 2342 861 2369 Cicero
877 2354 899 2379 3.
920 2348 1046 2378 Ver-rina,
1062 2349 1088 2375 S(
1101 2348 1129 2374 in
1143 2346 1256 2374 eandem
1272 2343 1400 2379 Asconius,
1415 2346 1482 2372 item
1495 2354 1545 2381 pro
1561 2347 1599 2372 M.
1615 2348 1720 2373 Scauro.
1741 2345 1901 2379 Quanquam
1908 2353 1999 2372 autem

429 2381 480 2412 hoc
495 2382 629 2418 templum
642 2380 757 2416 utrisque
773 2383 798 2409 ὃς
812 2379 907 2417 astari
919 2381 958 2414 <9
974 2385 1066 2411 Polluci
1080 2383 1262 2413 consecratum
1276 2383 1340 2411 esset
1354 2403 1361 2415 ,
1388 2390 1480 2412 tamen
1495 2383 1574 2421 vulgo
1588 2383 1746 2420 plerumque
1758 2380 1866 2416 Castam
1879 2388 1984 2409 rantum
1993 2403 2002 2415 ‚

1751 2427 1755 2429 ’
1962 2428 2007 2448 aut

2060 2571 2075 2734 τ’*’“”““
