2075 2734
365 105 420 134 ,Dr
451 104 558 134 Attis
587 103 872 132 Mlsct-ZLLANEIS
898 99 1076 135 tremus}
1101 104 1156 133 &a
1194 105 1279 133 Cn.
1301 114 1335 143 ¹3
1588 113 1640 147 651

89 163 119 193 si
135 160 238 192 causam
252 169 307 189 non
323 160 443 192 noverit,
463 159 488 188 ei
502 157 756 194 comperendinare,
779 157 807 184 ἃ
821 155 950 193 ampliare
963 167 1050 191 reum,
1070 157 1112 194 jus
1122 158 1162 187 fit.

91 206 196 232 Prator,
216 201 262 237 qui
281 209 313 226 ex
333 197 382 226 hac
401 198 460 235 lege
482 204 598 235 quaeret,
618 194 715 226 facito,
735 201 765 222 ut
785 203 825 221 reo
836 195 960 222 damnato
972 195 1003 223 lis
1017 196 1175 230 aestimetur,
1197 199 1224 226 &
1239 206 1321 235 aqua,
1343 199 1370 227 ὅ(
1383 197 1441 235 igni
1454 198 1638 230 interdicatur·

53 242 109 278 Qui
120 242 148 268 in
162 245 237 267 reatu
249 237 401 267 decesserit,
421 245 456 264 ne
470 237 494 263 ei
506 235 539 263 lis
550 233 701 274 aestimetur.
857 273 862 277 ι
922 272 928 277 ὓ

88 279 187 306 Extant
206 275 262 306 haec
282 275 433 312 fragmenta
452 273 520 310 apud
535 276 679 301 Ciceronem
691 281 742 309 pro
756 271 883 301 Cluentio
893 293 900 304 ,
920 282 948 300 m
963 275 1097 305 Verrem,
1118 275 1144 303 &
1159 274 1227 310 apud
1243 275 1377 309 Astomum
1390 278 1594 305 commentarijg
1609 279 1641 309 in,

48 317 184 348 verrinas.
912 343 916 345 Δ

0 356 1 367 ¹
746 348 844 396 Julia
871 350 932 384 lex.

0 431 2 440 >
89 415 242 446 Postremo,
261 417 294 440 C.
305 411 391 446 Julius
405 410 485 445 caster
498 409 577 446 legem
589 409 620 436 de
629 408 888 444 pecuniisrepemndis
894 409 970 441 tulit,
990 418 1048 446 quae
1055 409 1135 447 usque
1141 411 1173 438 ad
1182 419 1335 440 extremum
1346 411 1460 447 servata,
1482 413 1632 442 etiamnum

0 446 2 468 t
49 456 78 484 in
93 453 227 497 Pandffis
240 450 395 480 celebratur.
414 450 509 476 Latam
526 456 615 475 autem
632 448 683 476 effe
697 449 723 475 in
732 448 823 484 primo
838 447 982 476 Consulatu
997 449 1071 484 ejus,
1092 448 1226 486 colligitur
1240 460 1272 477 ex
1286 453 1408 479 oratione
1415 451 1537 479 Ciceronis
1545 453 1571 480 in
1580 455 1635 481 Va-

48 486 163 523 nummi
182 492 228 529 qui
246 494 268 516 C
268 490 336 524 afim
354 487 458 523 ὦψαι,
477 486 641 514 tribunatum
663 486 746 524 plebis
765 487 857 524 gessit,
877 488 904 516 ὃ(
919 496 950 514 ex
965 488 1088 514 oratione
1095 495 1145 522 pro
1163 488 1263 516 Sextio.
1300 489 1387 526 Hujus
1402 490 1468 527 legis
1480 489 1536 518 haec
1548 491 1633 528 capita

47 531 222 567 reperiuntur.

89 573 193 598 Praetor,
213 567 257 603 qui
272 574 303 593 ex
317 563 365 592 hac
380 564 438 602 lege
452 571 565 601 quaeiet,
588 564 620 591 de
636 574 667 592 eo
677 565 787 601 quaerito
797 585 805 595 ,
827 562 943 601 quicum
953 562 1068 601 aliquam
1078 563 1239 601 potestatem
1256 563 1378 596 haberet,
1399 566 1539 601 pecuniam
1548 566 1632 602 obju-

47 607 191 635 dicandum
199 625 209 636 ‚
229 605 360 632 decernen
374 604 464 630 Lumve
478 603 610 641 acceperit
617 624 625 635 ‚
645 603 687 630 vel
695 612 749 640 quo
757 603 841 639 magis
849 603 990 630 autminus
999 602 1062 639 quid
1070 612 1103 630 ex
1112 601 1204 630 officio
1212 601 1258 629 suo
1266 601 1373 631 faceret.
1398 604 1469 631 Item
1478 605 1511 632 de
1519 614 1567 636 eo,
1586 605 1632 641 qui

0 638 4 656 ¹
47 654 139 674 comes
150 643 271 679 judicum
286 643 426 679 pecuniam
443 643 552 678 ceperit.
594 642 648 678 Qu'
662 640 690 668 ab
702 641 923 673 denuntiandum,
945 640 987 668 vel
1006 650 1062 668 non
1075 640 1288 668 denuntiandum
1305 642 1489 669 testimonium
1497 640 1631 677 pecuniam

46 680 176 716 acceperit,
199 681 240 708 cui
254 681 382 708 damnato
397 680 580 708 testimonium
596 678 701 716 publice
717 680 820 711 dicere,
841 679 973 715 autjudex
982 678 1033 706 effe
1040 678 1205 715 postulareve
1220 688 1275 706 non
1289 679 1375 707 liceat.
1398 681 1467 707 Item
1476 681 1562 713 deco,
1586 681 1632 718 qui

47 720 82 749 ob
94 719 211 748 militem
227 719 371 756 legendum
381 739 388 750 ‚
410 718 626 752 mittendumve,
647 729 678 745 ass
694 718 838 754 acceperit,
858 718 938 755 quive
952 717 987 745 ob
1000 716 1160 746 sententiam
1169 717 1196 744 in
1204 716 1308 749 senatu,
1329 717 1472 745 consiliove
1479 719 1634 755 publicodi-

42 758 159 788 <endam
173 760 314 795 pecuniam
335 757 481 793 acceperit,
501 756 544 783 vel
554 755 581 783 ob
595 756 778 791 accuffindum,
800 755 841 782 vel
853 765 909 783 non
922 755 1109 784 accusandum.
1131 756 1200 783 Item
1216 756 1302 788 deiis,
1323 757 1367 793 qui
1374 755 1534 793 mtgzstratm
1541 756 1631 784 urbani

44 797 102 834 plus
114 798 191 825 domi
208 796 325 823 muneris
340 796 367 823 in
380 805 450 823 anno
457 795 609 831 acceperint
617 815 625 825 ‚
646 803 727 831 quam
736 795 808 831 quod
816 794 846 822 fit
855 803 998 821 aureorum
1007 801 1126 822 centum.
1146 794 1216 822 Item
1226 794 1259 822 de
1267 804 1300 822 eo
1310 815 1317 825 ,
1339 795 1383 832 qui
1391 795 1426 822 ob
1434 795 1552 831 judicem
1562 795 1630 822 arbi-

42 844 153 864 trumve
166 835 300 866 dandum,
322 834 480 862 mutandum
491 854 497 863 ‚
516 832 716 868 jubendumve,
736 840 765 860 ut
777 832 894 867 judicet:
917 833 997 868 quire
1007 832 1043 860 ob
1055 842 1110 860 non
1124 832 1257 864 dandum,
1278 843 1333 860 non
1343 834 1516 864 mutandum,
1538 834 1632 869 juben-

42 874 160 904 dumve,
181 874 332 907 utJudicet:
354 870 625 908 quiveobhominem
634 871 659 898 in
670 870 773 898 vincula
780 870 884 907 publica
893 871 1112 906 conjiciendum,
1134 871 1321 903 vinciendum,
1336 872 1631 908 vincirivejubendum,

0 936 1 940 ,
43 921 110 940 exve
131 909 241 938 vinculis
261 910 474 937 dimittendum:
493 910 573 946 quive
595 908 630 936 ob
651 909 793 937 hominem
814 909 1069 941 condemnandum,
1089 907 1333 937 absolvendumve:
1353 911 1432 946 quive
1448 909 1476 936 ob
1487 908 1560 936 litem
1573 908 1633 944 xsti-

0 967 1 977 1
42 949 178 980 mandam,
199 949 366 984 judiciumve
379 948 484 984 capitis,
491 948 644 984 pecuuiaeve
651 947 803 976 faciendum
812 969 819 980 ,
830 947 871 976 vel
880 957 936 976 non
944 947 1096 975 faciendum
1105 969 1112 980 ,
1121 947 1219 985 aliquid
1228 948 1369 984 acceperit.
1391 948 1480 984 Qiin
1488 953 1630 984 acceptum

0 1001 1 1011 i
41 986 132 1016 tulerit
143 995 210 1023 opus
222 985 359 1023 publicum
370 986 538 1019 faciendum,
560 986 729 1014 frumentum
737 984 842 1024 publice
850 986 968 1014 dandum
976 1008 982 1019 ,
1004 986 1177 1023 praebendum
1185 1007 1193 1018 ‚
1213 986 1279 1015 sarta
1288 987 1475 1018 tectatuenda,
1483 993 1630 1024 antequam

39 1025 172 1063 perfecta,
192 1025 318 1061 probata,
339 1025 451 1061 praestita
464 1024 522 1063 lege
537 1032 624 1053 erunt.
646 1026 728 1063 Qod
743 1033 836 1053 contra
851 1024 919 1054 hanc
931 1024 1174 1062 legempmconfhH,
1194 1024 1342 1060 velprmri
1349 1025 1478 1053 donatum
1489 1026 1554 1057 erit,
1574 1033 1631 1053 non

40 1063 118 1091 liceat
135 1063 249 1099 usucapi.
290 1063 465 1096 deihanes,
485 1064 616 1090 locationes
631 1063 686 1100 ejus
703 1064 741 1092 rei
758 1063 832 1092 eausa
845 1063 942 1100 pluris,
964 1063 1110 1091 minorisve
1123 1063 1288 1092 faetaeirritae
1295 1063 1385 1095 sunto,
1406 1073 1492 1101 neque
1505 1062 1631 1099 usucapio

0 1101 2 1111 ¹
42 1101 97 1129 esto
110 1101 197 1137 prius,
218 1111 300 1139 quam
315 1103 342 1130 in
360 1102 518 1138 potestatem
534 1102 606 1138 ejus,
621 1101 696 1139 aquo
703 1102 823 1139 profeeta
830 1111 872 1131 res
886 1102 931 1135 sit,
952 1101 1156 1138 haeredisveejus
1164 1103 1260 1130 veniat.
1281 1103 1352 1129 Item
1363 1102 1396 1130 de
1404 1104 1457 1134 eis,
1477 1102 1521 1139 qui
1531 1111 1630 1129 munus

41 1138 145 1177 publice
159 1141 316 1168 mandatum
331 1147 439 1178 accepta
452 1141 563 1178 pecunia
580 1149 718 1177 ruperunt.
760 1142 831 1170 Item
848 1141 881 1168 de
894 1151 942 1173 eo,
963 1141 1008 1178 qui
1021 1140 1205 1177 obnegotium
1214 1140 1367 1168 faciendum
1376 1161 1383 1171 ‚
1404 1149 1448 1168 aut
1461 1149 1517 1167 non
1531 1139 1630 1168 facien-

40 1179 107 1207 dum
121 1187 169 1215 per
182 1179 344 1207 calumniam
357 1180 499 1216 pecuniam
510 1179 623 1215 accepit.
652 1181 741 1217 Atque
753 1180 809 1208 haec
822 1180 933 1216 quidem
948 1179 1007 1207 sunt
1021 1180 1048 1206 in
1062 1177 1198 1206 P.1ndec'?is
1206 1179 1243 1206 ad
1251 1178 1330 1217 legem
1342 1178 1442 1212 Julmm
1456 1180 1489 1208 de
1504 1185 1630 1215 repetun:

39 1217 93 1250 dis,
115 1219 142 1246 ὃ(
155 1218 189 1246 de
201 1217 445 1245 calumniatoribus.
468 1218 546 1254 Apud
558 1216 700 1244 Ciceronem
715 1219 796 1250 vero,
815 1220 843 1246 δί
857 1217 921 1245 alios
933 1217 989 1245 haec
1001 1216 1125 1254 praeterea
1133 1217 1316 1245 inveniuntur.

79 1259 186 1287 Praetor,
208 1256 254 1292 qui
265 1265 297 1282 ex
305 1255 354 1283 hac
362 1255 420 1292 lege
427 1263 541 1292 quaeret,
561 1256 594 1283 de
603 1265 635 1283 eo
643 1257 769 1292 quaerito,
791 1256 836 1293 qui
850 1255 952 1292 procos:
967 1257 992 1283 δε
1003 1264 1094 1292 propr.
1109 1255 1204 1287 caech,
1226 1253 1369 1285 adulteria,
1389 1256 1418 1283 &
1431 1253 1518 1291 stupra
1530 1253 1557 1281 in
1565 1254 1629 1290 proi

41 1293 130 1320 vincia
137 1293 239 1322 fecerit.
260 1294 315 1329 Qui
322 1293 364 1329 jus
372 1294 398 1320 in
406 1293 502 1321 liberos
509 1293 622 1330 populos
630 1294 664 1321 de
671 1296 788 1330 pecuniis
799 1294 1019 1322 creditisdixerit.
1045 1294 1100 1331 Q
1109 1293 1142 1320 de
1149 1293 1288 1330 provincia
1297 1292 1403 1323 exierit,
1425 1299 1470 1320 aut
1478 1294 1627 1321 exereitum

40 1331 177 1362 eduxerit,
199 1334 226 1360 &
240 1331 282 1359 sua
297 1331 391 1367 sponte
408 1331 506 1360 bellum
521 1333 636 1370 gefferit.
658 1333 713 1369 Qi
728 1333 843 1361 modum
859 1333 887 1359 in
900 1333 1048 1369 imperato,
1070 1333 1097 1360 Sc
1113 1331 1243 1359 aestimato
1251 1330 1390 1358 frumento
1397 1331 1529 1368 exigendo
1537 1330 1628 1359 exces-

37 1367 110 1396 serit.
133 1370 187 1406 Qi
200 1370 353 1398 libertatem
366 1371 443 1398 lociis
456 1380 511 1398 non
523 1370 727 1401 conservaverit.
748 1372 804 1405 Qui
814 1380 908 1399 aurum
918 1371 1089 1398 coronarium
1104 1369 1359 1405 autimpetraverit,
1378 1376 1423 1396 aut
1431 1369 1625 1405 acceperitfine

40 1407 66 1434 S.
80 1408 112 1434 C.
129 1408 184 1445 Qi
198 1406 367 1444 quidqu-ama
382 1407 457 1436 sociis
471 1416 568 1445 praeter
576 1408 681 1436 foenum
691 1429 698 1440 ‚
719 1409 973 1446 &quatuorlestos‚
995 1407 1246 1445 &lignaacceperin
1267 1407 1479 1445 Qirationesin
1487 1407 1626 1444 provincia

16 1466 17 1470 ,
39 1445 108 1481 apud
121 1445 183 1473 duas
200 1447 321 1474 civitates
334 1455 390 1473 non
404 1446 541 1483 reliquerit
554 1468 560 1479 ,
590 1449 616 1475 δε
630 1447 736 1474 easdem
751 1448 867 1475 totidem
883 1447 969 1474 verbis
982 1446 1015 1474 ad
1029 1448 1152 1474 aerarium
1164 1455 1219 1473 non
1233 1445 1353 1473 retulerit
1366 1464 1374 1474 ,
1395 1448 1421 1474 δὲ
1434 1445 1503 1473 ultra
1519 1444 1626 1482 triginta

17 1501 19 1506 ·
39 1483 94 1517 dies
110 1484 225 1512 comites
243 1485 271 1512 in
285 1483 419 1511 beneficiis
432 1484 569 1512 detulerit.
610 1486 649 1511 Ut
656 1493 746 1519 prator
753 1492 852 1522 quaerat
864 1484 897 1512 ab
911 1486 957 1516 iis,
977 1485 1011 1512 ad
1025 1493 1092 1521 quos
1104 1485 1217 1519 pecunia
1233 1484 1394 1519 pervenerit.
1435 1484 1517 1520 Qod
1528 1492 1625 1511 eorum

0 1524 20 1557 ἐι
36 1519 161 1557 judIcum
175 1522 265 1558 major
277 1531 337 1559 pars
349 1522 488 1557 judicarit,
508 1523 535 1550 id
549 1522 606 1558 jus,
627 1524 841 1560 ratumqueesto.
860 1525 968 1550 Horum
976 1520 1452 1560 criminumpleraqueobjecitl’ifini
1460 1521 1625 1550 Macedoniae

40 1559 314 1594 proconsulictceroin
323 1561 479 1589 oratiouein
486 1570 551 1589 eum
558 1560 656 1589 habita.
678 1562 728 1589 Sed
735 1559 1025 1596 decriminibuspublicis
1036 1560 1105 1589 fiatis.

530 1631 730 1658 CAPUT
776 1631 970 1660 XXX1.&
1010 1617 1122 1659 um.

588 1690 643 1724 Dc
657 1690 733 1724 aliis
749 1689 946 1736 mifiellaneis
960 1689 1084 1738 legibus.

565 1771 662 1804 Icilia
677 1771 729 1804 lex
745 1769 784 1804 de
797 1771 963 1804 Aventino
980 1779 1091 1806 monte.

22 1831 23 1837 ¹
38 1830 89 1892 In
103 1831 154 1861 hoc
166 1841 245 1870 caput
259 1832 435 1870 conjiciemus
447 1841 490 1860 eas
499 1830 586 1870 leges,
607 1842 665 1870 quae
681 1834 710 1861 in
723 1833 901 1871 superioribus
915 1834 1005 1863 locum
1014 1833 1237 1866 nonhabuerunt,
1251 1843 1338 1872 neque
1351 1841 1442 1863 tamen
1449 1835 1624 1870 praetermitti

22 1881 24 1894 ·
89 1871 104 1898 a
117 1871 202 1899 nobus
214 1872 371 1900 debuerunt.
391 1871 615 1908 Confignabimus
622 1879 713 1901 autem
722 1883 764 1900 eas
772 1893 779 1904 ‚
800 1872 965 1909 proutnobis
973 1881 1124 1902 occurrent.
1155 1874 1278 1901 Primum
1287 1874 1404 1901 occurrit
1411 1872 1453 1899 lex
1460 1871 1546 1906 Icilia,
1559 1872 1573 1902 ὲ
1586 1878 1617 1903 L.

22 1912 25 1930 ¹
37 1908 104 1936 Icilio
124 1908 222 1936 tribuno
237 1909 326 1946 plebis,
346 1914 385 1937 M.
409 1909 504 1936 Valerio
523 1912 656 1939 Maximo,
676 1915 718 1946 Sp.
731 1910 844 1948 Verginio
865 1914 891 1938 T
888 1909 969 1948 ricosto
988 1911 1166 1939 Caelimontana
1185 1911 1256 1939 Coss
1267 1920 1338 1939 anno
1353 1920 1450 1939 cccxvi
1459 1917 1482 1937 1.
1501 1910 1568 1944 lata,
1587 1919 1620 1942 ut

37 1948 186 1976 Aventinus
198 1957 277 1975 mons
290 1948 360 1984 plebi
371 1948 404 1977 ad
417 1948 527 1976 aedificia
541 1949 742 1978 concederetur.
780 1947 912 1986 Dionjfius
923 1948 969 1976 lib.
980 1960 1020 1977 ιο.
1040 1950 1076 1977 fic
1088 1958 1147 1977 eam
1156 1949 1262 1977 recitat:
1283 1951 1321 1977 Ut
1329 1959 1386 1986 quae
1392 1949 1618 1985 privatihomines

37 1984 111 2013 bono
125 1986 184 2022 jure
197 1994 271 2022 parta
282 1986 460 2022 poffidebanr,
481 1996 511 2014 ea
526 1995 665 2015 manerent
677 1996 759 2023 penes
771 1988 894 2023 pristinos
910 1987 1044 2015 dominos.
1066 1988 1133 2024 Qiae
1141 1988 1251 2024 pervim
1261 1995 1305 2015 aut
1313 1987 1435 2015 fraudem
1448 1989 1618 2025 occupassent

23 2023 168 2054 xaedificns,
189 2032 218 2050 ea
232 2024 352 2052 restituto
360 2034 392 2053 ex
398 2024 559 2052 arbitrorum
568 2024 696 2053 sententia
703 2026 792 2062 pretio
798 2025 995 2059 aedificationis,
1015 2025 1200 2054 addicerentur
1211 2025 1324 2064 populo:
1344 2035 1401 2064 quae
1406 2025 1511 2063 publica
1518 2027 1600 2057 effent
1608 2048 1619 2060 .

37 2069 69 2097 ea
81 2061 136 2090 fine
147 2062 236 2098 pretio
242 2061 313 2098 plebi
321 2062 509 2091 dividerentur.
530 2064 659 2092 Meminit
671 2064 728 2100 ejus
738 2062 863 2093 &Livius
876 2063 924 2091 lib.
936 2073 961 2101 3.

602 2130 717 2165 Atilia
731 2131 800 2173 lex,
826 2129 864 2165 de
878 2128 1044 2165 dedititiis.

74 2191 163 2221 Atilia
186 2193 217 2219 de
235 2190 362 2222 dedititiis
374 2213 383 2223 ,
407 2202 488 2231 quam
509 2193 571 2223 tulit
591 2199 623 2222 L.
638 2195 736 2223 Atilius
759 2194 877 2223 tribunus
895 2195 978 2233 plebis
997 2200 1036 2222 M.
1052 2193 1162 2222 Claudio
1174 2194 1292 2223 Marcello
1309 2204 1348 2223 1v.
1362 2198 1401 2223 M.
1414 2193 1509 2223 Wlerio
1521 2194 1621 2224 Lavino

41 2229 111 2259 Coff.
135 2239 205 2259 anno
229 2239 359 2260 ioxmrr.
379 2233 484 2260 Omnes
503 2234 649 2271 Campani,
671 2233 803 2267 Attelani‚
823 2233 953 2266 Calatini,
974 2232 1106 2267 Sabatini,
1128 2234 1173 2272 qui
1192 2233 1219 2262 se
1235 2234 1394 2263 dediderunt
1413 2234 1440 2262 in
1457 2234 1616 2265 arbitrium.

28 2268 225 2308 [ditionemque
245 2269 336 2307 populi
355 2272 475 2299 Romani
493 2272 584 2300 Fuluio
597 2274 747 2310 proconficli,
767 2282 877 2311 quaeque
890 2283 942 2302 una
954 2273 1045 2302 stcum
1063 2274 1237 2307 dediderunt,
1256 2272 1534 2312 agrum,urbemque‚
1546 2273 1614 2300 divi-

28 2314 87 2350 tna,
106 2307 291 2352 humanaque,
313 2309 498 2347 utensiliaque,
518 2310 571 2338 five
590 2312 653 2349 quid
673 2314 742 2341 aliud
762 2312 935 2341 dediderunt:
955 2312 988 2341 de
1002 2312 1042 2340 his
1054 2312 1132 2340 rebus
1146 2313 1210 2351 quid
1224 2313 1280 2341 fieri
1295 2311 1379 2341 velitis
1393 2322 1440 2341 vos
1451 2321 1535 2350 rogo,
1554 2309 1614 2349 qui-

28 2350 108 2376 mtes.
148 2347 222 2376 Plebs
242 2350 276 2377 uc
294 2348 387 2385 juffit:
413 2347 496 2387 Qiod
515 2348 617 2381 senatus
636 2353 756 2383 maxima
773 2361 832 2391 pars
853 2350 981 2385 censeat,
1007 2351 1055 2390 qui
1074 2351 1208 2386 afficietis,
1232 2350 1412 2386 idvolumus‚
1427 2350 1617 2390 jubemusque.

29 2385 32 2411 Ι
42 2385 99 2414 lev.
108 2385 153 2416 hb.
162 2389 206 2417 26.
975 2429 1004 2461 N
1012 2437 1030 2460 n
1037 2437 1055 2461 n
1061 2438 1081 2460 n
1100 2439 1116 2459 Ζ
1530 2425 1626 2462 Clodia
