2075 2734
362 120 413 150 De
433 116 608 149 SATURNO
628 127 670 147 ετ
690 115 806 151 an‘,
827 118 901 146 Ovi-2
923 128 1048 149 ΜΑτκε
1069 120 1193 154 Deum,
1215 123 1266 151 δῖε.
1306 122 1389 152 Car]
1407 121 1436 160 42
1650 136 1686 162 97

114 174 276 204 nominarant
291 178 357 203 Deos
368 172 414 212 effi
427 172 578 210 existimatos
591 171 731 206 complures.
770 170 897 199 Tellurem
912 194 919 206 ‚
935 171 1031 212 ⁴inquit
1044 194 1052 205 ‚
1066 181 1161 208 putant
1174 174 1222 212 effi
1234 180 1311 210 Opem
1324 197 1333 209 ,
1352 177 1421 215 quod
1433 185 1503 212 opem
1511 176 1568 216 fiat
1581 175 1680 205 melior:

113 218 241 246 Matrem,
261 213 330 252 quod
336 211 447 247 plurima
450 210 538 246 pariat
549 221 556 238 τ
575 215 700 247 Magnam
715 209 784 250 qued
792 208 874 251 cilyum
880 219 967 244 parm!
975 223 982 236 :
1003 211 1172 246 Profi’rpinnm
1186 234 1193 246 ‚
1211 215 1281 252 quod
1291 225 1324 242 ex
1336 225 1366 242 ea
1374 217 1516 250 proserpant
1522 216 1624 253 fruges:
1640 219 1685 243 Ve-

104 250 177 289 stam
184 273 193 285 ,
213 252 282 291 quod
292 250 413 289 vestiatur
423 247 515 279 herbis,
524 247 563 287 fic
571 247 634 276 alias
650 251 733 277 Deas.
751 257 850 286 lnquit,
870 258 918 288 nen
931 247 1034 283 absurde
1046 250 1082 276 ad
1093 251 1155 278 hanc
1167 260 1292 279 revocant.
1319 256 1383 281 Haec
1397 253 1448 281 ille.
1469 256 1528 282 Nos
1542 255 1575 282 de
1587 254 1684 290 priori-

114 289 162 318 bus
170 299 252 326 pauea
259 289 386 328 quaedam,
393 297 450 325 quae
455 287 568 324 legimus
574 295 747 323 exponemus
755 286 788 313 de
797 287 940 321 Profhpma
949 288 974 314 ἃ
985 285 1053 324 Vesta
1061 287 1122 316 alibi
1129 290 1233 317 dicturi.
1255 295 1314 325 Ops,
1321 291 1360 319 uti
1368 293 1423 328 jam
1434 301 1466 319 ex
1473 295 1588 325 wrm-e,
1597 291 1681 327 [hb-4·

113 329 146 355 de
152 328 238 364 lmgua
244 327 352 361 Latina,
359 327 373 362 ]
380 325 538 356 audivimus,
547 324 617 352 didia
626 324 698 361 quod
705 333 786 360 opera
795 323 839 352 fiat
847 323 952 351 melior·
973 325 1048 351 Idem
1057 327 1091 353 fic
1097 325 1195 359 scribit,
1204 332 1282 355 Terra
1290 334 1347 363 Ops,
1354 330 1427 366 quod
1434 330 1478 358 hic
1485 339 1568 358 omne
1576 339 1640 365 opus
1650 330 1681 356 ad

115 366 271 397 vivendum,
279 367 306 393 δε
313 365 373 392 ideo
381 363 477 390 dicitur
483 367 532 396 Ops
539 371 622 390 mater
629 362 702 399 quod
709 369 779 390 terra
786 363 894 390 nutriat.
913 364 978 390 Haec
986 363 1059 390 enim
1068 365 1144 392 terris
1152 373 1243 401 gentes
1252 376 1346 394 omnes
1354 369 1456 405 peperit
1464 388 1471 399 ,
1483 370 1509 397 ὅ(
1518 367 1627 395 resumit
1635 368 1680 394 dc-

113 413 178 432 nuo.
198 404 240 431 Sic
247 398 475 431 etiam-Macrobius
481 407 581 428 terram
590 401 654 428 dicit
662 400 819 438 appellatam
828 405 905 434 Opem
914 420 921 429 ‚
930 400 1002 437 quod
1011 400 1066 436 ejus
1074 411 1125 438 ope
1134 404 1192 430 vitat
1202 403 1322 432 humana:
1329 406 1455 433 alimenta
1463 414 1623 442 quaerantur:
1640 405 1681 432 vel

116 441 148 469 ab
158 450 247 478 opere,
253 449 300 477 per
306 439 377 477 quod
385 438 484 467 fruetus
491 438 630 476 frugesque
637 439 782 467 nascantur.
803 438 837 466 Et
845 437 945 471 Festus:
961 437 1022 472 opis
1031 459 1037 469 ,
1046 439 1132 475 inquit
1140 461 1146 471 ‚
1156 440 1225 468 dieta
1235 443 1270 469 est
1278 444 1395 479 conjunx
1402 443 1523 475 Saturni,
1537 453 1584 480 per
1596 452 1677 481 quam

115 480 209 513 volunt
215 487 308 506 terram
313 476 466 515 significare,
473 477 534 515 quia
541 486 636 504 omnes
643 486 707 513 opes
714 477 834 504 humano
841 477 933 513 generi
941 485 1009 504 terra
1017 476 1123 504 tribuit:
1137 478 1200 513 Ejus
1208 480 1298 516 imago
1306 481 1355 508 fuit
1363 503 1369 513 ,
1378 490 1407 510 ut
1418 480 1537 509 albricus
1544 490 1620 510 notat
1629 501 1636 512 ‚
1651 481 1679 508 in

113 517 247 555 cujusdam
254 522 382 543 matronae
388 515 591 544 similitudinem
598 515 711 552 depiCta,
719 524 776 552 quae
783 522 872 550 aperta
882 523 962 542 manu
969 514 1062 543 dextra
1069 523 1150 551 opem
1159 517 1284 544 omnibus
1291 519 1353 545 dare
1361 520 1427 547 velle
1433 519 1625 557 praetendebat:
1635 527 1678 554 pa-

112 564 177 583 nem
183 563 246 582 vero
253 562 334 580 manu
340 553 437 581 finistra
444 553 601 590 pauperibus
608 553 761 590 porrigebat
769 564 774 580 :
783 554 811 578 AE
812 552 868 579 dem
875 552 923 587 Opi
932 554 1028 580 Romae
1035 553 1137 590 primus
1146 555 1222 582 vovit
1229 556 1255 582 ὃς
1263 559 1379 585 extruxit
1387 557 1511 585 [Tatius
1518 558 1678 585 Sabinorum

112 594 180 623 Rex,
187 592 214 619 in
222 591 297 629 regni
303 590 457 619 societatem
465 592 479 619 a
488 591 610 619 Romulo
617 598 739 627 receptus
748 601 753 617 :
770 594 879 617 Varro-ae
887 612 893 621 ‚
913 588 1027 624 Dionyfio
1035 590 1076 623 ξς
1084 589 1219 629 Augustmo
1234 593 1349 621 testibus.
1375 597 1459 623 Vovit
1467 597 1554 623 eidem
1563 605 1626 624 curn
1635 597 1678 623 Sa-

110 637 189 658 turno
195 630 269 656 adem
277 629 336 657 Tul.
343 628 473 668 Hostdias,
482 637 512 657 ut
518 629 597 666 paulo
603 638 664 657 ante
671 630 698 656 in
707 631 819 656 Saturno
826 629 950 657 diximus.
970 629 1075 657 Festum
1084 629 1140 665 ejus
1147 629 1245 663 opalia,
1254 640 1283 659 ut
1290 631 1358 658 infra
1365 633 1563 668 explicabimus.

147 666 205 701 opis
212 665 319 703 Consivae,
326 668 408 695 etiam
416 669 480 695 Deae
487 669 591 696 mentio
599 668 628 695 fit
635 667 703 704 apud
710 669 842 694 Karronem
850 686 856 696 ‚
873 667 885 702 [
892 665 933 694 lib.
938 676 961 701 5.
967 667 999 694 de
1006 666 1092 704 lingua
1099 667 1202 694 Latina.
1211 669 1224 703 ]
1240 678 1297 705 quae
1305 679 1405 697 nomen
1414 671 1503 699 habuit
1510 671 1522 698 Ξ]
1529 671 1678 706 conserendo.

109 706 257 733 Sacrarium
265 706 322 742 ejus
328 706 356 733 in
364 706 435 744 regia
441 705 500 734 fuit.
507 707 544 737 ita
551 705 680 734 scribente
686 709 793 732 Varrone
801 717 808 731 :
824 710 873 739 Ope
880 703 974 743 consiva
981 706 1035 733 dies
1043 705 1075 732 ab
1084 706 1141 732 Dea
1146 710 1197 739 Ope
1204 705 1300 743 confit-a
1308 728 1314 738 ‚
1323 708 1397 744 cujus
1404 710 1431 736 in
1440 711 1512 746 rnga
1518 709 1659 738 fiet-arium
1669 720 1676 736 ι

108 743 182 780 quod
191 744 252 772 ideo
258 744 358 777 airum,
366 752 396 772 ut
404 754 444 775 eo,
452 751 548 781 praeter
555 745 671 782 virgines
681 742 795 771 Vestales
804 763 811 775 ,
820 746 845 771 ἃ
854 743 1025 771 Sacerdotem
1034 743 1171 780 publicum
1179 765 1186 776 ‚
1195 745 1311 773 introeat
1318 755 1410 774 nemo.
1431 749 1455 773 Is
1464 756 1526 774 cum
1535 755 1576 775 eat
1585 768 1592 779 ,
1605 747 1675 775 suffi-

108 780 199 809 bulum
207 781 276 810 haud
283 781 384 810 habeat.
407 785 484 810 Hanc
491 782 564 809 enim
572 782 660 819 legem
669 782 725 819 ejus
732 782 792 808 aedis
801 781 875 808 fuisse
883 802 889 812 ‚
903 791 965 808 cum
975 781 1097 819 quaelibet
1109 781 1185 810 sacrae
1199 783 1266 811 cedes
1280 783 1335 811 suas
1349 792 1432 812 certas
1446 784 1517 821 leges
1533 785 1659 812 haberent
1670 806 1677 817 ,

105 819 315 857 Mephscalfger
323 821 472 848 arbitratur.
491 824 579 847 Mater
591 820 677 848 Derim
689 820 760 848 unde
774 819 844 846 dieta
857 819 888 847 fit
902 820 972 847 varie
985 821 1104 848 traditur.
1124 820 1305 848 Dmd.Siculus
1319 822 1423 854 scribit,
1438 823 1538 850 coelum
1547 833 1579 850 ex
1588 823 1672 850 Titaea

107 857 224 894 conjuge
230 857 467 894 suicepiffeliberos
481 868 506 886 v.
520 860 547 886 ὅ(
561 858 749 887 Χι.η·ιυ11“ε[)τίε
762 857 835 884 sexus
849 858 915 884 duos
923 856 1047 894 Reginam
1061 857 1196 892 &Opem
1214 859 1338 896 Reginam
1346 861 1605 897 aetate&prudentia
1611 869 1675 896 pra:-

108 895 304 927 stantioren1‚in
311 897 423 933 gratiam
432 897 525 925 Matris
533 895 626 924 fratres
632 905 727 924 omnes
735 895 854 923 educasse
861 915 867 926 ,
883 896 944 923 ideo
951 895 1051 923 dietam
1058 900 1171 923 Matrem
1179 896 1266 924 Derim
1274 917 1281 926 ,
1295 898 1457 936 nupfiss‘eque
1463 899 1614 935 Hyperioni
1626 897 1678 925 fra-

107 933 151 964 tm',
159 942 191 960 ex
199 942 253 970 quo
261 932 352 961 Solem
362 937 389 964 ὃς
397 936 502 962 Lunam
509 936 642 972 genuerit:
651 932 766 972 quicum
774 933 870 961 scelere
876 933 1069 961 avunculorum
1078 934 1328 971 interiilstnt‚ipsam
1336 937 1363 964 in
1372 936 1492 964 furorem
1500 936 1601 965 versam
1611 946 1676 963 cum

107 971 242 1007 tympanis
248 991 255 1003 ,
264 971 441 1010 cymbalisque
448 981 548 1001 terram
555 972 605 1001 suae
613 973 722 1000 ditionis
730 972 877 1009 peragrasse
884 990 890 1002 ‚
912 981 1073 1009 moremque
1087 972 1219 1008 ejusmodi
1227 974 1346 1002 manfiffe
1353 975 1410 1011 post
1418 975 1474 1011 ejus
1483 974 1576 1003 fatum.
1597 974 1672 1001 Idem

105 1014 164 1036 tum
171 1009 245 1037 addit
252 1011 333 1037 etiam
341 1011 420 1038 aliam
427 1010 554 1039 fabulam.
571 1015 687 1038 Menoe-m
694 1010 898 1039 vetustiflimurn
907 1009 1026 1047 Phrygia:
1035 1013 1141 1048 Regem
1149 1020 1181 1038 ex
1189 1021 1272 1039 uxore
1279 1012 1437 1047 Dindymene
1453 1013 1535 1040 filiam
1543 1012 1674 1049 proci-east

104 1044 139 1078 se,
148 1056 228 1084 quarn
236 1049 335 1084 exponi
346 1049 449 1085 jufferit
456 1051 483 1077 in
492 1057 587 1077 monte
594 1048 720 1086 Cybello:
741 1047 873 1076 infantem
888 1047 902 1075 a
916 1048 977 1076 feris
992 1056 1136 1077 enutritam
1151 1049 1255 1077 evasisse
1270 1051 1490 1079 inadmirabilem
1498 1051 1676 1088 pulchritudi-

104 1093 185 1117 nem,
199 1085 391 1124 inventamque
405 1087 418 1115 a
433 1087 544 1115 muliere
550 1088 676 1124 pastoria,
696 1087 834 1115 educatam
842 1096 892 1124 pro
900 1086 956 1118 sua,
977 1087 1131 1124 dictamque
1145 1087 1158 1114 a
1172 1095 1267 1116 monte
1281 1089 1371 1126 inquo
1379 1090 1441 1118 esset
1449 1090 1564 1125 expolita
1574 1109 1580 1120 ,
1601 1087 1675 1126 cybt'1

105 1121 171 1155 lem,
191 1123 362 1153 multasartes
370 1126 469 1163 ingenii
476 1125 782 1157 acumine&inveniffe,
803 1125 951 1153 &docuisse
958 1125 1098 1157 mortales5
1120 1125 1242 1154 videlicet
1254 1135 1357 1154 cantum
1369 1126 1446 1156 tibm.
1461 1128 1538 1161 Iuſsa,
1561 1127 1672 1157 choreas„

101 1159 281 1198 ymbalorum‚
299 1171 522 1202 tympanorumque
525 1163 641 1199 fimitm,
660 1172 742 1191 artem
750 1171 870 1197 praterea
880 1162 1060 1190 veterinarmm
1073 1184 1081 1194 ‚
1102 1163 1143 1196 ᾧ·
1156 1162 1296 1199 infantium
1308 1164 1397 1192 morbbk
1410 1164 1544 1192 lenimenta
1552 1177 1559 1191 :
1579 1165 1675 1201 quibus

105 1199 178 1233 quod
186 1198 265 1227 multi
272 1198 425 1229 curarentur
431 1203 504 1237 pueri
512 1222 519 1233 ,
540 1202 641 1229 idcirco
648 1210 708 1228 earn
722 1205 847 1237 ngnam
854 1204 967 1227 Matrem
980 1201 1148 1228 nominatam
1156 1201 1215 1228 effe.
1241 1204 1314 1229 Cum
1321 1212 1386 1230 vero
1392 1203 1556 1233 adoleviss'et3
1577 1202 1673 1229 amasse

105 1244 165 1261 eam
173 1235 301 1270 juvenem
309 1238 458 1265 terraeillius
464 1239 576 1265 nomine
583 1243 658 1277 Axym
666 1258 674 1268 ,
694 1247 726 1265 ex
733 1246 818 1273 eoque
824 1237 961 1274 gravidam
971 1237 1069 1264 faetam
1078 1258 1085 1268 ‚
1106 1237 1119 1264 a
1126 1242 1215 1264 Menoe
1228 1246 1303 1275 patre
1310 1261 1317 1271 ,
1338 1241 1410 1277 quod
1418 1240 1519 1267 famam
1534 1241 1549 1267 d
1553 1249 1567 1266 e
1575 1251 1585 1265 ν
1592 1241 1673 1267 irtute

106 1272 233 1309 factisque
246 1274 301 1309 ejus
309 1284 460 1312 acceperat,
480 1275 694 1304 revocatamssess'e
701 1284 751 1311 pro
758 1276 874 1311 virgine,
895 1275 1058 1311 cognitoque
1067 1275 1168 1312 flagitio
1176 1276 1232 1312 ejus
1240 1297 1247 1307 ,
1270 1281 1350 1314 Atym
1359 1280 1385 1305 δε
1394 1279 1508 1305 nutrices
1514 1277 1582 1313 juilu
1591 1278 1673 1314 Regis

105 1310 214 1337 affectos
222 1312 272 1339 efl'e
278 1312 415 1348 supplicio:
436 1312 564 1349 cybelem)
584 1322 677 1341 amore
683 1312 817 1340 incensam
827 1322 859 1340 ex
873 1312 1002 1339 defiderio
1016 1318 1077 1350 Agys
1091 1312 1231 1345 insaniisse,
1252 1315 1390 1352 domoque
1403 1323 1510 1352 paterna
1526 1314 1654 1352 cgressam
1663 1336 1671 1345 ,

105 1348 188 1375 solam
197 1357 258 1376 cum
267 1350 348 1378 fistula
356 1352 382 1378 &
391 1357 536 1386 tympano,
555 1350 644 1386 sparfis
656 1350 770 1378 crinibus
786 1357 875 1377 totam
889 1350 1029 1386 regionem
1042 1352 1188 1387 peragraile
1201 1352 1385 1380 dementatam
1394 1375 1400 1384 ,
1422 1352 1570 1390 &emisseque
1578 1354 1606 1380 in
1612 1356 1673 1389 Nylss

98 1388 158 1420 ffim
171 1386 203 1414 ad
211 1385 367 1425 Dionysium,
386 1389 575 1424 aliquotannos
582 1389 639 1424 post
647 1388 702 1424 ejus
711 1395 847 1418 mortem,
868 1397 930 1415 cun
940 1387 1258 1421 &difficultateannonm
1280 1393 1305 1418 δέ
1315 1391 1413 1418 morbo
1428 1392 1454 1418 in
1472 1392 1584 1428 Phrygia
1598 1391 1671 1417 labo-

105 1431 222 1456 raretur,
241 1426 349 1453 oraculo
355 1425 436 1461 jussos
444 1426 560 1463 Phryges
567 1431 644 1465 Afym
652 1428 707 1454 &C
720 1425 797 1452 belem
805 1426 936 1453 venerari:
957 1425 1018 1452 hinc
1031 1424 1114 1455 sacra,
1135 1428 1357 1465 caeremoniasque
1370 1433 1468 1467 Magna
1480 1439 1571 1456 mama
1584 1427 1671 1456 Detim

104 1469 176 1489 ortas
190 1462 248 1490 effe.
267 1465 331 1491 Haec
343 1463 445 1491 Diodor.
465 1465 525 1491 Nos
541 1467 674 1491 Varronem
697 1473 842 1501 equemur‚
862 1465 908 1501 qui
921 1463 988 1491 hanc
1002 1464 1115 1490 eandem
1131 1474 1192 1492 cum
1207 1465 1314 1493 Tellure
1330 1466 1404 1494 facit:
1425 1467 1459 1494 fic
1473 1467 1546 1494 enim
1562 1465 1671 1503 August.

104 1500 239 1531 Eandem,
261 1501 347 1538 inquit
359 1504 449 1534 Varro,
469 1502 562 1530 dicunt
575 1506 689 1529 Murem
703 1507 839 1539 Magnam,
861 1502 933 1539 quod
948 1510 1108 1538 tympanum
1124 1502 1216 1531 habeat
1229 1524 1236 1534 ‚
1256 1503 1394 1541 significari
1407 1505 1458 1533 esse
1471 1505 1567 1532 orbem
1581 1512 1669 1531 terne:

103 1537 176 1573 quod
184 1544 267 1566 turres
278 1540 305 1566 in
313 1539 412 1575 capite,
433 1541 544 1577 oppida:
565 1541 638 1576 quod
646 1540 716 1567 sedes
724 1540 857 1577 fingantur
871 1541 1022 1571 circaeam,
1042 1549 1105 1566 cum
1119 1543 1211 1568 onmia
1225 1551 1384 1570 moveantur
1392 1564 1398 1574 ,
1418 1542 1503 1578 ipsum
1514 1552 1567 1569 non
1576 1551 1669 1569 move-

102 1576 139 1606 115
161 1576 232 1612 quod
238 1576 320 1614 gallos
328 1576 388 1605 huic
396 1579 474 1610 Deae,
494 1586 523 1606 ut
530 1577 672 1610 servirent,
694 1578 826 1609 fecerunt5
846 1578 974 1615 fignificat
988 1587 1048 1609 eos,
1068 1579 1111 1614 qui
1126 1578 1382 1617 semineindigeant‚
1403 1588 1501 1608 terram
1510 1580 1668 1617 sequiopor-

103 1620 160 1640 tere
168 1635 175 1645 ,
195 1613 223 1641 in
230 1624 259 1642 ea
267 1616 364 1652 quippe
372 1617 464 1643 omnia
471 1617 593 1653 reperiri:
616 1616 688 1653 quod
697 1615 721 1643 se
729 1617 797 1652 apud
807 1617 977 1653 eumjaCtant
985 1638 992 1648 ,
1011 1617 1162 1654 praecipitur
1169 1639 1175 1648 ‚
1196 1618 1282 1654 inquit
1291 1639 1297 1649 ,
1318 1620 1388 1655 quod
1400 1626 1498 1645 terram
1507 1619 1596 1645 colmt
1605 1639 1612 1649 ‚
1634 1627 1668 1645 ne

102 1649 223 1683 sedeant,
243 1652 347 1690 semper
354 1655 427 1682 enim
434 1655 484 1682 effi:
491 1655 563 1691 quod
571 1663 658 1692 agant.
678 1654 850 1693 Cymbalorum
855 1654 966 1689 sonitus,
983 1655 1209 1683 ferramentorum
1217 1656 1402 1691 jafrandorum
1411 1667 1440 1684 ae
1451 1665 1580 1684 manuum
1590 1658 1616 1684 ἃ
1625 1665 1669 1683 cu-

101 1689 144 1725 jus
152 1691 190 1717 rei
197 1692 309 1728 crepitus
316 1692 343 1719 in
351 1694 465 1720 colendo
472 1702 535 1730 agro
544 1695 606 1730 quid
614 1693 656 1724 fit,
667 1692 793 1730 fignificat
800 1693 872 1729 quod
880 1692 1040 1721 ferramenta
1053 1692 1096 1720 illa
1110 1702 1184 1721 erant
1197 1693 1258 1721 ideo
1272 1704 1303 1722 ex
1319 1705 1382 1727 aere,
1404 1695 1475 1733 quod
1490 1703 1550 1721 eam
1563 1694 1667 1731 antiqui

102 1727 225 1755 colebant
233 1739 283 1756 xre
290 1750 297 1761 ‚
316 1738 458 1768 antequam
466 1731 566 1758 ferrum
576 1731 639 1758 effet
653 1733 804 1759 inventum.

141 1768 249 1794 Leonem
258 1788 265 1798 ‚
283 1768 370 1805 inquit
378 1789 386 1800 ,
404 1769 567 1806 adjungunt,
586 1768 702 1797 solutum
711 1778 740 1795 ac
748 1768 915 1796 mansuetum
924 1790 932 1801 ,
948 1777 978 1797 ut
992 1771 1130 1798 ostendant
1138 1792 1145 1802 ,
1166 1770 1217 1798 effe
1224 1770 1325 1799 nullum
1333 1781 1416 1809 genus
1425 1779 1500 1799 terrae
1507 1779 1564 1799 tam
1577 1780 1667 1798 remo-

101 1812 163 1834 tum
172 1824 179 1835 ,
199 1813 229 1831 ac
236 1804 410 1834 vehementer
416 1806 518 1838 ferum,
538 1807 609 1845 quod
617 1816 671 1834 non
679 1807 775 1843 subigi,
794 1806 899 1844 colique
906 1811 1054 1836 conveniat.
1074 1812 1138 1837 Herc
1152 1818 1184 1836 ex
1199 1812 1307 1836 Varrone
1321 1808 1450 1846 Augtgstm.
1471 1809 1559 1836 Aliam
1574 1817 1665 1838 tamen

102 1842 235 1869 rationem
248 1864 256 1875 ‚
277 1842 354 1872 Ouid.
365 1845 442 1881 ponit
455 1845 489 1872 de
503 1855 554 1883 qua
563 1845 630 1872 alibi.
668 1843 831 1881 Hujusmodi
844 1845 1031 1874 limulachrum
1053 1849 1080 1874 in
1094 1848 1179 1875 veteri
1198 1856 1378 1875 monumento
1392 1847 1476 1876 adhuc
1497 1846 1667 1885 conspicitur.

103 1880 189 1907 Porro
203 1879 258 1908 haec
270 1881 328 1909 Dea
340 1884 422 1910 etiam
435 1887 524 1910 Mater
537 1884 599 1910 ldaa
612 1884 755 1920 appellatur
762 1883 794 1910 ab
803 1883 847 1910 Ida
863 1892 959 1911 monte
973 1885 1091 1923 Phrygiae
1099 1905 1106 1917 ‚
1128 1886 1155 1912 in
1169 1895 1223 1922 quo
1238 1894 1298 1913 cam
1307 1884 1409 1922 Phpgii
1421 1885 1568 1922 plurimum
1579 1885 1667 1913 colue-

103 1925 176 1945 runt.
214 1920 375 1958 Bere-cynthia
385 1930 492 1967 quoque
506 1920 520 1949 a
534 1922 702 1957 Berecyntho
716 1921 835 1959 Phrygiae
850 1931 946 1949 monte
958 1923 993 1950 est
1008 1924 1087 1951 dieta.

144 1959 202 1982 Dea
215 1957 378 1992 Peffinuntia,
399 1970 412 1987 a
426 1960 576 1987 Pessinunte
590 1959 709 1997 Phrygiae
722 1962 836 1996 oppid0‚
856 1961 927 1988 unde
942 1963 1063 1989 Romam
1078 1960 1225 1988 transvefta
1240 1965 1266 1990 ἃ
1280 1960 1351 1989 culta
1367 1962 1416 1993 est,
1438 1962 1509 1999 quod
1519 1961 1620 1990 factum
1630 1962 1667 1989 est

105 2001 177 2019 anno
189 2003 251 2023 v..c.
264 2005 364 2024 DL11x.
389 2000 422 2023 P.
435 2001 492 2024 Cor.
507 1995 616 2031 Scipione
627 2019 635 2029 ,
663 1999 708 2035 qui
726 1998 816 2034 postea
834 1997 972 2026 Africanus
991 2000 1075 2027 dictus
1097 1999 1133 2025 est
1148 2020 1154 2030 ‚
1182 2002 1208 2028 ἃ
1225 2004 1255 2027 l'.
1267 2000 1361 2026 Ltcimo
1380 2002 1464 2036 Craſjo
1478 2000 1548 2027 Coff.
1567 2000 1613 2027 tali
1633 2001 1666 2028 de

106 2029 189 2058 causa.
227 2032 298 2060 Cum
313 2043 346 2061 eo
358 2044 429 2063 anno
440 2056 448 2067 ‚
474 2043 503 2063 ut
518 2035 610 2062 Livius
621 2035 708 2063 scribit
721 2057 728 2068 ‚
748 2036 859 2063 durante
871 2036 942 2064 bello
957 2038 1057 2064 Punico
1071 2037 1158 2072 saepius
1172 2036 1300 2072 lapidibus
1313 2037 1416 2074 pluisset
1429 2059 1436 2069 ‚
1458 2040 1483 2066 ὃς
1498 2038 1620 2074 ὶηῖρεᾶἰε
1637 2039 1667 2066 li-

106 2067 163 2109 bris*
176 2067 305 2109 Sibyllinis
317 2081 426 2100 carmen
443 2074 585 2101 inventum
608 2074 690 2102 effet:
716 2074 876 2112 Qandoque
897 2073 967 2110 hostis
985 2074 1124 2111 caliemgena
1149 2083 1218 2101 terrac
1237 2075 1313 2101 [mlta
1330 2074 1421 2102 bellum
1440 2074 1563 2113 intulfflet
1575 2097 1583 2108 ‚
1610 2087 1669 2104 eum

100 2105 162 2138 pell1
182 2107 258 2134 Italm
269 2128 278 2139 ,
303 2108 417 2148 vincique
429 2110 493 2147 poffi
505 2131 514 2141 ‚
535 2110 567 2148 fi
582 2119 664 2138 mater
683 2112 745 2138 Idm
764 2110 907 2147 Peffinunte
927 2116 1033 2139 Romam
1051 2110 1157 2138 ad1=ec7a
1176 2113 1234 2149 estet
1246 2124 1254 2138 .·
1282 2113 1352 2141 moti
1373 2123 1405 2141 eo
1424 2115 1542 2141 carmine
1564 2116 1652 2143 Patres
1661 2135 1670 2146 ‚

105 2143 207 2180 legatos
228 2145 355 2174 miserunt
374 2149 406 2175 ad
427 2149 545 2177 Attalum
570 2149 633 2177 Afiae
652 2158 746 2187 regem
770 2151 816 2186 qui
834 2158 944 2176 matrem
962 2150 1049 2178 Deam
1073 2150 1206 2187 petierunt
1219 2171 1226 2182 ‚
1259 2150 1291 2178 ab
1311 2161 1396 2188 eoque
1414 2151 1529 2189 benigne
1550 2155 1668 2189 accepti,

105 2189 136 2209 ac
157 2182 335 2210 Pessinuntem
354 2185 381 2213 in
401 2185 544 2224 Phrygiam
564 2188 671 2215 dedueti
683 2208 690 2219 ,
716 2187 819 2214 sacrum
838 2188 953 2226 lapidem
968 2208 975 2219 ‚
1009 2198 1091 2225 quem
1117 2196 1227 2215 matrem
1246 2189 1331 2216 Dezim
1356 2189 1449 2217 mcolae
1467 2191 1651 2228 nuncupabant
1659 2211 1667 2221 ,

105 2228 265 2256 acceperant
278 2241 286 2252 ,
312 2223 339 2249 δί
353 2223 473 2251 Romam
488 2225 682 2254 transtulerunt.
722 2227 804 2254 Addit
822 2224 912 2253 Limes
923 2246 931 2255 ,
958 2228 1084 2254 Senatum
1103 2227 1210 2254 oraculo
1228 2227 1358 2263 Delphico
1372 2249 1379 2259 ‚
1406 2237 1434 2255 ut
1449 2237 1509 2255 cam
1524 2231 1569 2265 qui
1583 2231 1623 2255 vir
1638 2239 1667 2255 0-

106 2258 210 2295 PtimUS
220 2259 315 2286 ROss'lae
329 2259 404 2292 estet,
423 2260 538 2298 hospitio
551 2264 697 2301 exciperet,
719 2265 855 2291 monitum
864 2285 871 2295 ,
893 2268 923 2291 P.
934 2264 1068 2298 Scipmnem
1079 2264 1206 2300 juvenem
1220 2264 1304 2293 adhuc
1313 2286 1319 2296 ‚
1338 2267 1455 2293 necdum
1472 2268 1648 2304 Qxltorium
1658 2286 1667 2296 ‚

104 2297 196 2323 virum
217 2298 353 2333 optimum
371 2297 495 2333 judicasse
507 2321 516 2331 ‚
540 2302 616 2338 eique
633 2312 728 2330 munus
743 2303 901 2338 excipiendae
919 2307 976 2329 Dee
995 2302 1130 2340 delegasse.
1170 2303 1194 2329 Is
1212 2303 1293 2340 igitur
1310 2313 1372 2331 cum
1392 2304 1518 2332 omnibus
1539 2315 1554 2330 n
1568 2306 1668 2332 atronls

106 2334 211 2361 Ostiam
225 2335 334 2362 obviam
349 2335 387 2362 ire
401 2340 457 2363 Dea
468 2337 562 2372 juffus,
581 2343 665 2366 Deam
679 2340 712 2366 de
725 2350 792 2367 nave
805 2341 919 2377 accepit,
941 2343 968 2368 ἃ
983 2341 1110 2370 matronis
1124 2341 1151 2368 in
1167 2341 1262 2368 urbem
1278 2341 1415 2369 ferendam
1429 2343 1547 2369 tradidit.
1568 2344 1668 2370 Pei-lata

105 2379 196 2403 autem
211 2373 247 2401 est
261 2374 289 2402 in
305 2373 390 2402 aedern
405 2373 527 2409 matoria,
548 2385 605 2414 quae
619 2378 654 2406 est
667 2378 695 2406 in
709 2378 825 2410 Palatio,
844 2379 929 2415 pridie
942 2379 1004 2407 Idus
1017 2379 1137 2416 Aprileis.
1163 2378 1239 2417 Isque
1250 2381 1304 2409 dies
1318 2380 1397 2409 festus
1411 2380 1469 2408 fuit.
1489 2379 1602 2416 Populus
1618 2381 1670 2408 fre-

1034 2419 1062 2446 N
1590 2427 1673 2457 quens
