2075 2734
386 100 439 139 742'
688 90 1678 129 ANT1Q01TAv1wJMRoniw.⁴flum*Ln³.X.

425 147 533 178 oriola,
555 147 595 177 vel
608 148 699 180 oriola,
720 146 845 175 naviculae
860 145 920 173 fiint
933 143 1093 181 piscatoriae..
1110 146 1182 172 Nam
1197 145 1250 173 oria
1265 155 1344 175 naves
1358 145 1504 184 piscatoriae
1514 143 1573 175 sunt
1587 145 1656 182 apud
1674 142 1797 174 Nonium.

426 193 507 215 cutte.
520 187 602 215 etiam
619 187 721 223 navigia
737 186 874 215 dicuntur,
896 181 995 221 qualia,
1016 183 1160 211 incertum.
1795 197 1798 198 ν

426 226 521 259 Scapha
535 224 592 253 sunt
606 224 745 254 naviculae,
764 231 821 259 quae
835 221 951 258 majores
965 230 1046 249 naves
1058 220 1211 258 sequuntur.
1874 254 1877 256 .

424 267 547 290 Pontones
558 271 640 301 genus
653 261 752 298 navigii
766 259 876 292 Gallici,
897 269 1014 298 quorum
1029 260 1133 288 mentio
1147 260 1216 297 apud
1229 261 1348 296 Caesarem
1362 258 1407 287 lib.
1417 269 1441 298 3.
1454 259 1488 288 de
1500 258 1569 288 bello
1583 258 1664 288 civili.
1698 258 1818 297 Qdam
1831 267 1910 290 naves
1926 261 1967 299 in}

384 308 564 338 terpretantur
573 300 735 335 trajiciendis
747 297 871 326 amnibus
886 305 968 334 aptas.

423 338 547 367 Nasium
561 339 643 368 etiam
657 338 768 365 navium
774 346 884 364 nomen
896 336 966 373 apud
983 335 1128 374 AgeHium,
1150 337 1184 365 de
1198 335 1289 374 quibus
1305 333 1369 364 nihil
1382 342 1508 371 praeterea
1523 345 1569 363 me
1582 335 1672 374 legere
1686 336 1809 365 memini.

424 376 514 404 Media
526 377 585 404 sunt
598 385 677 404 naves
690 374 703 403 a
720 375 806 403 Medis
820 375 942 403 inventae.

427 415 542 449 Phafilus
557 415 696 453 nffvigium
711 414 747 441 est
761 414 931 449 Campanum
941 433 949 445 ,
968 415 1056 441 Nonio.
1076 412 1129 441 Alii
1143 421 1240 441 navem
1256 411 1379 439 velocem
1394 412 1421 439 δε
1436 410 1582 449 oblongam
1597 412 1648 439 effe
1661 411 1788 442 scribunt.
1808 413 1924 441 Videtur
1934 423 1968 443 ex

388 453 502 481 Horatio
516 454 542 481 δε
555 452 670 489 Virgilio
678 451 791 487 phaselus
802 461 857 479 non
867 450 992 478 absimilis
1006 450 1080 480 fuiffe
1093 451 1171 478 lembo
1183 470 1191 480 ,
1211 457 1255 478 aut
1267 459 1321 476 ortae
1332 470 1339 481 ‚
1364 449 1464 486 quippe
1477 458 1527 486 qua
1539 450 1703 479 circumvehi
1719 450 1761 478 sua
1775 460 1835 478 rura
1848 451 1967 481 solebant

384 491 509 522 ditiores,
531 497 560 518 ut
573 492 673 528 agitatu
684 489 754 519 facili
768 486 862 517 ea‘dem
879 491 906 518 δε
921 488 1015 526 fragili.
1041 488 1177 517 Adrianus
1189 487 1281 521 sanius
1294 489 1322 515 in
1337 486 1558 515 Nomenclatore.

428 532 549 560 Parones,
568 529 604 557 ait
619 528 718 564 festus,
738 529 847 556 navium
861 537 957 566 genus,
979 528 1011 555 ad
1026 529 1100 565 cujus
1113 527 1316 556 similitudinem
1331 534 1443 564 myoparo
1455 532 1574 554 vocatur.
1603 525 1721 564 [fi'dorusz
1745 527 1811 554 Paro
1826 526 1967 564 navigium

388 567 532 604 piratarum
547 574 655 603 aptum,
677 569 703 594 ὃς
715 577 747 594 ex
761 566 801 593 his
815 566 851 593 ita
864 573 998 594 vocatum.

427 609 542 641 Myoparo
556 606 592 633 est
607 604 725 633 navicula
738 605 894 641 piratarum.
921 604 1019 633 Festus.
1037 609 1151 641 Myoparo
1163 613 1247 641 genus
1261 604 1361 640 navigii
1373 611 1405 630 ex
1418 601 1520 630 duobus
1532 602 1698 631 dissimilibus
1711 601 1871 632 formatum.
1891 603 1966 631 Nam

390 643 418 670 δε
433 641 532 680 mya'ion
546 646 659 678 &paron
672 652 718 680 per
730 643 756 670 se
769 642 836 671 sunt.
867 644 933 681 Sunt
946 644 972 670 ὅτ,
987 652 1142 680 nyvparones
1155 644 1271 679 majores
1285 644 1311 670 ὅ(
1326 643 1455 670 minores.

427 684 529 708 Lmtres
540 691 619 709 naves
636 682 786 709 fluminales
805 684 890 707 Numa.

430 719 522 753 capuli
540 729 621 747 naves
637 719 709 751 sunt,
729 718 742 747 a
757 718 842 754 capuli
857 718 959 749 forma,
980 718 1021 746 vel
1035 717 1048 745 ’ξι
1065 717 1179 753 capiendo
1192 719 1227 747 fic
1241 720 1432 750 denominatae.

430 759 542 784 camera
557 768 634 785 nares
648 757 706 785 sunt
719 757 797 784 211⁴&ae
812 759 839 785 ὃς
852 755 943 785 exiles.

429 794 535 860 placida
554 795 680 824 naviculae
699 795 849 823 admodum
868 804 954 831 parva:
968 815 975 826 ‚
1004 794 1098 832 quibus
1118 803 1193 823 mare
1212 794 1315 823 nonnifi
1331 796 1466 833 placidum
1487 799 1514 826 &
1535 796 1549 826 a
1567 795 1690 836 procellis
1709 795 1834 834 quietum
1851 793 1973 832 navigari

412 838 457 861 ote
481 854 488 861 .
1248 845 1258 852 .

391 839 410 869 p
429 872 558 907 Cydarum
577 870 654 908 quale
674 871 811 908 navigium
832 870 912 899 fuerit
926 871 1136 908 incompertum.

431 909 543 936 Rasin-ia
557 919 637 937 naves
651 910 684 937 de
700 910 800 936 ratibus
814 908 977 945 compositae.

431 947 617 982 Catlyiopium‚
639 949 714 975 navis
730 946 910 983 speculatoria.

431 985 565 1012 Hactenus
579 986 612 1012 de
624 986 733 1013 navium
746 984 902 1021 generibu5‚
925 994 957 1011 ex
971 984 1164 1012 Grammaticis
1178 985 1292 1022 antiquis
1306 1007 1314 1018 ‚
1335 989 1500 1024 quarundam
1513 989 1605 1016 icones
1620 996 1651 1014 ex
1667 986 1773 1015 vetustis
1788 988 1974 1014 monumentis

389 1023 515 1058 expreffae
529 1023 652 1050 videntur
664 1024 692 1050 in
705 1022 774 1050 libro
786 1022 920 1050 clarissimi
935 1024 960 1059 J.
970 1023 1002 1048 C.
1016 1022 1116 1050 Lazari
1132 1021 1215 1060 Bayfit
1224 1044 1233 1054 ,
1253 1025 1287 1051 de
1301 1035 1329 1052 re
1341 1027 1425 1053 navali
1439 1047 1446 1057 ‚
1468 1027 1514 1062 qui
1528 1026 1612 1052 multa
1624 1025 1657 1052 de
1672 1025 1719 1052 hac
1739 1026 1851 1051 materia
1864 1024 1973 1061 collegit

393 1060 463 1087 lectu
478 1061 638 1097 dignissima.
678 1059 754 1087 Plura
767 1061 847 1088 etiam
862 1059 940 1087 habet
959 1058 1040 1086 Lilius
1053 1058 1187 1097 Gregorius
1199 1062 1323 1095 cyr-aldus
1343 1064 1369 1090 in
1388 1064 1456 1091 libro
1478 1064 1512 1090 de
1527 1062 1649 1099 Navigiis
1660 1082 1667 1091 ,
1689 1072 1720 1090 ex
1735 1062 1830 1098 quibus
1849 1071 1901 1098 ego
1919 1062 1974 1090 hxc

392 1097 448 1126 fere
461 1099 608 1134 deiumpfi:
628 1099 672 1136 qui
686 1097 860 1134 prolixiorem
875 1098 1002 1124 omnium
1018 1097 1241 1134 explicationem,
1263 1109 1358 1128 eorum
1374 1102 1472 1133 etiam,
1494 1111 1552 1138 quae
1568 1110 1618 1128 nos
1631 1100 1788 1130 omifimus,
1809 1100 1970 1132 deiidemnt,

392 1135 515 1168 eosdem,
537 1136 572 1164 de
585 1137 679 1173 quibus
695 1136 766 1166 dixi,
786 1136 868 1164 libros
881 1134 1035 1165 consulant,
1055 1138 1081 1164 ὅ(
1094 1135 1236 1174 diligenter
1251 1137 1340 1176 legant
1352 1138 1456 1167 suadeo.

432 1175 473 1201 De
493 1175 631 1211 congressu
651 1173 693 1202 vel
713 1175 842 1203 conflietu
860 1173 945 1201 navali
963 1173 1028 1201 nihil
1048 1174 1146 1202 dicam.
1187 1176 1313 1204 Petantur
1331 1187 1427 1205 eorum
1448 1176 1637 1214 descriptiones
1657 1185 1689 1203 ex
1709 1174 1803 1208 Livio,
1825 1175 1974 1208 Plutarcho,

393 1211 502 1249 Polybio,
523 1214 628 1249 Ceſsare,
649 1215 676 1242 ὃ(
694 1211 760 1241 aliis.
801 1214 890 1250 Atque
909 1211 940 1238 de
958 1221 985 1239 re
1004 1211 1091 1239 navali
1110 1212 1245 1241 hastenus.
1280 1217 1343 1253 Jam
1363 1217 1480 1254 reliqua,
1499 1224 1556 1253 quae
1574 1216 1607 1244 ad
1626 1213 1747 1242 milm‘am
1765 1215 1917 1251 pertinent,
1938 1213 1975 1243 se-

392 1255 515 1288 quamur.

1058 1305 1082 1331 C
1108 1314 1125 1332 A
1152 1315 1175 1333 Ρ.
1215 1305 1306 1333 XXI.

847 1367 899 1400 De
923 1365 1185 1413 animadversione
1209 1369 1243 1400 in
1266 1365 1400 1402 deviffos
1425 1366 1526 1415 hostes.

458 1444 581 1473 uomodo
592 1443 656 1472 bella
669 1444 812 1473 indixerint
825 1446 959 1476 Romani,
979 1454 1031 1482 qua
1042 1445 1145 1473 ratione
1151 1446 1250 1482 soedera
1259 1445 1435 1484 percuffirint,
1455 1448 1501 1484 qui
1514 1445 1676 1484 magistratus
1691 1444 1820 1473 militares
1835 1465 1843 1477 ‚
1862 1445 1909 1480 qui
1926 1444 1975 1472 mi-

477 1483 557 1511 litum
570 1483 676 1511 ordines
689 1504 697 1515 ,
717 1493 774 1520 quac
788 1492 884 1511 eorum
896 1491 970 1511 arma
983 1503 992 1514 ‚
1013 1485 1155 1520 quomodo
1168 1485 1236 1511 acies
1249 1485 1380 1512 instruetae
1392 1506 1399 1516 ‚
1420 1485 1498 1512 urbes
1510 1491 1669 1521 oppugnatae
1682 1503 1689 1514 ‚
1711 1485 1737 1510 ὃς
1751 1491 1831 1509 naves
1846 1490 1976 1517 apparata:
2000 1486 2007 1493 ’·

484 1520 583 1549 fuerint
596 1521 722 1549 haetenus
734 1522 866 1549 diximus:
888 1521 978 1552 restat,
999 1529 1027 1547 ut
1041 1523 1124 1548 etiam
1137 1522 1168 1548 de
1181 1521 1394 1559 animadverstone
1407 1521 1434 1549 in
1447 1521 1557 1549 dei-iffios
1566 1520 1656 1562 hostes,
1676 1523 1701 1548 8<
1717 1521 1816 1548 milites
1828 1521 1908 1547 etiam
1924 1521 1977 1547 mi-

395 1566 444 1585 nus
457 1557 578 1586 alacriter
593 1558 669 1586 suum
683 1558 810 1587 facientes
823 1559 960 1590 officium,
980 1559 1014 1586 de
1027 1559 1194 1586 strenuorum
1211 1560 1278 1586 item
1291 1560 1411 1588 militum
1425 1581 1430 1592 ‚
1453 1562 1480 1588 ὅ(
1495 1560 1613 1596 ipsorum
1629 1559 1764 1586 victorum
1778 1558 1893 1594 praemiis
1909 1567 1977 1594 qua:-

395 1596 458 1622 dam
472 1595 622 1625 afferamus.
645 1598 718 1624 Nam
735 1599 760 1625 8:
775 1597 828 1624 haec
840 1598 873 1625 ad
889 1601 1031 1624 Romanam
1045 1596 1167 1624 militiam
1180 1598 1331 1633 pertinent,
1352 1600 1378 1626 ὃ(
1387 1598 1419 1625 ab
1433 1598 1489 1633 ejus
1502 1597 1676 1634 explicatione
1690 1596 1763 1624 nullo
1776 1596 1862 1623 modo
1877 1594 1978 1632 separa-

399 1633 421 1660 ri
435 1634 550 1669 possunt.
578 1636 618 1662 De
630 1634 844 1673 animaduersione
856 1636 936 1672 igitur
949 1634 977 1661 in
987 1636 1094 1661 dewflos
1111 1634 1186 1670 hostes
1198 1635 1249 1663 hoc
1262 1636 1347 1673 capite
1360 1645 1479 1673 agemus.

436 1674 564 1709 Magnam
579 1672 750 1702 clementiam
760 1675 949 1701 Romanorum
963 1673 975 1700 a
988 1673 1109 1700 Romulo
1120 1672 1201 1710 usque
1213 1674 1239 1700 in
1247 1673 1368 1701 devi6tos
1381 1674 1467 1701 hostes
1480 1671 1570 1703 fuiss'e‚
1592 1678 1686 1708 praeter
1700 1671 1764 1699 alios
1779 1668 1906 1709 Dionyfius
1918 1674 1975 1698 Ha-

396 1709 555 1747 hearnaſjeus
570 1711 691 1740 testatur,
711 1721 774 1739 cum
789 1711 859 1739 libro
873 1712 988 1739 secundo
1002 1710 1104 1738 scribit:
1126 1711 1280 1738 Romulum
1295 1713 1402 1749 Regem
1411 1710 1520 1740 vetuisse
1532 1710 1752 1747 puberes-omnes
1765 1709 1880 1740 inbelle,
1892 1710 1977 1746 captis

396 1747 516 1779 urbibus,
536 1748 631 1780 necari,
652 1755 697 1777 aut
708 1748 754 1776 sub
768 1749 837 1778 hasta
849 1748 1005 1782 venundari,
1024 1758 1074 1777 nec
1087 1758 1164 1786 agros
1178 1759 1274 1777 eorum
1288 1750 1402 1787 relinqui
1416 1747 1591 1785 compascuos
1606 1759 1611 1775 z
1631 1747 1675 1776 sed
1688 1749 1715 1775 in
1728 1757 1833 1784 partem
1848 1749 1905 1785 agri
1917 1747 1975 1774 lbr-

397 1792 423 1812 te
438 1786 575 1815 dividendi
588 1787 700 1815 colonos
712 1789 853 1816 Romanos
867 1788 940 1816 mitti
951 1787 1070 1819 voluiffe,
1093 1787 1234 1815 nonnullos
1248 1797 1313 1815 vero
1325 1788 1456 1816 admifili‘e
1472 1788 1498 1815 in
1511 1787 1554 1822 jus
1562 1787 1677 1814 civitatis
1690 1787 1782 1813 etiam.
1803 1789 1868 1813 Hcec
1880 1783 1976 1822 Diony-

387 1822 454 1858 stus.
476 1826 556 1862 Qod
571 1834 662 1854 tamen
677 1835 731 1853 non
746 1826 851 1862 semper
862 1829 887 1854 ἃ
902 1825 999 1862 ubique
1016 1826 1051 1852 est
1066 1825 1246 1853 observatum.
1267 1827 1395 1863 Legimus
1408 1825 1480 1853 enim
1497 1825 1523 1851 in
1539 1824 1611 1850 Lavio
1625 1826 1652 1852 ὃς
1666 1823 1721 1851 aliis
1733 1823 1868 1858 plurimis,
1888 1822 1976 1850 hostes

399 1861 518 1890 devicitos
531 1873 586 1891 non
599 1872 703 1892 rantum
717 1872 791 1900 parte
804 1865 860 1901 agri
873 1872 1064 1900 nonnunquam
1080 1862 1223 1891 mulctatos
1237 1883 1244 1894 ,
1265 1870 1310 1891 aut
1326 1864 1444 1891 colonias
1463 1872 1497 1890 eo
1518 1861 1644 1890 deductas
1658 1872 1663 1888 :
1685 1870 1779 1888 verum
1794 1861 1876 1889 ctiam
1896 1860 1975 1889 urbes

397 1898 449 1927 five
463 1903 560 1938 oppida
573 1912 666 1929 eorum
680 1903 796 1938 direpta,
816 1910 860 1930 aut
871 1903 935 1938 juris
951 1902 1068 1929 Romani
1083 1901 1164 1933 faita,
1184 1902 1321 1930 interdum
1336 1910 1386 1938 pro
1399 1901 1446 1929 suo
1460 1902 1487 1928 in
1502 1900 1596 1927 urbem
1613 1901 1734 1926 Romam
1751 1899 1863 1930 merito,
1885 1899 1976 1935 aliquo

398 1938 501 1967 rursum
515 1940 575 1976 jure
588 1941 686 1969 donata
699 1940 762 1971 cile3
783 1941 853 1968 unde
866 1941 920 1968 haec
934 1940 1028 1968 divilio
1041 1940 1181 1967 civitatum
1195 1939 1276 1967 Italiae
1288 1940 1456 1977 potiffimum
1472 1940 1575 1969 extitit,
1593 1945 1622 1966 ut
1635 1938 1690 1965 aliae
1703 1936 1785 1964 essent
1798 1936 1904 1970 colonia,
1924 1936 1974 1965 alia

400 1978 546 2012 mumcipm,
566 1979 621 2006 alix
628 1978 776 2015 presterum
787 2000 794 2010 ,
815 1979 863 2008 alia
871 1979 930 2015 som
940 1998 949 2010 ,
970 1978 1025 2005 aliae
1034 1978 1163 2014 soederata
1174 1977 1293 2005 civitates
1305 1999 1312 2009 ,
1333 1979 1366 2006 de
1378 1978 1471 2016 quibus
1485 1998 1494 2010 ,
1514 1976 1586 2015 quod
1598 1976 1641 2013 jus
1654 1975 1816 2013 lingularum
1828 1975 1923 2008 fuerit,
1945 1977 1975 2004 δε

401 2017 540 2050 quomodo
554 2017 622 2044 inter
639 2017 664 2044 se
677 2017 819 2048 distinctae,
838 2019 925 2054 capite
938 2015 1062 2053 proxime
1075 2015 1193 2053 sequenti
1205 2016 1335 2045 dicemus.

438 2053 548 2089 Integrae
568 2056 688 2091 regiones
708 2056 818 2083 devidbe
837 2056 864 2082 in
884 2053 1014 2090 provincia
1032 2054 1146 2090 sormam
1165 2054 1353 2092 redigebantur
1366 2076 1373 2087 ‚
1400 2057 1428 2084 ὅτ,
1447 2054 1460 2082 ὲ
1479 2053 1580 2091 populo
1600 2053 1730 2080 Romano
1743 2073 1750 2083 ‚
1776 2052 1859 2080 miffis
1883 2052 1910 2079 in
1931 2060 1974 2080 eas

393 2089 532 2127 prafidxbus
550 2093 769 2128 gubernabantur.
809 2095 891 2130 Qod
911 2094 928 2121 fi
948 2093 994 2129 ipli
1014 2093 1099 2120 hostes
1120 2094 1222 2121 traditis
1240 2093 1320 2121 armis
1343 2093 1511 2120 deditionem
1532 2091 1649 2119 facerent
1662 2111 1670 2122 ,
1698 2090 1744 2117 sub
1763 2090 1858 2128 jugum
1879 2091 1974 2118 mitte-

399 2128 493 2157 bantur
505 2149 511 2159 ,
535 2130 568 2156 de
588 2139 641 2166 quo
661 2141 736 2158 more
756 2131 885 2170 Dionyfius
903 2132 971 2159 libro
991 2132 1072 2159 tertio
1091 2132 1127 2159 ita
1145 2131 1253 2159 scribit:
1275 2132 1311 2159 est
1333 2133 1466 2159 Romanis
1485 2139 1559 2161 mos,
1580 2130 1684 2167 quoties
1703 2128 1790 2156 hostes
1812 2129 1913 2156 traditis
1932 2137 1976 2155 ar-

400 2168 453 2194 mis
472 2167 637 2194 deditionem
658 2168 770 2199 faciunt,
791 2170 846 2197 duo
865 2171 939 2207 tigna
959 2170 1030 2197 reita
1050 2169 1127 2196 humi
1145 2169 1274 2207 defigere,
1299 2169 1391 2207 hiique
1410 2169 1522 2197 tertium
1541 2166 1719 2196 transversum
1739 2166 1973 2203 superimponere,

400 2207 427 2233 &
446 2204 492 2232 sub
511 2213 543 2231 eo
565 2207 682 2240 captivos
702 2206 895 2240 transmittere,
916 2217 1035 2245 moxque
1056 2208 1194 2237 dimittere
1212 2208 1318 2238 liberos.
1356 2210 1418 2236 Hoc
1437 2207 1483 2244 ipfi
1495 2210 1588 2244 jugum
1607 2214 1713 2234 vocant.
1752 2203 1853 2240 Festus.-
1870 2207 1974 2242 Jugum

398 2242 445 2270 sub
458 2251 512 2280 quo
526 2243 588 2269 Viffi
602 2244 756 2279 tranfibant,
775 2245 826 2273 hoc
841 2247 926 2275 modo
941 2246 1031 2275 fiebat:
1055 2246 1111 2274 fixis
1130 2247 1229 2275 duabus
1248 2246 1324 2274 hastis
1344 2246 1420 2283 super
1439 2256 1482 2274 eas
1502 2246 1632 2283 ligabatur
1652 2245 1730 2272 tertia
1745 2264 1751 2274 ‚
1772 2243 1818 2271 sub
1838 2244 1868 2270 iis
1888 2242 1972 2270 vistos

397 2280 539 2309 discinssos
559 2281 666 2308 tranlire
685 2283 824 2320 cogebant.
864 2286 897 2313 Et
916 2286 991 2322 post:
1011 2283 1062 2312 Sub
1073 2286 1166 2321 jugum
1186 2284 1257 2313 mitti
1273 2284 1392 2312 dicuntur
1410 2283 1485 2323 hostes
1504 2283 1568 2312 meh*
1583 2304 1589 2314 .
1615 2283 1712 2320 ereptis
1731 2282 1858 2310 omnibus
1874 2280 1955 2307 armis
1962 2299 1973 2312 ,

398 2318 523 2386 ffijsque,
544 2328 607 2346 cum
620 2319 698 2385 hastis
711 2322 804 2351 defixis
818 2323 916 2351 duabus
931 2324 958 2352 in
970 2330 1040 2353 terra
1052 2343 1061 2357 ‚
1081 2325 1212 2364 tertiaque
1228 2325 1261 2354 ad
1274 2323 1415 2353 summum
1430 2332 1522 2353 earum
1534 2322 1648 2361 deligata
1661 2342 1669 2355 ‚
1689 2320 1738 2359 ipsi
1755 2329 1815 2349 eam
1829 2318 1957 2358 jubentur
1963 2337 1973 2363 ².

446 2365 549 2391 euntes,
570 2365 627 2387 tran
639 2367 687 2389 ire.

1918 2394 1976 2433 Qi
