2075 2734
401 125 466 154 ⁷686
682 118 1546 153 ·.A·N†1Qv1·rA·rumROMANARUM
1586 117 1735 148 Limlx.

413 177 496 205 etiam
512 176 539 204 in
554 176 657 204 Catone
672 173 776 209 majore
791 172 880 202 scribit
892 192 899 204 ‚
920 171 1008 210 legem
1025 171 1112 204 fuisse,
1133 180 1161 201 ut
1174 181 1233 200 reus
1245 171 1389 202 accusatori
1404 172 1477 200 daret
1487 171 1624 200 custodem
1640 172 1671 201 ad
1686 172 1877 204 observandam
1893 179 1996 208 accusa)

413 215 519 244 tionem
533 214 599 249 ejus,
618 216 724 240 Tamen
741 221 802 240 cum
817 211 900 239 Cicero
914 211 1017 239 dixiffet
1032 211 1064 239 de
1076 210 1185 239 Caecilio
1200 231 1207 243 ,
1229 211 1366 239 custodem
1381 210 1472 239 Tullio
1487 220 1532 238 me
1547 212 1690 248 apponite:
1711 211 1826 248 Aftonius
1838 214 1997 253 interpret:-

414 259 456 280 tus
470 252 521 284 est,
541 251 711 280 accusationis
725 249 940 287 subscriptorem.

1057 321 1206 353 Nominis
1230 318 1351 354 delatio.

456 388 508 415 Die
523 386 678 417 constituta,
698 391 829 413 venerunt
847 385 875 413 in
894 385 936 420 jus
951 384 1078 418 acczfittor
1092 386 1118 412 ὃ(
1140 384 1161 410 is
1175 404 1182 414 ‚
1204 384 1245 411 cui
1263 383 1394 413 accusatio
1407 384 1545 422 parabatur
1560 405 1567 416 ‚
1587 393 1618 413 ac
1630 383 1759 422 praesente
1771 389 1885 421 praetore
1898 385 1994 416 delatio

413 425 530 453 nominis
547 424 614 450 satsta
631 424 675 451 est.
696 425 818 451 Primum
833 423 1065 457 autem,rrcc14(iitot‘
1072 421 1232 449 calumniam
1246 421 1465 457 juravit,deinde
1478 432 1579 450 nomen
1592 423 1698 452 detulit.
1716 420 1818 459 Jumre
1832 423 1996 457 calumniam,

413 463 465 490 fuit
478 462 584 489 solenne
599 462 784 497 jusjurandum
802 463 957 498 concipere,
979 461 1002 488 se
1014 470 1068 488 non
1082 460 1260 488 calumniandi
1276 460 1349 488 causa
1364 471 1466 489 nomen
1479 461 1627 490 delaturum
1643 461 1703 489 esse.
1724 460 1812 488 Livius
1827 460 1925 498 lib.44.
1946 467 1997 490 Cae-
2041 458 2045 461 V

411 500 462 528 lius
475 501 508 528 :id
522 501 699 531 Ciceronem,
720 500 766 529 lib.
782 503 808 530 8.
820 500 989 536 epistolarum
1006 499 1037 526 ad
1054 498 1205 526 familiareis
1217 519 1224 529 ‚
1247 501 1273 526 ὃς
1291 498 1411 533 Asconius
1428 500 1454 527 in
1470 500 1667 527 Cornelianam.
1704 501 1766 527 Hoc
1780 500 1808 526 in
1822 500 1872 537 lege
1887 500 1998 529 Servilia

412 540 534 575 dejurare
545 537 706 566 calumniam
721 539 826 566 dicitur.
848 539 984 575 Qoniam
999 544 1090 564 autem
1106 537 1177 564 idern
1195 537 1231 564 est
1244 536 1336 564 delatio
1350 537 1457 565 nominis
1474 539 1500 565 in
1513 537 1615 574 judicio
1626 535 1748 574 publico,
1771 539 1841 575 quod
1857 539 1883 565 in
1891 539 1997 574 privato

414 577 523 605 intentio
536 576 605 608 litis,
626 576 768 604 veriiimile
782 578 818 604 est
833 597 840 607 ,
861 575 966 603 easdem
985 575 1111 602 brwulas
1126 575 1264 602 astionum
1281 596 1287 605 ‚
1308 577 1395 612 quoad
1411 584 1451 603 res
1464 577 1533 612 pasta
1546 576 1583 603 est
1598 596 1605 607 ,
1626 574 1783 604 observatas.
1825 577 1935 614 Nempe
1950 577 1996 614 qui

414 616 603 643 vadimonium
616 614 775 651 promiserat
790 615 868 642 dixit:
890 619 947 640 Ecce
961 624 1016 645 me,
1028 611 1087 651 fsto
1098 624 1153 642 me,
1174 613 1208 647 ὁ,
1222 611 1314 651 rufiste
1328 622 1352 640 te
1362 635 1370 648 ,
1389 613 1455 654 quid
1465 616 1516 641 ais.-
1539 615 1590 641 Cui
1603 612 1737 642 accusator
1753 613 1902 650 respondit:
1924 617 1995 650 Ajo,

413 661 439 680 re
448 652 554 691 peccaffi,³
565 661 649 680 contra
663 653 741 691 legem
754 654 828 680 hanc.
851 652 893 679 vel
903 653 983 680 illam.
1024 655 1085 679 Hoc
1098 652 1185 679 innuit
1199 650 1290 678 Limus
1302 651 1383 688 lib.4.
1403 654 1421 680 F
1424 653 1530 680 ormula
1542 662 1606 680 vero
1620 652 1777 679 intentionis
1788 653 1882 680 eadem
1897 652 1953 681 fere
1967 654 1996 682 in

413 692 540 719 omnibus
554 691 711 719 criminibus
732 691 790 719 fuit.
831 692 862 719 In
879 691 992 718 crimine
1006 698 1078 717 certe
1095 690 1302 726 repetundarum
1318 690 1374 718 talis
1390 690 1440 719 fuit
1455 702 1462 719 z
1488 692 1535 725 Ajo
1548 710 1556 721 ‚
1574 699 1600 717 te
1619 688 1647 717 in
1657 689 1887 727 praruraspoliuffe
1902 690 1998 718 Siculos·

413 738 497 757 contra
512 730 590 768 legem
604 729 746 758 Cornelmm
759 751 766 761 ,
787 738 866 768 atque
880 738 905 755 eo
921 728 1020 755 nomine
1033 726 1178 765 Jtstertizim
1198 727 1287 755 milltes
1304 727 1320 755 A
1337 738 1362 755 te
1382 738 1470 764 repeto.
1511 730 1608 756 Cicero
1622 728 1650 755 in
1664 730 1789 756 Verrem.
1828 728 1860 755 In
1874 729 1996 764 peculatu

414 770 466 797 ita:
488 772 515 795 A
511 771 540 803 jo
549 790 554 800 ‚
575 777 600 795 te
612 767 745 802 pecuniam
753 768 893 802 publicam,
914 776 969 793 cam
982 765 1080 805 quaestor
1092 765 1162 803 effes,
1182 765 1311 804 στενή-[ε.
1332 766 1374 800 Θ
1381 767 1461 804 fhfflrs
1477 768 1516 795 ad
1525 765 1643 794 ararium
1658 765 1768 793 rationes
1779 764 1901 803 relulisse,
1921 775 1999 805 atque

413 817 440 833 eo
458 809 556 834 nomine
568 806 713 845 ftstertidm
735 805 891 845 quingenties
910 804 930 831 ὰ
951 813 976 831 te
995 813 1082 838 repeto.
1124 806 1155 831 In
1169 805 1272 832 ambitu
1285 806 1321 833 ita
1336 816 1340 831 z
1363 808 1422 840 fy‘o,
1442 815 1468 832 te
1486 806 1514 833 in
1528 805 1635 840 petendo
1654 803 1792 839 Confidam
1803 803 1938 838 pecuniam
1955 805 2000 832 de.

413 843 475 882 disse
493 844 620 875 tribubus,
635 843 760 878 prandia,
780 845 857 871 locum
871 842 1056 880 gladtatortbus
1074 850 1158 869 contra
1178 842 1263 879 legen?
1278 841 1403 874 Tulliam,
1423 852 1500 883 atque
1514 853 1616 878 poenam
1631 863 1637 873 ‚
1657 851 1714 880 qu!
1732 841 1784 880 lege
1802 840 1957 876 continetur,
1976 841 1998 870 >a

412 891 438 910 te
458 891 546 917 repeto.
588 883 669 920 Qod
690 882 708 910 fi
728 882 772 910 ille
791 889 834 909 aut
855 881 984 910 tacuisset,
1005 888 1049 909 aut
1069 879 1197 908 confessus
1216 881 1295 913 estet,
1317 888 1374 908 tum
1397 882 1423 909 in
1445 882 1653 919 repetundarum
1674 881 1788 908 crimine
1806 881 1837 908 lis
1856 880 2002 909 aestimaba-

412 928 471 952 tur,
493 928 522 948 ut
543 920 631 951 vieto,
651 927 696 948 aut
716 929 795 956 poena
815 919 999 956 repetebatur:
1019 918 1038 945 fi
1059 918 1188 946 inficiatus
1208 918 1270 946 effet
1283 939 1290 949 ,
1311 919 1506 955 postulabatur,
1530 927 1559 948 ut
1578 927 1680 946 nomen
1701 919 1770 946 inter
1789 928 1848 946 reos
1869 920 2000 955 recipere-

413 966 458 987 tur
473 979 480 989 ,
507 968 536 985 ac
556 959 654 986 delatio
674 959 791 985 nominis
812 956 971 984 scribebatur
985 977 992 987 ‚
1019 958 1045 984 &
1065 964 1172 992 tempus
1192 956 1343 993 inquirendi
1362 957 1548 993 postulabatur.
1589 957 1644 994 Qi
1664 965 1729 984 vero
1748 956 1800 984 hoc
1820 956 1948 989 faciebat,
1978 958 1999 985 is

414 996 564 1028 dicebatur,
585 1007 656 1024 reum
685 1006 768 1028 acere,
790 998 816 1024 δε
835 994 927 1032 legtbm
945 994 1106 1030 interrogare.
1149 995 1238 1028 Aſson.
1256 994 1308 1021 Cic.
1329 1003 1378 1030 pro
1394 996 1489 1023 Domo
1504 1016 1510 1026 ,
1530 994 1631 1031 Sallust.
1646 996 1672 1023 δε
1685 993 1826 1022 Lwimlib.
1834 1004 1880 1029 45.
1902 997 1940 1022 Ut
1955 1004 2000 1022 au-

412 1042 471 1063 tem
491 1036 518 1061 in
538 1034 641 1069 judicio
659 1035 765 1070 privato
786 1041 891 1069 pcteie,
913 1034 938 1059 ἃ
961 1039 1080 1068 repetere
1099 1033 1241 1067 pecuniam
1262 1032 1399 1059 dicebatur
1418 1033 1512 1060 aeter:
1531 1032 1565 1059 sic
1585 1033 1610 1059 in
1631 1031 1739 1069 publico
1753 1053 1760 1063 ‚
1781 1040 1872 1069 petere
1886 1051 1894 1060 ,
1916 1034 1942 1061 ὃ(
1961 1043 2000 1059 re-

407 1082 493 1108 petere
511 1071 635 1099 malasiam
651 1093 659 1105 ,
680 1074 706 1100 ἃ
725 1081 834 1107 poenam
855 1069 998 1098 accusator.
1039 1071 1088 1096 Cic.
1108 1070 1210 1106 aliquot
1230 1069 1302 1097 locis.
1342 1071 1408 1097 lude
1429 1071 1505 1099 fluxit
1520 1090 1526 1100 ‚
1555 1079 1583 1096 ut
1603 1078 1711 1103 repetere
1725 1079 1808 1104 paenas
1827 1071 1859 1098 ab
1880 1070 1998 1099 inimicis
2018 1090 2021 1092 -

413 1112 548 1141 dicamus,
569 1120 632 1137 cum
653 1119 698 1137 eos
717 1109 883 1139 ulciscimur,
905 1107 1075 1141 transsatione
1096 1106 1110 1134 ἐ
1128 1108 1230 1143 judicio
1250 1108 1376 1135 derivata.
1416 1108 1469 1135 Ubi
1490 1116 1555 1134 vero
1576 1117 1643 1135 voce
1661 1116 1701 1134 res
1721 1109 1826 1143 peraCta
1844 1116 1916 1139 erat,
1937 1117 1998 1137 tum

413 1159 479 1177 vero
493 1150 524 1176 ad
540 1147 666 1184 scriptum
683 1147 852 1177 veniebatur,
877 1155 907 1173 ac
923 1146 1026 1173 crimen
1042 1146 1113 1182 quod
1128 1144 1304 1180 objiciebatur
1317 1166 1324 1177 ‚
1344 1144 1434 1173 libello
1449 1145 1624 1182 subscriptum
1637 1145 1843 1182 relinquebatur.
1880 1145 2000 1181 Ulpianus

415 1187 443 1215 ff.
459 1188 492 1215 de
506 1185 723 1217 Accuffitoribus,
743 1187 809 1214 item
826 1184 935 1216 Paulus,
956 1182 1070 1218 Afionius
1082 1184 1110 1210 in
1126 1183 1316 1215 Milonianam,
1340 1186 1367 1212 ὅ(
1381 1183 1463 1210 Cicero
1476 1193 1526 1221 pro
1539 1183 1676 1212 Cluentio.
1701 1184 1741 1211 Ex
1755 1184 1849 1221 quibus
1863 1185 1944 1212 etiam
1959 1186 2000 1214 in·
2026 1204 2030 1208 -

413 1225 556 1263 telligitur‚
577 1223 757 1252 accusatorem
772 1226 798 1252 ὃ(
813 1232 880 1250 voce
893 1224 920 1250 &
933 1221 1023 1249 libello
1043 1222 1136 1249 onmia
1151 1223 1177 1250 St
1190 1221 1305 1258 lingula,
1325 1221 1420 1258 quibus
1436 1231 1495 1250 reus
1509 1221 1598 1260 legem
1612 1222 1684 1250 illam
1700 1242 1707 1252 ,
1728 1230 1808 1259 quam
1822 1222 2000 1255 nominasset,

413 1263 583 1301 transgressus
597 1262 659 1289 effet
673 1282 679 1292 ‚
700 1262 752 1289 effe
766 1260 941 1297 complexum
954 1281 961 1291 ,
980 1267 1010 1287 ut
1027 1261 1055 1287 in
1069 1260 1187 1296 pecuniis
1201 1261 1368 1295 repetundis,
1388 1259 1514 1288 abstuliss'e
1528 1280 1534 1290 ‚
1555 1261 1645 1297 inique
1656 1260 1783 1295 judicaffe
1796 1279 1803 1289 .
1823 1260 1949 1298 supplicia
1965 1262 1999 1290 de

413 1302 515 1329 civibus
529 1300 660 1327 Romanis
672 1299 823 1336 sumpsisse,
843 1298 960 1329 miralia,
982 1307 1038 1335 qute
1053 1297 1078 1325 se
1091 1297 1205 1334 probare
1218 1298 1342 1326 adversus
1355 1298 1430 1326 illum
1442 1298 1515 1334 poss'e
1530 1299 1686 1326 confideret.

453 1340 508 1367 Ubi
523 1348 587 1366 vero
599 1346 701 1364 nornen
715 1338 771 1373 ejus
786 1338 838 1365 hoc
853 1337 939 1364 modo
953 1336 1096 1369 detulerat,
1117 1335 1275 1373 postulabat,
1298 1345 1326 1365 ut
1341 1338 1515 1373 reciperetur,
1537 1337 1564 1364 id
1578 1337 1614 1364 est
1629 1357 1637 1368 ‚
1659 1345 1688 1364 ut
1702 1337 1729 1363 in
1743 1336 1842 1365 tabulas
1855 1337 1925 1366 inter
1939 1346 1999 1367 reos

414 1378 566 1405 referretur.
588 1380 681 1402 Prator
693 1377 767 1403 enim
783 1375 836 1404 hoc
849 1375 891 1410 jus
906 1374 1018 1402 habebat
1028 1395 1034 1404 ‚
1053 1382 1081 1403 ut
1095 1383 1196 1408 recipere
1211 1395 1218 1406 ,
1240 1375 1266 1402 ἃ
1280 1385 1328 1401 non
1339 1375 1442 1409 recipere
1455 1375 1556 1411 postet,
1577 1375 1684 1403 testibus
1699 1378 1789 1401 Seneca
1803 1376 1830 1403 in
1851 1376 1929 1404 Ludo
1942 1396 1949 1407 ,
1970 1378 1998 1405 ὃς

414 1415 485 1443 Calio
499 1416 530 1443 ad
546 1415 718 1441 Ciceronem.
757 1415 838 1441 Erant
854 1420 945 1440 autem
960 1413 1072 1440 crimina
1087 1413 1208 1451 quaedam
1223 1433 1230 1444 ‚
1257 1421 1315 1449 quae
1331 1422 1442 1450 propter
1456 1415 1628 1442 atrocitatem
1649 1422 1679 1440 ac
1694 1414 1908 1450 magnitudinem
1924 1414 1998 1442 suam

414 1462 489 1482 extra
502 1453 626 1480 ordinem
643 1451 854 1488 accipiebantur,
874 1457 904 1478 ut
917 1451 1065 1486 parricidii,
1089 1457 1115 1480 δί
1129 1452 1162 1478 de
1174 1451 1207 1478 vi.
1228 1449 1312 1477 cicero
1324 1452 1353 1479 in
1365 1450 1532 1485 Rhetoricis,
1553 1454 1578 1480 Sc
1589 1461 1641 1487 pro
1654 1451 1751 1483 Caelio,
1772 1452 1859 1478 Caeltus
1872 1452 1903 1480 ad
1921 1454 1999 1482 Cice-

413 1500 521 1520 ronem.
1008 1508 1010 1510 »
1276 1502 1281 1503 ⁷

456 1531 579 1563 Recepto
593 1533 684 1554 autem
700 1526 741 1554 vel
755 1527 848 1554 ordine
861 1546 870 1557 ,
890 1524 932 1552 vel
946 1532 1021 1553 extra
1035 1526 1158 1553 ordinem
1174 1526 1212 1553 rei
1225 1526 1338 1553 nomine
1354 1546 1362 1557 ,
1383 1534 1472 1560 prator
1485 1533 1586 1554 certam
1607 1526 1682 1553 diem
1702 1535 1752 1562 qua
1765 1527 1888 1562 accufirtor
1901 1530 1927 1557 &
1941 1539 1998 1555 reus

416 1568 449 1596 ad
463 1566 594 1603 judicium
609 1565 740 1596 adessent,
761 1562 944 1591 constituebat.
984 1564 1008 1589 Is
1021 1564 1075 1590 dies
1090 1566 1116 1591 in
1131 1565 1185 1592 aliis
1200 1564 1300 1601 legibus
1315 1565 1435 1592 decimus
1451 1585 1458 1596 ‚
1475 1565 1502 1592 in
1515 1564 1570 1592 aliis
1584 1564 1731 1592 tricefimus
1746 1563 1803 1592 fuit.
1841 1565 1956 1599 Aftom'us
1970 1568 1998 1595 in

417 1605 617 1634 Corndianam,
642 1601 727 1629 Cicero
741 1604 767 1630 in
784 1602 933 1629 Vatinium.
956 1601 986 1628 In
1001 1602 1114 1629 crimine
1129 1611 1218 1630 autem
1235 1603 1440 1637 repetundarum
1455 1602 1590 1630 accusator
1610 1603 1682 1629 diem
1697 1601 1848 1638 longiorem
1865 1603 1896 1630 ad
1912 1604 1999 1641 inqui-

417 1644 531 1672 rendum
546 1639 684 1677 poposcit,
704 1648 732 1668 ut
748 1639 833 1667 Cicero
844 1640 870 1666 in
885 1638 958 1666 causa
971 1641 1083 1666 Verrina
1098 1648 1206 1668 centum
1222 1643 1247 1668 ἃ
1261 1642 1355 1668 decem
1366 1661 1372 1672 ,
1394 1641 1457 1667 teste
1471 1642 1585 1675 Astonro.
1625 1640 1672 1667 His
1685 1640 1761 1667 rebus
1774 1640 1838 1668 affis
1849 1661 1858 1672 ‚
1879 1650 1939 1669 reus
1954 1652 1999 1669 ve-

416 1683 484 1710 stem
499 1680 614 1708 mutavit
627 1699 636 1710 ,
657 1681 683 1707 &
699 1686 825 1714 patronos
840 1677 1008 1714 conquisivit.
1048 1678 1088 1704 De
1104 1679 1174 1705 veste
1189 1678 1244 1706 haec
1259 1679 1326 1706 ratio
1339 1678 1396 1707 fuit.
1437 1682 1515 1716 Toga
1529 1678 1586 1706 alba
1600 1678 1730 1714 deposita,
1753 1686 1838 1706 atram
1851 1680 1951 1711 induit,
1971 1683 1998 1709 Sc

416 1720 525 1749 barbam
535 1739 543 1750 ‚
564 1716 742 1753 capillumque
757 1715 892 1752 promilit,
913 1714 1125 1752 squalloremque
1140 1717 1282 1744 contraxit.
1302 1717 1369 1751 Quae
1384 1726 1448 1744 vcro
1464 1717 1544 1755 Agell.
1557 1716 1602 1744 lib.
1613 1727 1637 1753 3.
1651 1717 1684 1744 de
1698 1716 1768 1752 Scip.
1781 1718 1872 1746 AEmil.
1894 1717 1999 1745 Plutar-

416 1760 473 1786 chus
488 1759 522 1786 de
534 1758 628 1784 Macro
642 1775 648 1786 ‚
670 1757 696 1783 &
714 1753 824 1782 Valerius
838 1753 882 1780 lib.
896 1756 923 1781 6.
937 1754 970 1780 de
987 1754 1090 1782 Rutilio
1103 1763 1210 1782 narrant
1223 1776 1230 1786 ,
1249 1755 1322 1791 quod
1335 1764 1384 1782 nec
1396 1756 1496 1782 vestem
1511 1755 1640 1783 mutarint
1653 1774 1661 1784 .
1680 1763 1730 1782 nec
1745 1754 1854 1782 barbam
1868 1755 2000 1792 promise-

417 1798 483 1827 rint,
504 1793 640 1832 fingularia
656 1792 772 1823 fuerunt.
811 1793 852 1819 De
865 1792 983 1829 patronis
996 1791 1050 1819 haec
1065 1793 1225 1828 accepimus.
1266 1793 1362 1820 Scribit
1377 1792 1494 1827 Aftonius
1514 1801 1575 1821 ante
1597 1792 1695 1819 bellum
1711 1792 1790 1819 civile
1808 1795 1916 1821 Caelaris
1935 1803 1997 1822 raro

417 1842 569 1874 quenquam
583 1830 701 1868 pluribus
715 1851 721 1860 ,
742 1840 821 1868 quam
839 1837 951 1867 quatuor
964 1831 1081 1866 patronis
1093 1831 1145 1857 esse
1160 1830 1235 1858 usum
1249 1851 1258 1862 ‚
1287 1831 1344 1866 post
1358 1830 1426 1858 bella
1445 1840 1509 1858 vero
1524 1829 1609 1857 civilia
1621 1838 1684 1857 ante
1697 1829 1784 1866 legem
1801 1831 1900 1868 Juliam
1916 1831 1998 1869 usque

417 1875 449 1902 ad
464 1872 602 1902 duodenos
616 1877 742 1906 patronos
757 1870 807 1897 effe
820 1876 990 1905 perventum.
1030 1868 1106 1896 Idem
1119 1867 1291 1896 defensorum
1307 1876 1420 1905 quatuor
1437 1877 1534 1906 genera
1546 1867 1609 1896 facit
1623 1887 1632 1898 ‚
1651 1877 1768 1904 quorum
1783 1877 1921 1903 patronum
1934 1879 1998 1899 eum

418 1918 511 1942 vocat,
531 1909 576 1946 qui
591 1914 681 1935 orator
695 1908 774 1939 esset,
797 1910 822 1936 ἓ(
836 1915 902 1934 voce
914 1905 1016 1934 causam
1033 1907 1163 1935 orandam
1178 1906 1316 1943 susciperet
1332 1928 1338 1939 ‚
1360 1909 1386 1935 ὅς
1401 1906 1454 1934 sese
1466 1906 1610 1934 accusatori
1623 1914 1781 1943 opponeret.
1819 1908 1851 1935 In
1860 1907 1899 1935 his
1912 1910 1997 1937 etiam

419 1950 522 1988 judiciis
535 1956 591 1976 non
604 1945 702 1974 licuiffe
717 1946 839 1975 tribunos
851 1944 934 1982 plebis
945 1943 1087 1980 appellare,
1107 1945 1235 1983 fignificat
1249 1943 1334 1972 cicero
1347 1946 1373 1973 in
1385 1946 1535 1973 Vatinium.

949 2016 999 2049 De
1012 2015 1135 2050 citando
1157 2015 1324 2061 accusatore
1341 2022 1388 2050 (φ’
1408 2028 1466 2049 reo.

461 2080 596 2114 Qoniam
611 2085 700 2107 autem
715 2078 780 2115 saepe
794 2079 907 2110 accidit,
926 2078 1117 2114 utperficiendi
1129 2078 1222 2114 judicii
1236 2077 1309 2106 causa
1322 2088 1379 2105 accu
1389 2086 1458 2107 ator,
1480 2080 1506 2106 &
1519 2087 1575 2105 reus
1587 2078 1707 2106 citandus
1722 2077 1817 2112 fiderit,
1837 2077 1888 2107 hoc
1902 2086 1997 2108 notan-

422 2118 488 2146 dum
503 2117 546 2144 est.
567 2118 680 2152 Quoties
695 2118 750 2145 dies
764 2118 906 2146 constituta
918 2117 994 2144 alicui
1009 2117 1108 2144 actioni
1123 2120 1136 2142 a
1146 2124 1258 2152 praetore
1271 2116 1417 2150 acceffit‚fi
1423 2124 1513 2150 prator
1523 2117 1608 2144 adeffe
1621 2126 1674 2144 non
1687 2117 1791 2154 potuit,
1810 2126 1869 2145 rem
1880 2118 1907 2145 in
1915 2117 1998 2146 alium

422 2155 495 2183 diem
510 2153 648 2182 differendi
660 2155 702 2191 jus
714 2155 814 2183 habuit.
835 2155 964 2190 Afionius:
987 2155 1014 2182 Si
1026 2154 1115 2185 afluit,
1133 2163 1190 2180 acca
1201 2157 1316 2182 atores&
1328 2165 1413 2186 reum,
1435 2156 1587 2188 &patronos
1601 2156 1676 2182 citari
1690 2164 1737 2191 per
1749 2163 1901 2191 praeconem
1915 2156 1997 2192 juffit.

422 2195 497 2220 Tum
512 2201 576 2218 vero
590 2211 598 2224 ‚
619 2192 636 2218 st
650 2193 813 2221 accusatores
825 2204 880 2221 non
894 2194 1027 2222 affuerunt
1040 2213 1047 2227 ,
1068 2202 1169 2220 nomen
1190 2193 1228 2220 rei
1244 2202 1276 2220 ex
1290 2193 1341 2220 reis
1357 2200 1515 2229 exemptum
1532 2194 1567 2221 est
1580 2204 1585 2220 :
1607 2193 1626 2221 fi
1644 2202 1701 2221 reus
1721 2203 1776 2221 non
1790 2194 1895 2223 acceffit
1907 2194 1998 2222 absens

424 2231 565 2258 damnatus
579 2229 622 2255 est.
662 2232 775 2264 Astomus
788 2233 883 2260 eodem
899 2233 926 2260 in
942 2232 1021 2264 loco,
1041 2234 1067 2260 &
1081 2233 1108 2259 in
1123 2230 1311 2262 Milonianam,
1334 2234 1360 2259 ὅ(
1375 2230 1458 2258 cicero
1471 2232 1498 2259 in
1510 2235 1634 2259 Verrem.
1664 2232 1753 2260 Etiam
1767 2231 1810 2260 illa
1822 2232 1895 2260 caula
1907 2233 1998 2269 cogni-

425 2269 506 2297 tionis
520 2266 671 2294 differendae
687 2268 748 2298 fuit,
770 2270 787 2296 sl
801 2271 1022 2299 extraordinarius
1036 2270 1128 2308 aliquis
1141 2279 1199 2297 reus
1213 2270 1275 2298 ess‘et
1287 2269 1388 2297 delatus
1402 2291 1408 2301 ‚
1429 2270 1464 2298 de
1477 2279 1528 2307 qua
1540 2271 1619 2307 paulo
1633 2278 1694 2298 ante
1707 2271 1833 2298 diximus.
1872 2271 1940 2298 Item
1950 2290 1957 2300 ‚
1976 2268 1994 2296 fi

423 2316 475 2343 qua
488 2304 561 2333 causa
574 2314 635 2332 cum
651 2314 679 2331 ea
690 2325 696 2337 ‚
719 2315 775 2342 quae
788 2309 928 2343 agebatur,
949 2309 1105 2344 conjunstm
1125 2308 1152 2335 in
1167 2308 1298 2344 judicium
1311 2308 1374 2336 esset
1387 2308 1508 2336 adducta.
1542 2311 1615 2336 Nam
1630 2316 1742 2345 propter
1754 2308 1972 2345 conjunctionem
1986 2327 1994 2338 ‚

423 2347 449 2373 δε
460 2343 529 2381 quasi
541 2342 697 2370 affinitatem
708 2363 714 2373 ,
735 2353 793 2370 eam
804 2354 865 2373 ante
878 2348 1022 2374 ordinarias
1035 2346 1125 2382 peragi
1140 2346 1294 2378 voluerunt,
1314 2354 1342 2374 ut
1353 2351 1437 2373 Crcero
1448 2357 1497 2384 pro
1505 2346 1642 2375 Cluentio:
1664 2346 1813 2376 Fabricium
1823 2347 1909 2374 statim
1918 2354 1996 2373 reum

420 2383 496 2415 fecit,
517 2389 595 2418 atque
609 2388 638 2409 ut
653 2381 676 2408 ei
688 2380 762 2409 locus
774 2383 876 2418 primus
890 2386 1092 2413 constitueretur
1105 2393 1217 2421 propter
1231 2383 1311 2413 caune
1323 2386 1509 2423 cognitionem
1518 2406 1526 2417 ,
1545 2386 1698 2422 imperavit.
1889 2421 1914 2449 C

1586 2430 1596 2439 ’
1933 2431 1950 2450 Α
1969 2431 1996 2452 Ρ.
