2075 2734
408 115 462 144 550
652 94 1729 132 *Ax-riquirarumRoman-Anummit-VIII,

399 156 456 186 quod
467 157 512 177 Rex
520 153 549 184 fit
557 151 658 181 fieba'irm
672 150 766 181 legibus,
779 151 830 174 talis
842 150 907 174 enim
915 149 946 172 ess
954 147 1079 180 epigraphe
1085 148 1177 181 operis3
1213 146 1341 178 nuscxiptus
1354 153 1414 171 extat
1426 147 1450 170 in
1458 145 1602 170 bibliotheca
1612 146 1714 170 vaticam
1721 148 1803 172 Rom&
1811 164 1817 175 ,
1831 154 1874 173 nec
1880 150 1984 181 prodiit,

400 187 520 211 Thomam
535 184 652 214 Fieigium
665 183 694 205 de
708 181 854 213 quastionib.
868 181 959 205 politic.
973 180 1085 210 jacobum
1098 184 1176 212 Typo-
1213 180 1315 211 denique
1328 179 1469 203 Michaelem
1481 177 1580 202 Psellnm
1592 178 1617 201 in
1625 178 1706 202 eadem
1713 177 1853 203 bibliotheca
1860 183 1984 208 nianuscri-

401 219 462 242 tium
473 234 478 243 ‚
495 216 627 240 Adrianum
644 213 796 241 Turnebum,
815 215 948 237 Antonium
960 215 1113 239 (iove-mum,
1132 215 1175 236 Lu·
1212 219 1278 242 prum
1288 228 1294 237 ,
1308 212 1349 243 qui
1363 218 1435 234 totam
1448 212 1474 233 de
1488 210 1570 240 legibus
1577 210 1697 234 materiam
1709 210 1984 247 duobuslibriscomple-

404 249 516 273 dovicum
531 249 613 271 Vivent
623 264 628 272 ‚
641 249 734 269 Petrum
748 249 864 272 Ramum,
881 245 923 276 qui
937 246 961 268 in
974 243 1047 267 libros
1055 245 1177 267 Ciceronis
1211 251 1252 266 xus
1266 242 1297 266 est
1311 251 1318 270 5
1342 242 1511 275 Wolfgangum
1521 242 1618 266 Lazium
1632 242 1658 266 in
1671 249 1741 273 opere
1753 242 1782 267 de
1795 244 1921 275 Republica
1934 249 1984 271 Ro-

404 281 433 304 dc
447 279 537 311 legibus
550 278 698 310 scripserunt,
712 278 737 300 δὲ
751 277 915 309 Nicephorum
922 276 1068 304 Blemidam,
1080 277 1177 308 quima-
1211 282 1285 298 mana.

1103 357 1128 384 C
1156 367 1173 384 A
1200 366 1223 383 P.
1270 355 1290 381 I.

951 417 1041 468 Quid
1056 419 1107 452 lex
1113 419 1156 465 fit
1163 443 1175 463 ,
1203 424 1250 452 ἐφ’
1266 417 1437 465 quotuplex.

599 498 851 535 f'ocabulumjmis,
870 500 896 527 ὃς
908 497 969 536 legis
982 498 1047 535 saepe
1060 509 1110 536 pro
1124 497 1279 535 synonymis
1293 496 1458 537 usurpantur.
1477 496 1521 523 Est
1534 502 1626 525 tamen
1642 497 1761 534 quaedam
1778 498 1849 526 inter
1864 508 1892 526 ea
1907 498 1983 527 diffe-

562 540 566 547 ¹
637 538 740 570 remia,
756 537 826 572 juris
844 538 918 564 enim
939 547 1028 564 nomen
1037 537 1157 574 generale
1172 539 1207 564 est
1221 557 1228 567 ‚
1255 538 1281 564 &
1295 536 1327 563 ad
1341 544 1397 562 non
1409 535 1504 569 lcripta
1517 535 1598 562 etiam
1613 536 1728 572 pertinet
1741 546 1746 562 :
1766 534 1825 572 legia
1840 544 1930 565 antem
1945 538 1981 564 est

522 618 527 621 ,
568 599 571 602 .
597 596 616 620 Γ.)
634 575 734 640 {cesule
747 596 754 608 ,
782 578 810 604 ὃς
821 575 854 603 ad
867 575 910 612 jus
922 573 1049 612 scriptum
1064 583 1169 604 tantum
1183 574 1306 603 refertur.
1346 574 1474 601 Dicemus
1488 572 1523 599 de
1536 581 1650 610 utroque
1660 592 1668 604 ,
1697 575 1723 601 δε
1736 574 1858 610 primum
1873 575 1983 612 quidem

550 621 555 623 ’
656 624 669 639 e
691 623 744 641 ure.

563 648 568 657 ’
585 643 593 650 ’
674 624 723 684 ,llus
738 651 854 688 pluribus
875 651 963 679 modis
976 651 1079 679 dicitur.
1106 651 1241 688 Significat
1255 650 1290 678 id.
1334 660 1355 678 1.
1377 649 1458 688 Qod
1473 647 1576 685 semper
1589 648 1692 676 bonum
1709 651 1736 677 &
1749 659 1853 686 aequum
1869 650 1905 677 est
1921 661 1928 677 :
1954 657 1985 679 ut

629 691 676 724 jus
688 689 807 716 naturale
820 689 995 718 immutabile.
1042 700 1081 717 11.
1102 689 1184 727 Qod
1198 688 1339 730 omnibus,
1359 698 1405 717 aut
1418 686 1535 724 pluribus
1548 688 1576 714 in
1589 696 1691 729 quaque
1698 687 1804 714 civitate
1812 687 1876 715 utile
1884 690 1935 716 est:
1955 696 1986 716 ut

406 730 443 758 est
450 731 496 764 jus
510 728 591 756 civile.
636 737 645 754 1
655 738 663 754 1
673 738 693 754 1.
716 729 861 756 Praetorum
875 728 961 756 edicta
974 729 1097 756 dicuntur
1102 729 1149 761 jus
1162 727 1330 757 honam-mm.
1368 737 1407 754 iv.
1426 726 1561 756 Premis,
1581 727 1608 753 ἃ
1622 724 1760 761 cujussibet
1772 724 1868 760 judicis
1880 725 1984 754 senten·
2020 745 2023 747 -

408 769 496 802 tiajus
511 773 622 795 vocatur
635 786 642 797 ‚
669 766 749 793 etiam
765 775 828 794 cum
839 767 881 802 jus
894 766 1006 794 reddens
1020 767 1108 803 inique
1121 766 1240 794 decernit
1253 776 1258 791 ·.
1280 766 1406 794 relatione
1419 763 1517 792 scilicet
1529 763 1596 790 facta
1608 784 1617 794 ‚
1637 773 1692 790 non
1704 762 1736 790 ad
1750 762 1777 790 id
1785 784 1793 803 ξ
1814 764 1887 800 quod
1894 772 1984 798 prator

408 808 445 834 ita
461 806 541 836 fecit,
564 803 607 831 sed
623 803 654 831 ad
668 803 744 832 illud.
767 805 837 840 quod
852 812 994 841 praetorem
1011 805 1098 832 facere
1110 805 1238 832 convenit
1251 823 1259 835 ‚
1279 804 1349 832 unde
1364 802 1480 831 formula
1493 801 1537 829 illa
1549 801 1674 838 loquendi
1687 822 1694 832 ‚
1706 803 1753 835 jus
1764 800 1852 828 drcere.
1891 811 1918 829 v.
1936 805 1986 834 sus

407 844 504 872 dicitur
521 841 587 869 locus
598 862 605 873 ‚
631 839 677 868 ubi
697 840 857 878 matgstratus
875 842 916 870 vel
933 843 996 871 alius
1009 842 1094 877 judex
1107 842 1221 870 consistit
1233 840 1298 877 jfiris
1315 842 1442 873 dicundi,
1469 847 1513 867 aut
1524 840 1662 876 judicandi
1677 840 1762 877 gratia
1776 861 1783 872 ‚
1809 840 1891 867 etiam
1903 840 1922 867 fi
1937 840 1985 867 do-

407 882 462 911 mi,
482 888 527 908 aut
540 881 567 907 in
581 880 690 911 itinere,
710 878 763 906 five
778 881 810 909 de
825 881 906 918 plano
918 880 970 909 hoc
984 881 1038 909 fiat.
1077 890 1120 908 vr.
1139 885 1188 913 sm
1200 889 1245 914 pro
1259 878 1431 915 neceffimdme
1443 878 1570 910 dicimus,
1592 878 1673 906 veluti
1692 878 1742 909 cst,
1761 878 1805 914 jus
1819 878 1987 915 cognationis

410 917 453 946 vel
467 918 610 945 affinitatis.

445 955 518 992 Legis
532 965 594 983 vero
607 964 660 983 vox
675 964 730 982 non
744 964 798 984 tam
814 955 865 983 late
878 964 959 991 patet.
979 957 1032 983 Aut
1046 956 1118 983 enim
1134 957 1246 984 eandem
1261 967 1324 984 cum
1330 959 1406 990 jure,
1427 954 1499 992 quod
1513 954 1544 981 ad
1558 954 1611 981 duo
1626 954 1713 989 prima
1725 952 1868 990 significata
1875 954 1986 986 attinet,

407 994 462 1022 vim
478 993 571 1025 habet,
592 1000 637 1021 aut
649 993 766 1021 formam
780 994 944 1023 comt-attus,
965 993 1018 1021 five
1032 994 1166 1030 paffiones
1179 997 1205 1023 ἃ
1221 995 1387 1022 conditiones
1400 1001 1490 1023 notat,
1511 992 1580 1019 unde
1594 991 1658 1019 iilud
1673 992 1812 1020 usitatum:
1833 996 1873 1019 Ea
1883 991 1935 1029 lege
1949 992 1985 1027 &-

407 1032 552 1059 (ondltmmJ.
573 1031 623 1058 Sed
638 1040 686 1058 nos
700 1032 804 1068 reliquis
816 1032 930 1063 οιῃίίίῐε,
949 1033 1057 1068 propius
1072 1033 1103 1059 ad
1117 1033 1265 1061 institutum
1280 1033 1400 1060 nostrum
1415 1031 1581 1058 accedemus.
1973 1058 1981 1062 ,

447 1073 503 1096 Lex
520 1069 572 1096 five
580 1070 627 1103 jus
648 1069 720 1104 (haec
737 1071 809 1097 enim
827 1070 977 1107 synonyma
989 1071 1040 1097 effe
1053 1071 1188 1106 diximus)
1211 1069 1307 1107 triplex
1323 1070 1372 1100 est,
1392 1067 1524 1099 divinum,
1543 1067 1676 1100 naturale,
1695 1067 1736 1100 Θ*
1755 1067 1904 1096 humanum.
1943 1069 1987 1097 De

406 1108 468 1145 jure
486 1108 595 1138 divino,
614 1106 657 1134 seu
677 1107 736 1143 lege
750 1109 852 1141 divina,
873 1117 993 1144 quaenam
1009 1118 1039 1135 ea
1051 1108 1096 1140 fit,
1119 1110 1145 1136 ὃς
1159 1109 1300 1145 quomodo
1321 1108 1468 1138 dividatur,
1485 1107 1513 1132 in
1527 1105 1662 1138 moralem,
1680 1106 1884 1138 ceremonialem‚
1903 1115 1932 1133 ac
1945 1106 1988 1143 so-

409 1146 519 1180 renftm,
539 1145 637 1173 docent
652 1155 683 1173 ex
695 1145 765 1173 sacra
779 1145 907 1183 scriptura
920 1145 1055 1183 Theologi
1071 1147 1099 1173 in
1113 1145 1162 1174 suis
1176 1146 1336 1174 methadicis
1349 1146 1430 1173 libris.

448 1182 504 1220 Jus
525 1191 635 1214 natura,
655 1183 688 1210 de
701 1192 754 1219 quo
766 1183 810 1212 hic
823 1185 903 1212 etiam
917 1194 966 1212 nos
980 1183 1130 1221 loquimur,
1151 1185 1222 1221 quod
1237 1191 1330 1212 tamen
1343 1185 1379 1212 est
1393 1183 1463 1221 quasi
1476 1181 1682 1210 fundamentum
1696 1181 1821 1214 humani,
1840 1182 1892 1214 est,
1912 1183 1987 1220 quod

408 1229 501 1249 natura
519 1222 611 1248 onmia
624 1221 747 1249 animalia
760 1223 860 1250 docuit.
901 1222 943 1250 Ab
958 1221 1093 1259 Amstotele
1103 1221 1171 1249 libro
1182 1232 1208 1259 ς.
1233 1222 1319 1250 Ethic⁴
1334 1223 1366 1250 ad
1381 1220 1540 1249 Nicomach.
1555 1220 1590 1247 fic
1604 1220 1728 1248 definitur
1741 1231 1746 1246 z
1773 1223 1874 1246 Naturae
1885 1222 1926 1252 jus
1939 1219 1988 1258 est,

407 1259 477 1298 quod
492 1257 581 1296 ubique
598 1258 703 1285 locorum
723 1259 764 1292 ἐς
775 1259 894 1297 gentium
913 1260 1005 1288 retinet
1024 1259 1173 1294 vivifiea-sn,
1193 1269 1272 1299 neque
1283 1259 1394 1295 opinione
1405 1267 1494 1286 ratum
1507 1266 1553 1286 aut
1562 1256 1666 1284 irritum
1679 1257 1720 1294 est.
1741 1258 1839 1285 Cicero
1853 1257 1899 1286 lib.
1917 1267 1938 1285 1.
1956 1259 1991 1286 de

410 1296 504 1334 Legib.
537 1295 593 1332 Jus
617 1295 657 1324 vel
677 1296 718 1323 lex
738 1306 831 1325 natura
850 1297 884 1336 est
896 1298 1072 1332 ratiofiamma
1086 1296 1160 1336 insita
1175 1297 1202 1325 in
1215 1307 1322 1333 natura,
1344 1308 1395 1337 qua
1402 1296 1474 1332 jubet
1490 1306 1533 1327 en,
1554 1305 1606 1335 qua
1612 1295 1730 1331 facienda
1736 1296 1798 1331 sient
1803 1316 1813 1328 ,
1827 1294 1988 1335 prohibetque

409 1333 543 1362 contraria.
577 1334 708 1363 Definitio
727 1336 861 1372 Philippi,
887 1346 967 1373 quam
990 1337 1017 1363 in
1031 1336 1207 1372 explicatione
1220 1336 1279 1364 libri
1295 1347 1318 1371 ς.
1351 1336 1509 1364 Ethicorum
1525 1333 1665 1370 Aristotelis
1685 1333 1761 1361 affert
1774 1355 1782 1366 ι
1810 1334 1914 1362 videtur
1935 1334 1987 1362 esse

409 1372 504 1400 clarior
517 1393 524 1404 ‚
552 1381 614 1400 cum
635 1373 700 1401 dicit
713 1384 718 1400 :
743 1378 836 1412 Legem
856 1383 952 1401 natura
973 1374 1025 1402 csse
1040 1375 1113 1402 illam
1127 1374 1211 1410 ipsam
1226 1375 1350 1402 notitiam
1363 1374 1558 1411 principiorum
1571 1372 1752 1408 praeticorum
1766 1392 1773 1403 ,
1802 1374 1827 1399 ὃ(
1843 1371 1990 1400 conclusio·

410 1420 476 1438 num
490 1432 499 1442 ‚
519 1419 577 1447 qua:
591 1421 623 1438 ex
637 1411 686 1438 illis
700 1413 838 1440 neccssaria
850 1412 1035 1449 consequentia
1049 1414 1196 1444 ducuntur,
1216 1414 1343 1440 divinitus
1356 1413 1460 1440 inlitam
1476 1411 1610 1439 mentibus
1624 1410 1747 1437 humanis
1759 1430 1768 1441 ,
1787 1419 1843 1437 non
1856 1410 1941 1438 solum
1957 1411 1992 1438 de

411 1449 533 1476 moribus
553 1449 673 1476 civilibus
687 1470 694 1481 ‚
718 1448 896 1486 sedprimum
910 1451 941 1477 de
954 1449 1079 1487 agnitione
1091 1449 1158 1484 Dei,
1180 1452 1206 1478 &
1221 1450 1373 1478 obedientia
1386 1452 1446 1477 Deo
1459 1449 1548 1477 debita
1560 1469 1568 1480 ,
1593 1449 1683 1484 postea
1694 1448 1726 1474 de
1741 1447 1850 1474 moribus
1861 1447 1989 1480 civilibus,

413 1488 458 1522 qui
473 1486 604 1513 referendi
617 1486 675 1514 fimt
690 1488 721 1514 ad
737 1487 808 1515 hunc
821 1492 902 1515 finem
911 1509 917 1519 ,
940 1496 968 1516 ut
982 1492 1051 1515 Deus
1064 1487 1205 1515 celebretur.
1234 1491 1296 1516 Hoc
1308 1488 1350 1523 jus
1363 1488 1390 1515 in
1404 1486 1575 1523 scripton'bus
1588 1485 1705 1513 Ethnicis
1718 1494 1772 1512 non
1785 1484 1866 1512 semel
1871 1487 1918 1519 jus
1924 1496 1989 1522 gen-

413 1532 480 1550 uum
494 1523 600 1550 dicitur.
633 1525 792 1560 Qanquam
808 1526 834 1552 in
850 1526 1060 1553 Institutionibus
1071 1526 1135 1560 juris
1150 1525 1231 1553 civilis
1239 1527 1284 1559 jus
1299 1533 1395 1551 natura
1410 1522 1614 1561 &J‘usgentium
1628 1523 1833 1560 distinguantur,
1855 1532 1917 1550 cum
1931 1524 1991 1550 uni-

412 1559 519 1588 versum
532 1560 574 1596 jus
587 1561 722 1596 privatum
737 1582 744 1593 ‚
771 1562 797 1589 id
816 1563 938 1590 videlicet
951 1582 958 1593 ‚
985 1564 1056 1598 quod
1069 1564 1101 1590 ad
1116 1563 1280 1600 fingulorum
1294 1563 1437 1590 hominum
1452 1562 1596 1589 utilitatem
1611 1561 1744 1596 pertinet,
1769 1561 1925 1593 tripertitum
1939 1560 1991 1588 effe

413 1599 524 1626 docetur
536 1619 544 1629 ,
574 1598 715 1626 collectum
736 1608 780 1627 aut
798 1610 831 1626 ex
850 1598 1006 1627 naturallbus
1020 1600 1143 1635 praeceptis
1155 1621 1163 1633 ‚
1189 1609 1234 1628 aut
1246 1600 1365 1638 gentium
1379 1622 1388 1633 ,
1415 1607 1459 1627 aut
1477 1597 1600 1625 civilibus.
1639 1599 1754 1625 Videtur
1773 1595 1863 1624 autern
1883 1597 1936 1625 hoc
1950 1599 1989 1625 in-

413 1635 506 1664 teress'e
519 1637 589 1664 inter
602 1645 696 1663 nature
711 1639 736 1665 ὅτ
744 1639 928 1674 gemiumjas,
950 1639 1022 1674 quod
1034 1639 1075 1674 jus
1090 1639 1207 1666 naturale
1220 1648 1368 1666 commune
1380 1638 1411 1665 fit
1425 1636 1549 1664 omnibus
1561 1634 1713 1662 hominibus
1729 1644 1791 1663 cum
1800 1635 1991 1664 brutisanima-

415 1674 495 1701 libus:
516 1674 558 1709 jus
571 1675 694 1711 gentium
709 1683 798 1702 autem
813 1685 866 1703 non
880 1677 961 1704 etiam
978 1675 1060 1704 brutis
1073 1677 1243 1707 animalibus,
1264 1675 1307 1703 sed
1323 1683 1428 1704 tantum
1443 1672 1598 1702 hominibus
1613 1682 1771 1701 commune.
1802 1674 1845 1702 Sic
1858 1675 1931 1702 enim
1944 1679 1992 1707 Ja-

413 1711 480 1738 cobus
499 1714 619 1741 Cuiacms
633 1713 660 1739 in
677 1713 746 1740 notis
759 1714 792 1740 ad
805 1714 985 1742 Institutiones
996 1710 1170 1743 hunc‘locum
1186 1714 1324 1751 explicans.
1365 1715 1432 1752 Qae
1451 1712 1540 1744 bruta,
1563 1713 1613 1744 ait,
1632 1710 1733 1740 faciunt
1746 1712 1903 1740 incitatione
1915 1720 1992 1741 natu-

413 1751 475 1781 rali,
496 1759 525 1777 ea
537 1749 556 1778 fi
571 1750 695 1779 homines
710 1752 813 1778 ratione
826 1751 922 1780 faciant
933 1773 940 1782 ‚
960 1752 1018 1788 jure
1032 1753 1143 1781 naturali
1157 1752 1265 1780 faciunt.
1306 1754 1372 1790 Qae
1384 1752 1461 1780 bruta
1475 1760 1531 1778 non
1546 1750 1660 1782 faciunt,
1682 1759 1711 1777 ea
1725 1750 1743 1777 fi
1758 1759 1853 1777 omnes
1867 1750 1992 1779 homines

413 1788 516 1816 ratione
536 1787 647 1821 faciant,
659 1790 721 1823 jure
732 1788 850 1826 gentium
871 1789 985 1822 faciunt,
1005 1792 1077 1828 quod
1099 1794 1124 1819 δε
1145 1791 1231 1827 ipsum
1242 1792 1289 1824 jus
1306 1789 1423 1817 naturale
1436 1789 1545 1820 dicitur,
1568 1790 1594 1816 δε
1606 1786 1710 1819 bonum,
1730 1790 1757 1816 ὅτ.
1771 1798 1881 1826 aequum,
1902 1791 1928 1817 ὃς
1943 1798 1993 1816 na-

413 1826 505 1854 turalis
519 1835 636 1864 equitas,
657 1829 683 1855 8<
696 1826 821 1854 naturalis
833 1826 914 1859 ratio,
936 1830 960 1856 ἃ
975 1829 1016 1854 lex
1029 1828 1168 1860 naturalis,
1189 1831 1215 1856 ὃς
1228 1837 1331 1855 natura⁴
1369 1829 1436 1864 Qae
1448 1835 1539 1854 autem
1553 1835 1609 1853 non
1623 1835 1732 1857 omnes,
1750 1824 1795 1854 sed
1808 1827 1929 1863 quaedam
1943 1825 1993 1854 ho-

416 1865 523 1892 minum
542 1872 703 1903 congregata
722 1866 750 1892 in
769 1874 853 1892 unum
873 1866 964 1893 locum
987 1867 1133 1895 multitudo
1145 1886 1153 1898 ‚
1179 1865 1298 1895 utilitatis
1312 1865 1423 1903 publicae
1437 1863 1511 1893 causa
1525 1864 1609 1897 facit,
1637 1873 1667 1892 ea
1681 1873 1745 1892 vero
1760 1864 1827 1892 fiunt
1839 1864 1899 1900 jure
1912 1864 1993 1894 civili.

418 1903 553 1931 finetenus
567 1903 617 1931 ille.

455 1944 510 1967 Lex
530 1941 582 1969 live
591 1944 636 1976 jus
655 1941 793 1968 humanum
806 1962 813 1973 ‚
833 1940 904 1978 quod
924 1941 997 1969 idem
1019 1943 1045 1970 &
1061 1940 1194 1979 pqasc'tivum
1206 1963 1213 1975 ‚
1235 1945 1262 1971 &
1281 1940 1371 1972 civile,
1392 1943 1419 1970 &
1429 1941 1551 1977 firiptum
1568 1940 1665 1969 dicitur
1678 1960 1684 1970 .
1706 1939 1742 1967 est
1761 1949 1910 1969 commune
1928 1950 1993 1978 prae-

415 1986 522 2014 ceptum
537 2000 544 2010 ‚
572 1980 692 2008 virorum
705 1981 869 2016 prudentum
885 1989 1032 2007 commune
1043 1979 1193 2008 consultum
1203 2001 1211 2012 ,
1236 1980 1396 2009 deluitorum
1411 2000 1418 2012 ,
1438 1989 1495 2017 quae
1508 1980 1601 2016 sponte
1615 1979 1656 2006 vel
1669 1979 1821 2016 ignorantia
1833 1980 1994 2008 contrahun-

416 2023 472 2047 tur,
489 2018 624 2045 co'e'rffio:
646 2019 799 2046 communis
813 2017 962 2054 reipublicae
974 2018 1086 2055 sponsio.
1106 2019 1141 2046 Et
1154 2019 1243 2048 differt
1257 2018 1277 2046 ἱι
1291 2017 1415 2046 naturali.
1459 2028 1481 2045 1.
1502 2017 1583 2055 Qod
1597 2017 1649 2045 hoc
1661 2016 1786 2053 quuatur
1797 2018 1925 2056 degenere
1935 2039 1943 2051 ,
1962 2018 1994 2046 il-

418 2052 462 2080 lud
475 2055 598 2089 despecte.
640 2067 663 2084 2.
684 2057 766 2092 Quod
781 2057 832 2083 hoc
845 2056 939 2084 habeat
954 2057 1195 2085 demonstrationes
1210 2068 1215 2084 z
1243 2057 1306 2086 illud
1321 2056 1405 2084 valeat
1422 2058 1449 2084 δε
1462 2064 1572 2092 propter
1585 2056 1719 2084 rationem
1733 2055 1899 2091 probabilem
1910 2078 1918 2089 ,
1939 2059 1994 2084 De-

418 2090 512 2127 calogo
525 2102 718 2130 congruentem
732 2115 739 2126 ‚
762 2096 789 2122 ὃς
803 2102 913 2130 propter
927 2094 1117 2123 authoritatem
1130 2116 1138 2127 ,
1159 2105 1239 2133 quam
1255 2098 1325 2123 Deus
1339 2094 1501 2131 magistratui
1517 2094 1655 2122 attribuit:
1675 2102 1756 2130 quem
1770 2093 1842 2130 juffit
1855 2095 1952 2123 addere
1963 2097 1991 2124 in

418 2128 467 2155 hac
482 2130 552 2168 civili
567 2133 619 2158 vita
632 2141 694 2159 cum
708 2131 897 2169 explicationes
911 2153 918 2163 ,
944 2140 1003 2160 tum
1018 2133 1180 2162 adminicula
1192 2135 1341 2162 divinarum
1356 2133 1455 2170 legum.
1497 2143 1521 2169 3.
1540 2132 1622 2170 Qod
1638 2132 1679 2168 jus
1693 2138 1792 2159 naturae
1805 2132 1901 2170 ubique
1917 2133 1990 2161 idem

417 2165 523 2229 fitb,lJt1s
544 2168 686 2202 positivum
699 2179 754 2197 non
769 2170 866 2207 ubique
881 2171 963 2199 idem.
1005 2171 1093 2199 Potest
1107 2173 1133 2200 &
1148 2171 1200 2200 hoc
1216 2173 1291 2203 addi,
1310 2171 1387 2209 legem
1400 2178 1494 2198 natura
1508 2170 1559 2198 esse
1572 2178 1704 2202 aternam,
1725 2169 1796 2206 leges
1803 2169 1922 2209 posuivas
1934 2181 1990 2198 mu-

414 2212 442 2231 ta
458 2214 466 2229 1
478 2213 511 2229 ξ’-Ῡ,

458 2241 523 2282 15⁰ss
535 2242 658 2284 st''¹P{11m
671 2246 714 2277 jus
734 2245 770 2272 est
783 2266 791 2277 ,
813 2247 883 2283 quod
899 2245 958 2274 usus
973 2246 1144 2284 approbavit,
1164 2247 1184 2275 fi
1200 2247 1308 2284 quidem
1323 2247 1440 2275 diuturni
1456 2256 1560 2278 mores,
1581 2245 1706 2276 consensu
1718 2247 1851 2274 utentium
1865 2255 1992 2282 compro-

418 2279 487 2310 batt,
507 2279 595 2320 legen}
610 2281 756 2322 imitantur.
797 2285 958 2322 Qanquam
975 2288 1001 2314 &
1015 2285 1077 2313 illud
1090 2285 1147 2321 jus,
1168 2287 1240 2323 quod
1253 2295 1286 2313 ex
1300 2285 1459 2314 authoritate
1472 2286 1635 2323 prudentum
1650 2285 1822 2313 constitutum
1837 2284 1886 2315 est,
1898 2286 1944 2318 jus
1955 2285 1990 2312 ci-

419 2318 485 2348 mle,
505 2326 559 2344 non
575 2318 701 2354 temptum
716 2319 804 2351 tuiss'e,
824 2321 934 2358 Jacolms
947 2323 1084 2350 amardus
1097 2323 1174 2355 velit,
1193 2332 1274 2360 quem
1288 2323 1376 2361 legere
1389 2332 1465 2360 potes
1477 2324 1547 2353 libro
1560 2323 1683 2363 fingulari
1695 2323 1726 2351 de
1740 2321 1894 2356 prudentum
1905 2323 1993 2351 autho·

417 2363 510 2384 mate.
530 2364 586 2392 cap.
603 2365 644 2391 14·
658 2364 690 2384 cx
704 2365 758 2393 quo
771 2366 820 2384 nos
835 2361 914 2388 etiam
930 2361 1008 2397 paulo
1022 2361 1091 2390 infra
1103 2362 1224 2399 quaedani
1239 2370 1401 2399 repetemus.

1906 2399 1991 2427 Porro
