2075 2734
838 54 852 62 ι

408 135 463 163 470
724 118 1728 153 AN-riQur'rarumRoMAuAnuMLin.VI,

408 173 494 209 nuqua
507 169 574 198 m'bu
586 168 681 198 essent:
701 167 832 206 fiquidem
847 174 889 195 tot
901 166 955 195 fere
969 165 1058 202 rustica
1071 165 1154 194 trihus
1166 188 1173 199 ‚
1192 174 1258 205 quot
1271 168 1327 204 agri
1342 174 1428 204 partes
1443 173 1627 195 numerentur.
1667 168 1702 196 Et
1715 168 1769 197 haec
1781 170 1891 208 quidem
1904 170 1991 207 prima

408 212 477 238 ratio
493 209 541 237 suit
556 207 669 236 tribuum
684 226 692 236 ,
720 216 778 243 quae
790 214 882 234 tamen
901 206 989 242 postea
1009 211 1112 233 mutata
1133 206 1177 234 est.
1219 205 1408 233 Posterioribus
1430 205 1503 232 enim
1520 205 1688 241 temporibus
1702 206 1754 235 hoc
1768 208 1908 236 discrimen
1924 210 1994 237 inter

411 248 521 276 urbanas
534 250 560 276 ὃς
574 245 676 282 rusticas
689 244 773 273 tribus
790 244 841 272 fuit
853 266 860 277 ,
881 252 911 272 ut
928 242 1017 282 rustica
1035 242 1141 271 urbanis
1162 244 1243 282 longe
1260 244 1464 280 praeferrentur‚
1495 246 1520 272 δί
1537 245 1573 271 ita
1587 245 1705 280 optimus
1725 247 1754 273 Sc
1772 247 1993 282 praessantiffimns

411 286 520 323 quisque
536 287 563 313 in
577 285 651 313 rusti<
660 285 679 310 is
693 282 813 311 tribubus
827 303 833 314 ‚
855 282 952 310 relictis
965 282 1084 312 urbanis,
1107 282 1205 310 censeri
1220 282 1313 310 vellet:
1334 291 1364 310 ac
1378 289 1436 310 tum
1452 281 1534 308 tribus
1548 291 1602 308 non
1612 282 1691 310 Urbis
1705 303 1712 315 ,
1732 282 1775 311 sed
1787 283 1899 311 civitatis
1907 294 1993 319 partes

410 324 578 352 haberentur.
620 322 704 358 Cujus
718 321 874 349 mutationis
889 320 974 348 causas
989 321 1052 348 duas
1072 319 1147 349 fuiffe
1161 320 1276 357 sigonius
1299 321 1398 347 refert:
1430 321 1489 347 vit-cc
1505 320 1636 348 nimirum
1657 322 1757 350 rusticae
1779 324 1993 352 commendatiu—

412 372 489 391 nent
513 364 538 390 &
554 361 701 389 censoriam
714 360 875 396 potestatem
890 360 930 387 vel
945 360 1122 387 notationem.
1162 361 1204 386 De
1222 359 1303 394 priori
1323 357 1413 386 scribit
1429 362 1505 385 Varro
1519 358 1536 386 l.
1550 368 1573 384 2.
1591 359 1625 386 de
1641 369 1669 386 re
1682 361 1776 387 rustica
1789 381 1796 392 ,
1816 360 1894 388 initio
1907 371 1912 387 z
1934 364 1993 390 Viri

411 401 503 435 magni
519 399 635 435 majores
651 399 732 426 nostri
746 408 801 426 non
814 398 867 426 fine
884 397 956 426 causa
972 397 1161 435 piaeponebant
1177 398 1285 425 rusticos
1301 398 1441 424 Romanos
1452 397 1567 425 urbanis.
1599 399 1637 426 Ut
1652 399 1707 425 ruri
1722 399 1795 426 enim
1805 418 1811 428 ‚
1833 399 1878 435 qui
1894 399 1922 425 in
1934 400 1993 428 villa

411 430 521 470 vivunt,
541 438 707 475 ignaviores,
727 446 808 474 quam
824 437 868 473 qui
882 437 909 464 in
922 445 986 474 agro
1002 435 1137 464 versantur
1152 457 1158 466 ‚
1180 436 1206 462 in
1219 435 1308 472 aliquo
1323 444 1404 471 opere
1418 434 1542 463 faciundo
1556 445 1561 461 ·.
1589 435 1623 462 fic
1639 438 1684 474 qui
1704 438 1730 464 in
1745 436 1846 474 oppido
1860 436 1993 470 sederent,

412 485 492 513 quam
508 477 553 512 qui
566 485 627 504 rura
642 475 774 509 colerent,
795 474 973 503 defidiofiores
986 474 1122 512 putabant.
1143 474 1177 501 Et
1194 473 1261 502 Plin.
1276 473 1292 501 l.
1306 475 1345 502 18.
1361 481 1417 509 cap.
1427 484 1450 511 3.
1464 474 1658 503 commendans
1672 476 1756 502 vitam
1771 474 1912 503 rusticam:
1931 477 1993 513 Jam

411 514 546 542 distinctio
562 535 569 545 ‚
590 514 676 551 inquit
691 535 696 544 ,
718 513 854 551 honosque
867 513 982 541 civitatis
995 513 1072 550 ipsius
1085 533 1092 543 ‚
1113 521 1168 539 non
1183 510 1288 540 aliunde
1300 519 1364 540 erat.
1404 510 1504 549 Rustica
1517 511 1598 540 mbas
1617 512 1798 541 laudatiffimae
1811 522 1905 540 eorum
1921 534 1928 544 ‚
1949 515 1995 550 qui

410 562 471 580 rura
484 553 626 580 haberent:
650 550 752 579 Urbane.
772 561 837 580 vero
852 553 878 579 in
901 560 964 588 quas
977 551 1115 578 transferri
1130 550 1286 587 ignominiae
1306 550 1369 577 efl'et
1382 571 1388 581 ‚
1409 550 1511 578 defidiae
1523 571 1530 581 ‚
1550 551 1658 587 probro.
1698 553 1790 589 ltaque
1806 559 1919 588 quatuor
1936 551 1995 580 solae

413 599 487 619 erant
501 591 514 618 a
528 590 644 627 partibus
659 589 739 617 Urbis
754 591 780 617 in
793 591 866 627 queis
884 589 1035 617 habitabant
1049 610 1055 620 ‚
1075 587 1209 615 Subur-ana
1222 610 1229 620 ,
1251 587 1375 616 Palatina
1391 609 1397 619 ‚
1419 587 1518 615 Collina
1530 608 1537 617 ,
1558 588 1697 627 Esquilina.
1740 591 1875 618 Nundinis
1890 588 1994 617 Urbem

413 629 582 657 revisitabant
595 650 602 661 ‚
625 631 652 657 ὃς
666 629 728 656 ideo
740 630 851 656 comitia
871 628 994 655 nundinis
1015 627 1105 658 haberi
1121 636 1175 654 non
1190 626 1285 654 licebat
1300 648 1307 658 ‚
1333 636 1367 654 ne
1382 626 1456 663 plebs
1470 628 1562 654 rustica
1575 635 1738 655 avocaretur.
1777 631 1841 657 Haec
1861 627 1914 655 ille.
1955 629 1995 656 Ex

413 667 507 704 quibus
521 670 602 695 etiam
616 667 697 694 altera
709 666 797 698 causa,
818 667 943 695 videlicet
957 657 1060 701 ccnftssin
1070 663 1175 700 potestas
1185 685 1192 696 ‚
1214 664 1254 692 vcl
1270 666 1374 693 notatio
1388 664 1499 701 intelligi
1513 665 1614 700 potest,
1633 666 1666 692 de
1679 674 1730 702 qua
1744 668 1826 694 etiam
1841 666 1934 692 Livius
1949 665 1992 692 lib.

413 707 439 734 S.
454 705 544 733 scribit
558 717 564 733 ε
585 708 635 742 Ap.
650 704 774 732 Claudius
793 707 871 741 censor
884 704 1026 733 humilibus
1046 713 1093 740 per
1110 712 1205 730 omnes
1223 703 1306 731 tribus
1321 702 1408 730 divifis
1425 724 1431 735 ‚
1454 703 1544 730 forum
1560 705 1586 731 δὲ
1602 712 1728 740 campum
1745 706 1872 741 corrupit.
1914 706 1947 732 Et
1962 713 1995 732 ex

412 753 446 771 eo
459 751 584 780 tempore
598 744 625 770 in
639 744 702 771 duas
715 751 801 780 partes
815 743 926 772 discessit
940 744 1045 773 civitas,
1067 740 1136 769 aliud
1150 743 1254 779 integer
1267 742 1379 778 populus
1388 762 1394 773 ‚
1416 741 1503 769 fautor
1515 744 1540 770 δε
1554 740 1641 769 cultor
1654 741 1805 774 bonorum,
1824 742 1895 770 aliud
1906 743 1996 771 foren-

413 781 444 809 sis
459 781 540 809 factio
555 781 676 814 tenebat,
697 782 784 809 donec
797 786 835 820 Q
845 781 934 809 Fabius
950 783 976 809 ἃ
991 785 1021 807 P.
1037 783 1130 807 Decius
1146 779 1266 807 censores
1286 780 1356 807 faciti.
1397 781 1431 807 Et
1446 779 1537 806 Fabius
1549 779 1626 807 fimul
1639 782 1789 809 concordiae
1801 780 1875 809 causa
1888 801 1898 812 ,
1918 779 1994 808 timul

411 829 447 847 ne
458 818 678 848 humillimorum
694 821 720 847 in
734 830 815 848 manu
829 820 910 848 essent
921 817 1036 847 comitia,
1056 827 1169 845 omnem
1186 817 1319 853 forensem
1335 818 1439 846 turbam
1457 826 1590 845 excretam
1606 819 1634 845 in
1649 826 1762 856 quatuor
1773 819 1857 847 tribus
1871 820 1996 855 conjecit,

411 856 566 897 urbanasque
580 867 621 885 eas
635 857 783 894 appellavit.
804 861 868 886 Haec
880 858 970 884 Livius
981 877 988 888 ,
1009 864 1039 883 ut
1053 856 1102 883 alia
1116 858 1253 883 omittam.
1281 856 1390 883 Factum
1405 857 1442 883 est
1455 866 1525 884 anno
1538 856 1570 883 ab
1587 858 1620 884 U.
1629 858 1662 884 C.
1675 867 1793 885 cmxix.
1809 859 1878 885 Coss
1891 861 1922 884 Ρ.
1936 857 1997 883 Sul-

406 893 471 929 pitio
485 895 627 923 Atrei-riom>
642 916 650 927 ,
674 900 705 921 P.
720 895 861 931 Sempronio
878 897 961 930 Sopho.
1002 896 1091 931 Atque
1104 893 1159 922 haze
1173 895 1200 921 in
1215 903 1313 932 genere
1329 894 1362 920 de
1380 894 1497 921 tribuum
1513 895 1618 931 origine
1633 915 1640 926 ‚
1667 905 1781 923 numero
1797 898 1823 924 ὃ(
1842 895 1996 923 discrimine

411 933 483 960 dieta
496 933 555 962 fint.
575 937 636 973 Jam
653 933 724 971 quod
744 935 837 965 restat,
857 935 952 961 ordine
966 932 998 959 de
1011 932 1117 969 lingulis
1130 941 1214 968 pauca
1226 932 1364 969 subjiciam
1378 943 1383 958 z
1409 932 1481 961 unde
1495 942 1598 960 nomen
1609 935 1761 970 acceperint
1775 954 1782 966 ‚
1802 937 1829 963 ὃ(
1843 933 1889 962 ubi
1903 942 1995 962 earum

411 970 457 999 fiat
472 973 586 1000 mentio.
606 974 646 1000 Ac
659 972 780 1008 primum
794 972 828 999 de
839 980 949 1010 quatuor
962 969 1073 997 urbanis.

1057 1023 1147 1051 Tribus
1159 1028 1179 1053 l.
1195 1023 1336 1052 Suburana.

452 1075 517 1102 Haec
529 1076 617 1111 prima
634 1075 703 1102 inter
723 1072 834 1101 urbanas
850 1070 1000 1100 recensetur
1019 1070 1032 1098 a
1051 1074 1124 1100 Varr.
1147 1071 1163 1099 l.
1177 1082 1205 1108 4.
1225 1073 1258 1100 de
1274 1072 1339 1109 ling.
1354 1073 1412 1099 Lat.
1432 1070 1533 1106 Dionys:
1552 1071 1598 1100 lib.
1610 1082 1638 1108 4.
1651 1072 1709 1100 [λυ.
1723 1073 1740 1100 l.
1761 1085 1782 1102 1.
1802 1074 1868 1102 Plin.
1884 1085 1915 1104 ac
1932 1075 1998 1104 aliis.

413 1110 492 1138 DiCta
506 1119 595 1141 autem
615 1113 652 1140 est
666 1111 812 1142 Suburana.
835 1111 898 1138 teste
910 1113 1018 1137 Varrone
1031 1131 1038 1141 ,
1059 1111 1130 1147 quod
1146 1110 1191 1137 sub
1205 1120 1285 1138 muro
1299 1118 1387 1138 terreo
1402 1113 1556 1137 Carinarum
1572 1111 1636 1139 esset
1648 1132 1656 1142 ,
1680 1111 1719 1139 vel
1733 1133 1741 1144 ‚
1763 1115 1996 1150 quemadmodum

411 1148 485 1176 idern
500 1159 532 1178 ex
546 1150 629 1189 Junio
643 1149 733 1181 affert,
753 1148 785 1176 ab
796 1159 844 1180 eo,
865 1148 937 1185 quod
952 1147 1032 1175 fuerit
1043 1147 1091 1182 sub
1105 1148 1215 1186 antiqua
1227 1148 1294 1175 usbe.
1335 1149 1387 1176 Cui
1402 1148 1588 1176 testimonium
1603 1150 1689 1184 potest
1704 1150 1767 1182 effe,
1788 1153 1860 1187 quod
1873 1151 1957 1179 subest
1972 1152 1996 1178 ei

411 1186 474 1214 loco
485 1207 492 1218 ,
512 1192 556 1225 qui
571 1197 672 1217 terreus
688 1197 780 1214 murus
796 1194 914 1215 vocatur.
955 1187 1005 1213 Sed
1019 1195 1084 1223 ego,
1104 1186 1206 1224 inquit,
1225 1187 1239 1213 a
1250 1195 1321 1223 pago
1333 1187 1421 1222 potius
1431 1186 1555 1220 Sucufimo
1571 1187 1671 1214 dictam
1686 1196 1753 1224 puto
1766 1191 1893 1223 Sucufiim.
1914 1193 1996 1218 Nunc

411 1224 535 1252 scribitur
550 1226 628 1254 tertia
639 1226 717 1253 litera
731 1227 760 1253 B.
774 1235 828 1253 non
842 1227 874 1252 C.
894 1229 980 1261 Pagus
991 1225 1130 1258 Suctfiznus
1143 1245 1150 1255 ,
1170 1225 1242 1260 quod
1257 1223 1384 1251 succurrit
1400 1222 1526 1251 Cars‘nezssae.
1553 1226 1624 1252 Sext.
1640 1226 1784 1262 Pompejus
1796 1225 1830 1254 fic
1845 1228 1879 1255 de
1893 1238 1922 1255 ea
1936 1227 1997 1255 scri.

411 1261 465 1289 bit:
485 1262 611 1291 Suburam
627 1265 735 1292 Verrius
750 1263 802 1291 alio
817 1263 886 1292 libro
901 1262 913 1290 a
926 1272 996 1300 pago
1006 1264 1128 1296 Surustmo
1140 1262 1240 1290 dietam
1255 1263 1299 1290 ait.
1318 1264 1380 1289 Hoc
1394 1270 1459 1288 vero
1474 1262 1593 1289 maxime
1605 1263 1701 1299 probat
1717 1273 1813 1290 eorum
1829 1265 1997 1296 authoritate,

412 1301 458 1337 qui
472 1301 548 1336 ajunt
559 1323 567 1334 ‚
587 1304 622 1330 ita
634 1302 792 1339 appellatam
811 1305 837 1331 δε
850 1302 990 1339 regionem
1006 1301 1086 1328 Urbis
1100 1321 1108 1332 ,
1128 1303 1154 1328 ὃς
1167 1300 1262 1327 tribum
1282 1299 1296 1327 a
1311 1300 1406 1328 stativo
1419 1298 1538 1336 prafidio
1553 1321 1560 1332 ‚
1581 1301 1653 1338 quod
1669 1301 1776 1329 iolitum
1798 1302 1829 1329 fit
1846 1303 1998 1331 succurrere

413 1339 533 1377 Efiqmlw‘s
547 1340 730 1368 infestantibus
744 1350 802 1368 earn
818 1348 924 1377 partem
940 1339 1020 1367 Urbis
1033 1338 1136 1366 Gabinis
1151 1358 1158 1368 .
1178 1339 1332 1375 indicioque
1345 1337 1395 1365 esse
1408 1358 1415 1368 ‚
1437 1337 1509 1374 quod
1524 1338 1610 1366 adhuc
1623 1347 1653 1366 ea
1666 1339 1750 1367 tribus
1767 1349 1815 1376 per
1829 1341 1859 1368 C.
1873 1341 1977 1369 literam
1986 1363 1995 1374 ,

414 1378 442 1404 ἃ
457 1387 513 1405 non
522 1386 570 1414 per
585 1380 614 1406 Β.
627 1378 762 1407 scribatur.
782 1382 846 1407 Haec
859 1375 966 1405 Coelium
980 1386 1104 1409 montem,
1126 1379 1153 1405 &
1168 1376 1421 1411 circumadjacentia
1433 1375 1492 1403 loca
1506 1377 1741 1413 complectebatur.
1767 1378 1844 1405 Paul.
1859 1379 1996 1407 Manutius

414 1415 442 1441 in
458 1415 566 1444 Scholiis
580 1417 607 1444 in
621 1419 647 1446 8.
661 1417 706 1444 lib.
719 1417 793 1452 epist.
808 1417 867 1445 Cic.
880 1417 912 1443 ad
924 1415 1077 1442 familiareis
1087 1436 1093 1447 ‚
1114 1415 1246 1442 existimat
1258 1415 1291 1442 de
1302 1423 1332 1441 ea
1347 1415 1509 1441 Ciceronem
1524 1414 1646 1443 locutum
1661 1414 1736 1443 fuisse
1748 1417 1776 1443 in
1787 1418 1897 1446 Orat.2.
1913 1420 1997 1456 Agra-

412 1453 466 1484 ria,
486 1454 532 1481 ubi
551 1462 642 1482 tamen
658 1456 685 1483 in
702 1455 814 1491 vulg-atis
826 1454 928 1493 legatur
941 1453 1093 1491 Ogriculana
1106 1472 1113 1482 ,
1134 1454 1161 1480 in
1174 1452 1246 1480 libris
1259 1460 1350 1481 autem
1365 1452 1483 1489 quinque
1498 1453 1612 1490 antiquis
1627 1464 1632 1480 ;
1652 1453 1684 1480 ab
1697 1455 1842 1487 uficmnam
1851 1475 1860 1488 ‚
1878 1465 1929 1492 pro
1942 1465 1997 1494 quo

413 1489 467 1526 ipse
480 1491 622 1528 legendum
637 1500 712 1529 putat
724 1491 866 1522 Suburana.

1053 1526 1143 1555 Tribus
1160 1531 1194 1556 ΙΙ.
1215 1526 1355 1567 Esquilina.

432 1574 440 1580 ’
453 1575 688 1616 Τῐὶὺυεεῂμιίίὶηα
696 1577 765 1604 dieta
773 1577 809 1604 est
819 1577 850 1604 ab
859 1576 988 1615 Esquiliis.
1008 1575 1128 1612 Esquiliae
1135 1584 1223 1604 autem
1233 1598 1239 1609 ‚
1258 1586 1288 1606 ut
1296 1577 1459 1612 Varrolib.4.
1476 1576 1509 1604 de
1520 1574 1608 1613 lingua
1622 1577 1680 1604 Lat.
1694 1578 1764 1605 testis
1779 1579 1828 1611 est,
1849 1579 1995 1608 secundum

415 1614 544 1650 quosdam
552 1615 584 1642 ab
593 1615 708 1643 excubiis
723 1616 819 1657 regiis,
839 1615 983 1643 secundum
992 1614 1071 1645 alios,
1093 1615 1165 1651 quod
1180 1616 1289 1643 excultae
1300 1616 1312 1642 a
1322 1618 1398 1652 Rege
1406 1614 1496 1642 Tullio
1511 1614 1607 1646 essent,
1628 1614 1663 1641 sic
1676 1616 1753 1643 dieb:
1768 1617 1840 1645 sunt:
1860 1617 1904 1644 sed
1918 1618 1952 1644 de
1964 1620 1996 1647 iis

412 1651 504 1688 supra,
524 1651 568 1680 ubi
583 1654 616 1681 de
624 1652 849 1692 monteEJquilino
863 1653 952 1681 termo
958 1653 1024 1683 fuit,
1044 1652 1120 1689 plura
1132 1653 1278 1682 attulimus.
1299 1654 1484 1681 Meminerunt
1498 1652 1575 1689 hujus
1587 1652 1666 1680 tribus
1676 1654 1758 1682 iidem
1767 1675 1775 1688 ‚
1795 1654 1980 1693 quisuburanae
1988 1677 1996 1690 ,

412 1687 553 1729 DivvfiW‚
561 1691 662 1724 Ldvius,
669 1695 756 1724 Varro,
763 1690 865 1719 Plinius
872 1694 898 1721 ὅζ
907 1692 998 1730 Festus.

1066 1727 1157 1756 Tribus
1169 1731 1214 1756 III.
1236 1727 1345 1757 Collina.

454 1779 553 1808 Collina
565 1780 643 1809 tribus
657 1781 729 1810 ditsta
742 1781 777 1808 est
794 1801 801 1812 ‚
828 1789 857 1809 ut
871 1781 960 1810 scribit
975 1784 1052 1808 Varro
1068 1780 1085 1808 l.
1099 1790 1126 1815 4.
1141 1781 1174 1808 de
1189 1781 1252 1818 ling.
1274 1783 1332 1810 Lat.
1349 1780 1362 1808 ἓι
1377 1779 1476 1808 callibus
1490 1802 1497 1812 ,
1518 1779 1652 1817 Qiirinali
1665 1803 1673 1814 ,
1694 1783 1720 1810 δε
1733 1781 1856 1813 Viminali
1868 1806 1876 1820 ‚
1899 1787 1926 1816 in
1939 1790 1996 1826 qui-

414 1818 523 1885 bquRfita
538 1827 601 1848 erat.
621 1820 751 1848 Meminit
764 1819 821 1856 ejus
835 1828 930 1857 praeter
943 1818 1090 1856 superiores
1104 1819 1187 1846 etiam
1201 1818 1324 1855 Joftphus
1341 1818 1359 1846 l.
1374 1829 1414 1855 14.
1422 1827 1478 1855 cap.
1490 1827 1530 1854 17.
1549 1819 1589 1846 his
1604 1818 1702 1848 verbis:
1724 1822 1755 1848 L.
1764 1823 1899 1858 Coponius,
1919 1828 1952 1855 L.
1967 1829 1997 1857 F,

413 1862 447 1885 Co
467 1867 521 1885 tna.

1063 1894 1154 1923 Tribus
1170 1898 1185 1921 I
1191 1898 1218 1923 V.
1238 1894 1370 1924 Palatina,

455 1944 637 1972 Denominata
650 1942 706 1971 haec
718 1941 800 1970 tribus
816 1942 852 1970 est
864 1963 872 1974 ,
892 1941 1039 1971 secundum
1053 1946 1188 1971 Varronem
1201 1943 1217 1971 1.
1231 1954 1259 1980 4.
1273 1946 1306 1973 de
1319 1945 1384 1983 ling.
1398 1946 1456 1973 Lat.
1470 1944 1484 1973 a
1497 1943 1616 1971 Palatino
1629 1952 1712 1972 monte
1727 1965 1735 1977 ‚
1762 1955 1844 1984 quem
1859 1957 1920 1976 cum
1935 1949 1997 1978 foro

417 1985 445 2012 8<
457 1982 591 2019 Capitolio
604 1981 751 2010 obtinebat.
773 1982 958 2010 Meminerunt
975 1981 1032 2018 ejus
1044 1991 1140 2010 omnes
1154 1983 1185 2013 ii,
1206 1983 1251 2020 qui
1265 1983 1431 2024 superiorum
1440 2004 1447 2014 ‚
1468 1986 1494 2012 &
1508 1991 1602 2019 practer
1613 1992 1659 2011 eos
1672 1987 1755 2011 Cicero
1769 1987 1844 2013 Orat.
1853 1995 1880 2021 4.
1891 1988 1920 2015 in
1928 1991 1997 2015 Ver-

417 2031 489 2060 rem:
512 2022 545 2048 C.
562 2019 702 2051 Claudius,
723 2021 755 2047 C.
770 2020 798 2046 F.
818 2019 946 2051 Palatina,
966 2023 993 2048 ὃς
1007 2020 1038 2048 ad
1054 2030 1117 2048 eum
1131 2020 1224 2050 locum
1239 2023 1368 2056 Aftomus:
1391 2021 1452 2049 alibi
1463 2022 1499 2049 ait
1513 2041 1522 2052 ,
1544 2023 1574 2048 L.
1586 2021 1727 2049 Claudium
1744 2023 1868 2052 Palatina.
1907 2026 1996 2062 Repe·
2020 2036 2027 2040 ·

418 2060 485 2087 ritur
495 2059 552 2095 ejus
564 2059 669 2086 mentio
683 2058 765 2086 etiam
780 2058 808 2085 in
820 2057 942 2094 plurimis
955 2059 1070 2095 antiquis
1084 2059 1281 2092 marmoribus,
1300 2060 1328 2087 in
1342 2060 1436 2097 quibus
1445 2058 1516 2086 hisce
1529 2058 1584 2086 fere
1597 2059 1678 2087 literis
1693 2068 1810 2089 notatur.
1839 2062 1859 2088 Ρ
1869 2073 1919 2091 AL.
1940 2065 1959 2090 Ι)
1967 2073 1996 2091 Α-

419 2105 435 2123 L
447 2106 499 2124 AT.
518 2098 536 2124 Ρ
545 2106 561 2123 Α
571 2107 586 2124 L
597 2107 638 2123 AT
650 2107 655 2123 i
665 2107 693 2124 N.
715 2096 733 2122 Ρ
744 2106 761 2124 A
770 2106 786 2123 L
795 2106 812 2123 A
821 2107 838 2123 τ
847 2107 855 2124 1
864 2107 882 2124 N
893 2107 908 2123 A
917 2117 924 2128 ,
946 2098 972 2125 ὃς
988 2098 1005 2123 Ρ
1016 2108 1032 2124 A
1043 2107 1057 2124 L
1067 2107 1083 2124 A
1094 2108 1111 2125 ’r
1122 2108 1135 2126 ε
1146 2108 1152 2125 1
1163 2108 1180 2125 N
1191 2108 1217 2125 A.
1256 2097 1443 2134 Inscriptiones
1457 2097 1512 2125 illas
1526 2098 1571 2134 qui
1585 2097 1749 2135 cognoscere
1759 2098 1886 2132 voluerit,
1908 2102 1996 2129 videat

419 2134 531 2166 onuphr.
542 2133 699 2161 Panvinium
716 2144 741 2161 2.
751 2135 912 2162 Comment.
925 2134 960 2162 de
974 2134 1089 2170 Republ.
1105 2137 1190 2163 Rom.
1203 2136 1249 2172 qui
1262 2136 1425 2174 singularum
1435 2135 1550 2164 tribuum
1564 2136 1717 2164 testimonia
1730 2146 1762 2165 ex
1777 2137 1992 2175 inscriPtionibus

419 2171 537 2198 adduxit.
557 2173 645 2209 Atque
658 2171 697 2199 hae
711 2171 770 2200 sunt
789 2182 830 2200 ιν.
842 2171 924 2199 mbas
939 2171 1049 2205 urbana,
1070 2172 1215 2211 sequuntur
1227 2173 1328 2212 rustica.

1072 2225 1163 2253 Tribus
1185 2231 1213 2256 V,
1231 2226 1355 2256 Romilia.

460 2262 611 2298 Sequuntur
625 2261 715 2298 rustm
731 2262 812 2291 tribus
824 2275 833 2291 :
852 2264 926 2292 Inter
939 2273 1003 2301 quas
1017 2265 1137 2301 primum
1154 2265 1246 2293 locum
1261 2266 1365 2294 obtinet
1378 2265 1488 2294 Romilia
1500 2287 1508 2298 ‚
1528 2275 1588 2303 quae
1600 2265 1635 2294 fic
1648 2267 1719 2294 dicta
1732 2267 1782 2299 est,
1801 2265 1872 2304 quod
1885 2264 1930 2293 sub
1945 2269 1994 2294 Ro-

421 2309 466 2328 ma
480 2299 511 2327 fit
525 2318 534 2329 ‚
554 2298 618 2326 teste
631 2302 743 2328 Varrone.
781 2307 852 2330 Sext.
865 2305 995 2337 pompejus
1017 2303 1052 2331 iic
1069 2304 1126 2340 ejus
1146 2305 1275 2332 meminit
1287 2315 1292 2331 :
1318 2304 1430 2332 Romilia
1442 2304 1524 2332 tribus
1536 2305 1607 2333 dieta
1621 2325 1628 2336 ‚
1650 2305 1721 2342 quod
1736 2314 1768 2332 ex
1780 2314 1813 2331 eo
1827 2312 1892 2340 agro
1907 2305 1996 2333 cense-

420 2337 511 2369 batur,
533 2344 614 2378 quem
629 2338 748 2363 Romulus
760 2348 792 2366 ex
807 2341 965 2377 Vejentibus
981 2349 1095 2378 ceperat.
1130 2342 1170 2371 Ex
1183 2351 1237 2381 quo
1249 2342 1311 2371 loco
1325 2344 1422 2378 onuph.
1437 2341 1455 2370 l.
1469 2352 1494 2370 2.
1511 2344 1670 2371 Comment.
1684 2341 1807 2378 Reipubl.
1824 2342 1907 2370 Rom.
1921 2343 1997 2371 colli-

417 2377 459 2415 git
472 2375 539 2405 hanc
552 2373 653 2403 tribum
667 2383 726 2402 eam
735 2378 791 2413 agri
797 2378 916 2407 Romani
928 2388 1034 2417 partem
1049 2380 1205 2415 obtinuisse,
1216 2390 1273 2420 quae
1284 2381 1312 2411 in
1320 2381 1434 2411 Thuscia
1440 2390 1524 2419 prope
1533 2380 1612 2409 Urbis
1627 2381 1730 2409 moenia
1742 2378 1883 2413 inchoans,
1904 2380 1996 2409 secun-

1926 2420 1994 2451 dum

2058 494 2075 822 —'L——**·‘⁴'-'i*‘„
2063 465 2066 474 ⁴
2064 433 2066 451 Α
