2075 2734
396 100 449 136 748
693 90 1687 128 ANTIQUITATUMROMANARUML18.X.

398 151 463 178 Non
477 146 565 179 enim,
584 152 615 176 ut
628 145 655 174 in
670 145 745 173 Urbe
759 143 801 171 lex
815 142 903 171 Porcia
917 144 987 171 cives
1002 144 1144 170 Romanos
1157 141 1170 170 ὲ
1185 141 1387 179 magistratuum
1403 141 1485 178 virgis
1496 143 1522 170 δε
1536 139 1686 169 securibus:
1705 141 1741 170 fic
1753 142 1835 171 etiarn
1851 143 1878 172 in
1888 145 1976 175 castris

394 186 547 215 vindicavit.
585 185 672 214 Aliam
689 184 763 211 enim
777 181 930 217 dfiiplinam
944 180 1082 209 militarem
1095 181 1147 208 ess'e
1160 179 1303 209 voluerunt
1318 201 1327 212 ,
1348 179 1426 207 aliam
1440 178 1563 206 urbanam
1576 189 1584 205 -·
1606 180 1728 219 itemque
1741 180 1822 208 alium
1837 183 1868 210 ad
1883 192 1977 219 patan-

392 225 459 252 dum
472 231 605 252 terrorem
620 221 767 252 exercitui,
788 219 870 248 alium
885 219 986 256 populo
999 219 1050 247 effe
1064 219 1231 256 propositum
1245 229 1251 245 t
1271 218 1400 255 siquidem
1415 217 1446 245 ab
1461 221 1618 252 Imperatoris
1631 218 1748 258 imperio
1760 219 1829 247 nulla
1842 229 1899 249 erat
1913 231 1975 258 pro·

394 263 510 290 vocatio,
529 260 604 290 Lenis
616 268 705 289 autem
720 258 903 286 animadverto
917 259 984 292 fuit,
1005 267 1063 295 quae
1076 257 1256 295 ignominiam
1269 256 1374 284 tantum
1388 256 1489 284 inussit:
1510 263 1538 284 ut
1549 257 1709 294 ignommtofi’
1722 256 1837 291 dimitti,
1849 258 1975 296 stipendio

393 300 504 337 legitimo
517 299 626 335 (paliari,
645 296 741 335 hastam
754 297 830 329 dare,
850 295 970 324 tendendi
982 296 1061 323 locum
1076 304 1176 323 mutare
1186 317 1193 327 ,
1212 303 1287 321 extra
1300 294 1416 329 oppidum
1429 293 1558 322 hibernare
1571 315 1580 327 ‚
1601 294 1681 321 cibum
1687 294 1801 332 stantem
1814 305 1910 330 capere,
1924 299 1976 334 sos:

387 340 447 373 fizm
458 338 547 378 fodere
561 359 567 370 ,
586 337 732 371 diftinHum
751 333 856 372 destitui
869 356 875 366 ‚
895 335 982 362 hordeo
996 333 1061 369 pusii
1073 355 1081 368 ,
1094 333 1245 371 fias-guinem
1261 331 1340 359 mitti.
1380 332 1506 364 Gravior,
1527 342 1584 370 quae
1601 334 1799 361 detrimentum
1814 334 1903 364 intulit
1919 357 1926 367 ‚
1946 344 1977 366 ut

393 376 473 414 virgis
484 377 540 402 cxdt
555 397 561 407 ,
582 373 667 402 venire
680 394 688 407 ‚
701 372 769 411 juste
782 392 789 402 ‚
810 373 939 407 &securi
947 380 1044 407 percuti
1056 392 1063 402 ‚
1084 372 1205 399 deciman·
1220 392 1228 404 ,
1248 371 1275 397 in
1290 381 1383 398 crucem
1397 371 1468 404 tolli,
1492 380 1603 408 quarum
1619 372 1744 399 omnium
1760 373 1881 409 exempla
1895 373 1975 411 quam

394 412 514 441 maxime
528 415 623 442 idonea
637 412 792 440 referemus.
826 413 868 439 De
884 410 1044 449 ignominiasti
1055 409 1194 446 dimiffione
1206 409 1364 446 exemplum
1378 409 1414 436 est
1427 410 1497 446 apud
1510 408 1628 437 Hirtium
1641 410 1712 437 bello
1727 410 1853 438 Africano
1867 422 1872 439 :
1899 413 1978 446 Cafivr

395 453 428 479 de
442 451 562 488 suggestu
575 451 731 479 convocatis
747 450 871 478 omnium
887 451 1026 487 legionum
1042 448 1172 480 tribunis,
1193 446 1457 484 centurionibusque,
1480 449 1511 475 C.
1519 446 1635 480 Aviene,
1656 449 1755 485 inquit,
1776 450 1848 486 quod
1864 450 1891 477 in
1903 449 1977 479 ltalia

393 490 492 517 milites
505 490 597 526 populi
613 488 731 516 Romani
744 495 838 516 contra
850 487 1045 525 rempublicam
1060 487 1199 524 instigasti,
1220 485 1374 522 rapinasque
1389 494 1436 521 pei·
1450 485 1592 522 municipia
1606 486 1688 514 fecisti
1701 507 1708 518 ‚
1730 487 1887 523 ignominiae
1901 488 1976 517 causs

396 527 428 554 ab
444 528 560 555 exercitu
576 537 641 555 meo
654 534 681 555 te
693 536 834 555 removeo.
873 530 913 553 De
918 524 1085 562 fi-audasione
1090 523 1210 561 stipendii
1222 524 1281 551 fitis
1295 532 1392 552 notum
1408 524 1453 551 est.
1486 524 1557 552 Hinc
1571 525 1642 552 enim
1657 535 1700 551 are
1714 525 1796 552 diruti
1809 525 1984 562 appellabam

394 572 436 593 tur
450 586 457 597 ‚
479 565 543 594 teste
556 564 636 593 Nonio
648 586 655 596 ‚
676 565 775 593 milites
789 586 795 596 ,
816 564 911 601 quibus
925 571 1036 601 propter
1050 564 1230 600 ignominiam
1245 562 1418 598 stipendium,
1440 562 1466 591 id
1477 562 1527 591 est.
1550 571 1653 590 merces
1670 563 1850 597 menstrualis,
1871 572 1915 592 aut
1929 574 1975 593 an-

393 613 462 636 nua,
483 613 540 641 quae
555 605 618 632 effet
635 605 661 632 in
675 604 797 631 nummis
810 603 896 634 aereis,
915 601 1123 630 subtrahebatur.
1155 601 1234 628 Unde
1246 603 1321 627 Varro
1335 600 1368 627 de
1382 601 1436 628 vita
1450 600 1542 636 populi
1557 601 1676 628 Romani
1691 612 1696 627 ·.
1716 600 1875 635 Stipendium
1889 603 1977 640 appel.

392 641 494 670 labatur
508 663 515 673 ‚
536 644 608 678 quod
625 651 657 669 aes
673 641 754 669 militi
768 641 892 668 semestre
902 661 910 672 ,
932 648 976 668 aut
989 649 1106 667 annuum
1127 639 1238 667 dabatur
1251 659 1259 670 ‚
1280 640 1323 667 cui
1337 638 1431 667 datum
1446 647 1502 665 non
1522 637 1553 665 fit
1565 647 1677 674 propter
1691 639 1870 675 ignominiam
1889 662 1896 673 ‚
1923 651 1975 669 aere

393 680 496 708 dirutus
513 681 584 709 esset.
604 681 638 708 Et
652 678 741 707 Livius
753 679 822 707 libro
835 688 882 714 40.
905 681 989 712 Causa
1003 675 1155 715 ignominia,
1176 678 1214 705 uti
1228 676 1351 705 semestre
1365 677 1523 713 stipendium
1538 676 1566 703 in
1578 686 1641 703 eum
1654 685 1754 703 annum
1770 678 1833 706 esset
1844 681 1868 706 ei
1876 678 1977 716 legioni

393 718 542 747 decretum.
561 721 618 746 AEre
630 717 749 745 dirutum
762 723 853 746 autem
869 717 984 744 militem
998 717 1029 743 ab
1043 716 1158 752 antiquis
1171 715 1274 743 dietum
1290 716 1369 743 tradit
1383 714 1483 752 Festus,
1504 714 1545 741 cui
1556 714 1715 750 stipendium
1731 715 1886 750 ignominiae
1899 717 1975 746 eausa

392 766 448 784 non
463 764 518 784 crat
532 757 641 789 datum,
663 756 734 792 quod
748 766 781 783 aes
794 754 947 783 diruebatur
960 756 987 782 in
1001 754 1108 786 fiscum,
1129 763 1184 781 non
1200 754 1227 780 in
1242 752 1333 781 militis
1345 753 1487 781 sacculum.
1514 752 1547 779 Et
1559 752 1632 780 idern
1646 752 1698 779 alio
1712 751 1774 780 loco
1787 763 1792 780 ι
1813 752 1977 792 Refignutum

392 805 422 822 aas
437 794 532 822 dicitur
546 795 639 827 militi,
660 793 722 822 cum
737 794 772 822 ob
783 793 912 821 dclitstum
927 793 1032 828 aliquod
1052 792 1120 829 juffu
1132 791 1228 818 tribuni
1242 791 1359 819 militum
1374 812 1381 822 ‚
1403 801 1438 818 ne
1451 790 1610 826 stipendium
1624 791 1649 818 ei
1661 791 1738 818 detur
1753 812 1759 823 ,
1782 792 1808 819 in
1823 792 1922 820 tabulas
1935 802 1976 821 re-

392 832 486 860 fertur.
506 837 545 860 De
558 832 628 870 hasla
641 833 727 861 danda
743 833 817 860 idem
832 830 914 868 Festus
932 832 959 859 in
973 830 1042 858 hunc
1056 831 1180 858 modum.
1200 829 1283 867 Cenfio
1297 827 1408 865 hastario
1422 829 1573 868 dicebatur,
1595 828 1658 857 cum
1674 829 1753 856 militi
1770 829 1876 860 muletae
1887 832 1977 860 nomi-

393 881 428 898 ne
440 869 477 898 ob
493 871 619 899 deluStum
634 870 749 898 militare
761 869 942 899 indicebatur,
951 868 1023 906 quod
1038 868 1119 896 hastas
1133 870 1215 896 daret.
1236 872 1275 895 De
1289 867 1410 903 mutando
1424 875 1525 894 tentorii
1536 866 1583 892 loco
1590 866 1798 905 naii‘atPoffibius
1811 867 1880 896 libro
1892 869 1976 902 sexte,

394 918 463 946 quos
477 909 625 946 ignominia
639 909 746 937 afficere
760 910 909 941 voluerint,
931 917 976 934 eos
990 915 1063 934 extra
1077 907 1156 934 casti-a
1171 906 1280 934 tendere
1295 906 1386 941 justos.
1425 905 1503 932 Unde
1516 904 1584 941 apud
1597 907 1700 932 Livium
1714 906 1759 932 lib.
1773 915 1786 933 2
1791 917 1816 942 5.
1836 908 1977 942 Cannenfts

393 946 489 974 milites
502 954 650 983 queruntur
664 948 712 975 ita:
735 949 817 974 Nunc
831 947 964 974 deteriore
978 946 1134 981 conditione
1145 944 1249 974 iunius,
1269 953 1349 979 quam
1364 944 1432 980 apud
1440 952 1526 983 patres
1539 943 1643 970 nostros
1657 942 1764 971 fuerunt
1777 946 1889 981 captivi,
1898 946 1974 982 quip-

394 994 428 1022 pe
439 985 489 1013 illis
501 995 577 1013 arma
590 993 694 1013 tantum
710 992 789 1022 atque
803 985 872 1012 ordo
886 983 1035 1014 militandi,
1057 983 1182 1019 locusque
1195 984 1222 1010 in
1235 991 1289 1018 quo
1302 983 1442 1010 tenderent
1455 983 1483 1009 in
1498 981 1599 1020 castris,
1619 981 1655 1008 est
1667 990 1797 1014 mutatus,
1818 992 1975 1019 quaetamen

391 1023 474 1050 semel
492 1031 587 1052 navata
603 1022 755 1059 reipublicae
768 1032 849 1060 opera
861 1043 869 1054 ‚
890 1024 916 1050 ὅ(
929 1031 983 1049 uno
1000 1021 1071 1048 felici
1086 1021 1177 1056 praelio
1190 1021 1389 1056 recuperarunt.
1428 1022 1469 1047 De
1483 1018 1588 1045 hibernis
1602 1018 1690 1046 Livius
1707 1019 1753 1048 lib.
1772 1024 1814 1048 26.
1841 1022 1974 1050 Additum

393 1069 574 1098 utrorumque
595 1062 752 1099 ignominiae
763 1082 771 1094 ‚
793 1072 823 1088 ne
837 1059 865 1088 in
877 1059 968 1094 oppidis
985 1058 1162 1090 hibernarent,
1187 1068 1255 1086 neve
1275 1057 1393 1094 hyberna
1407 1057 1515 1093 propius
1538 1055 1618 1083 ullam
1638 1057 1732 1084 urbem
1747 1059 1842 1086 decem
1857 1059 1974 1089 millibus

393 1100 514 1136 passuum
529 1100 697 1127 aedificarent.
720 1101 762 1127 De
774 1098 822 1126 cibo
838 1099 911 1126 idem
929 1096 1020 1125 Limus
1032 1097 1101 1125 libro
1114 1105 1159 1132 24.
1182 1096 1304 1124 Nomina
1316 1104 1410 1123 eorum
1426 1115 1433 1126 ,
1455 1096 1499 1131 qui
1514 1094 1666 1136 detredhtae
1678 1104 1773 1133 pugnae
1787 1106 1924 1126 memores
1936 1099 1974 1128 se.

393 1137 536 1165 cessionem
551 1137 629 1174 paulo
643 1146 705 1166 ante
721 1137 857 1169 fecerunt,
879 1135 972 1164 referri
986 1136 1018 1163 ad
1037 1146 1082 1164 me
1096 1134 1214 1171 jubebo:
1234 1134 1380 1170 citatosque
1393 1132 1506 1170 singulos
1517 1133 1691 1169 jurejurando
1704 1135 1810 1171 adigam
1824 1156 1832 1168 ‚
1854 1136 1901 1164 nisi
1915 1140 1975 1175 qui.

393 1175 441 1203 bus
454 1176 565 1203 morbus
579 1176 652 1204 causa
666 1177 731 1207 erit,
751 1186 807 1204 non
822 1175 912 1206 aliter,
934 1174 1014 1211 quam
1023 1172 1123 1211 stantes
1136 1173 1229 1204 cibum,
1245 1180 1395 1210 potumque,
1417 1171 1505 1214 quoad
1518 1171 1643 1214 stipendia
1656 1171 1753 1214 facient
1763 1193 1770 1205 ‚
1789 1182 1900 1208 capturos
1913 1177 1973 1204 effe.

393 1214 436 1240 De
441 1213 560 1248 fodiendo
573 1214 669 1242 author
682 1215 718 1241 est
733 1215 883 1242 plum-chus
899 1214 926 1241 in
940 1212 1070 1245 Lucullo,
1097 1213 1237 1249 antiquum
1252 1209 1376 1238 militaris
1395 1210 1551 1247 ignomintae
1565 1218 1648 1246 genus
1665 1209 1754 1250 fuffle,
1781 1220 1811 1240 ut
1823 1214 1918 1241 tunicis
1932 1215 1972 1242 in.

391 1252 532 1281 terioribus
546 1253 650 1285 solutis,
662 1251 755 1289 fhffi'm
761 1253 848 1289 fodere
862 1251 1026 1288 inspeetante
1038 1251 1141 1288 reliquo
1154 1250 1271 1278 exercitu
1284 1256 1453 1285 cogerentur.
1471 1249 1514 1275 De
1526 1248 1633 1285 reliquis
1646 1251 1736 1275 Limus
1749 1248 1795 1279 lib.
1805 1259 1846 1285 ²7·
1868 1252 1973 1281 Cohor-

394 1290 464 1317 tibus
478 1300 534 1327 quae
547 1291 618 1323 fiam
631 1291 788 1320 amiserant,
808 1291 928 1317 hordeum
942 1288 1001 1317 dari
1011 1289 1098 1326 justit,
1118 1286 1340 1324 centurionesque
1353 1286 1553 1324 manipulorum
1567 1305 1576 1316 ,
1595 1296 1711 1324 quorum
1726 1287 1797 1325 signa
1812 1290 1902 1318 amissa
1916 1290 1974 1319 fue.

393 1335 465 1358 rant,
486 1321 608 1357 distrietis
621 1328 712 1366 gladiis
724 1328 852 1364 discindhs
864 1329 990 1356 destituit.
1029 1327 1161 1358 Hordeum
1175 1328 1243 1354 item
1259 1335 1309 1363 pro
1327 1324 1411 1353 tritico
1425 1326 1583 1363 ignominia:
1599 1324 1674 1353 causa
1689 1326 1781 1353 datum
1797 1336 1885 1355 narrat
1902 1329 1974 1368 Poly,

392 1363 456 1393 btus.
496 1368 538 1395 Dc
551 1366 713 1405 diftingendis
728 1367 858 1394 militibus
872 1389 879 1399 ,
901 1376 954 1404 quo
971 1366 1139 1394 adimebatur
1152 1365 1182 1393 iis
1197 1365 1312 1392 militare
1325 1363 1462 1401 cingulum
1475 1385 1484 1397 ,
1506 1362 1640 1391 Suetonius
1654 1364 1681 1390 iu
1697 1365 1815 1401 Augusto
1827 1367 1913 1402 capite
1927 1377 1974 1404 24.

393 1404 530 1432 Frontinus
544 1405 612 1433 libro
629 1415 656 1440 4.
676 1407 901 1443 stratagematum
916 1406 1002 1441 capite
1020 1415 1041 1432 1.
1062 1406 1089 1433 ὃς
1106 1403 1236 1431 Barnabas
1250 1401 1386 1440 Briſjonius
1397 1402 1467 1430 libro
1478 1412 1502 1430 2.
1525 1402 1686 1430 Selestarum
1702 1412 1734 1430 ex
1749 1404 1808 1439 jure
1821 1405 1892 1432 civili
1905 1407 1973 1434 anti-

390 1442 524 1477 quitatum
540 1445 626 1480 capite
641 1443 766 1480 septimo.
786 1445 828 1472 De
842 1442 965 1471 mittendo
978 1450 1067 1471 autem
1074 1442 1200 1479 fimguine
1215 1442 1249 1469 sic
1262 1440 1374 1478 Agellius
1387 1441 1432 1469 lib.
1444 1451 1484 1468 10.
1494 1443 1582 1476 cap.8.
1602 1441 1663 1468 Fuit
1676 1439 1732 1468 haec
1741 1450 1848 1478 quoque
1860 1444 1972 1480 antiqui-

394 1487 437 1507 tus
451 1481 573 1509 militaris
586 1481 793 1513 animadversio,
812 1483 906 1518 jubere
919 1481 1075 1519 ignominiae
1088 1480 1161 1508 caula
1174 1480 1254 1513 militi
1267 1489 1359 1505 venam
1366 1478 1433 1512 solvi
1445 1499 1453 1510 ,
1474 1481 1499 1506 ὃς
1513 1478 1668 1515 sanguinem
1685 1479 1796 1518 dimitti.
1835 1481 1917 1516 Cujus
1932 1483 1972 1509 rei

391 1517 460 1545 ratio
475 1519 501 1546 in
515 1519 596 1546 literis
611 1519 744 1547 veteribus
758 1540 766 1551 ‚
787 1529 849 1556 quas
862 1521 989 1557 equidem
1004 1519 1124 1547 invenire
1137 1519 1214 1556 potui
1228 1538 1235 1549 ‚
1258 1526 1313 1545 non
1327 1523 1407 1545 extat.
1445 1517 1494 1544 Sed
1510 1518 1607 1552 opinor
1618 1515 1670 1544 hoc
1688 1517 1789 1544 fastum
1804 1518 1928 1553 primitus
1942 1520 1969 1547 in

392 1554 523 1584 militibus
536 1557 662 1593 stupentis
678 1558 777 1589 animi,
797 1566 876 1595 atque
894 1558 907 1584 ii
920 1558 1031 1585 naturali
1046 1557 1136 1584 habitu
1150 1555 1319 1587 declinantis,
1340 1564 1369 1584 ut
1384 1566 1439 1584 non
1452 1563 1506 1584 tam
1518 1565 1592 1589 poemz
1605 1575 1612 1586 ,
1634 1553 1714 1591 quum
1729 1555 1853 1582 meduana
1869 1558 1971 1585 videre-

392 1600 445 1620 tur.
487 1595 578 1623 Postea
591 1604 683 1624 tamen
696 1595 731 1623 ob
742 1595 867 1632 pleraque
887 1595 937 1623 :ilia
950 1595 1045 1623 delicta
1063 1596 1135 1623 idem
1151 1594 1300 1623 sanitatum
1316 1594 1367 1622 effe
1380 1595 1461 1623 credo
1481 1603 1528 1630 per
1542 1592 1760 1632 consuetudinem
1775 1612 1782 1624 ‚
1803 1593 1873 1630 quasi
1886 1605 1972 1622 mmm

384 1630 447 1664 ffim'
459 1633 612 1662 viderentur
626 1643 722 1661 omnes
735 1654 742 1665 ‚
763 1635 808 1671 qui
825 1635 1016 1671 delinquerent.
1056 1634 1190 1670 roirca
1203 1633 1331 1669 scriptum
1346 1634 1382 1660 est
1400 1633 1481 1661 etiam
1500 1631 1569 1668 apud
1586 1635 1758 1672 λῖνρηίηιιινηξ
1780 1633 1820 1659 M.
1836 1633 1971 1661 Catonem

393 1672 535 1699 memoriae
546 1672 689 1707 prodidisse
701 1693 708 1704 ,
728 1672 754 1699 in
771 1672 843 1700 furto
859 1672 1026 1708 deprehensis
1041 1672 1110 1698 inter
1124 1671 1327 1699 commilitones
1343 1672 1448 1699 dextras
1467 1671 1518 1698 esse
1530 1669 1663 1706 praeciias:
1684 1676 1728 1696 aut
1742 1672 1759 1695 11
1772 1668 1868 1697 lentius
1883 1672 1970 1699 anim-

393 1708 534 1737 advertere
551 1709 704 1742 voluissent,
725 1709 836 1744 Principi
848 1710 1002 1747 sanguinem
1022 1709 1138 1736 millum.
1157 1714 1197 1737 M.
1208 1709 1335 1736 Antonius
1347 1714 1464 1736 Muretus
1475 1708 1520 1736 lib.
1533 1717 1573 1745 ¹3·
1593 1708 1735 1735 Variarum
1748 1706 1895 1736 leffionum
1911 1719 1968 1746 cap.

394 1754 440 1773 20.
458 1747 537 1776 aliam
552 1747 629 1784 hujus
644 1748 727 1776 moris
741 1747 848 1778 causam,
862 1751 938 1776 aflei-t
953 1758 960 1775 z
981 1748 1043 1777 cum
1060 1748 1095 1775 ait
1107 1755 1202 1784 putare
1217 1748 1243 1775 se
1257 1769 1262 1777 ,
1282 1748 1381 1776 iccirco
1401 1749 1428 1776 id
1443 1747 1544 1775 fastum
1560 1745 1612 1773 effe
1623 1765 1630 1777 ‚
1658 1754 1687 1775 ut
1692 1746 1844 1784 Jimgumem
1857 1767 1864 1778 ,
1885 1757 1969 1785 quem

391 1793 447 1811 ccmo
454 1785 539 1823 gloria
552 1786 664 1814 fundere
677 1795 727 1822 pro
739 1787 824 1822 patria
841 1786 996 1816 noluissent.
1023 1795 1085 1813 eum
1101 1796 1162 1814 cum
1176 1784 1315 1823 ignominia
1327 1787 1492 1815 amitterent.

431 1824 472 1851 De
487 1824 654 1861 gravioribus
666 1825 938 1852 animadversionibus
956 1824 1011 1852 haec
1025 1832 1100 1852 erunt
1113 1825 1289 1852 documento.
1328 1824 1417 1851 Livius
1440 1825 1474 1851 de
1493 1822 1616 1857 Scipione
1635 1821 1800 1859 disciplinam
1821 1824 1967 1853 militarem

391 1862 425 1888 ad
446 1862 624 1891 Numantiam
640 1863 793 1899 corrigente
808 1874 812 1890 :
841 1864 932 1899 Qem
953 1863 1070 1890 militem
1087 1871 1161 1890 extra
1175 1863 1298 1889 ordinem
1313 1862 1489 1898 deprehendit
1500 1881 1507 1892 ,
1528 1860 1547 1888 fi
1562 1865 1702 1890 Romanus
1720 1862 1799 1893 esset,
1821 1862 1927 1890 vitibus:
1948 1864 1967 1892 fi

391 1906 531 1928 extraneus
546 1922 551 1931 ,,
565 1899 675 1937 fustibus
687 1901 797 1932 cecidit,
819 1903 844 1929 ἃ
860 1901 934 1928 alibi:
956 1899 1022 1930 Pub.
1033 1899 1122 1937 Nasica.
1135 1903 1161 1929 ὃ(
1178 1905 1213 1927 D.
1230 1903 1312 1927 Bruto
1325 1900 1499 1930 Consulibus,
1520 1899 1654 1927 deledtum
1668 1899 1838 1932 habentibus,
1859 1902 1886 1928 in
1903 1912 1968 1930 con-

392 1936 481 1972 spe-&u
495 1948 622 1975 tyronum
631 1949 672 1967 res
686 1939 849 1967 saluberrimi
861 1938 978 1975 exempli
990 1938 1057 1966 faeta
1069 1939 1113 1966 cst.
1142 1940 1215 1966 Nam
1231 1940 1307 1973 Cujus
1319 1944 1449 1966 Matre-mu
1461 1937 1593 1966 accusatus
1606 1938 1642 1965 est
1655 1938 1723 1974 apud
1737 1938 1857 1966 tribunos
1869 1939 1965 1976 plebis,

393 1976 463 2012 quod
477 1977 621 2005 exercitum
637 1978 664 2005 in
677 1977 801 2013 Hispania
813 1977 961 2005 deieruisset
976 1998 983 2008 ,
1004 1977 1196 2014 damnatusque
1214 1977 1260 2005 sub
1275 1976 1348 2005 furca
1363 1978 1407 2005 diu
1419 1976 1494 2013 vlrgis
1506 1978 1573 2011 casus
1586 1976 1622 2004 est
1636 1997 1644 2008 ,
1665 1979 1705 2008 Θ
1722 1976 1838 2004 sestertio
1852 1987 1969 2007 nummo

391 2012 482 2044 veniit,
522 2016 555 2043 Et
575 2019 657 2042 Cicero
677 2016 754 2043 tertia
774 2015 926 2052 Philippica.
965 2015 992 2042 Si
1012 2015 1111 2043 Consul
1131 2015 1190 2043 ille:
1216 2013 1374 2053 fustuarium
1401 2023 1555 2043 meruerunt
1574 2015 1692 2051 legiones
1705 2035 1712 2046 ‚
1746 2024 1803 2052 quae
1823 2016 1970 2045 Consulem

392 2051 561 2086 reliquerunt.
603 2053 674 2087 fuste
693 2063 783 2082 autem
805 2054 992 2082 credebantur.
1020 2053 1129 2081 authore
1149 2054 1244 2091 Polybio
1264 2054 1307 2082 lib.
1323 2059 1349 2082 6.
1368 2053 1420 2082 hoc
1441 2054 1538 2090 paCto:
1565 2056 1686 2089 Accepto
1706 2052 1772 2080 fune
1789 2052 1905 2081 tribunus
1926 2056 1970 2083 vix

391 2096 436 2115 tait
451 2087 496 2115 iim
517 2091 661 2127 attingebat
680 2093 853 2123 damnatum,
874 2093 945 2128 quod
965 2092 1010 2120 ubi
1031 2093 1131 2119 factum
1151 2101 1223 2124 erat,
1245 2103 1359 2124 omnes,
1381 2093 1425 2129 qui
1445 2093 1472 2119 in
1492 2091 1578 2119 castris
1598 2100 1672 2119 erant
1687 2112 1693 2122 ‚
1719 2092 1833 2118 cadentes
1845 2091 1968 2128 fustibus,

391 2126 570 2163 lapidibusslue
589 2129 725 2165 plerosque
745 2131 771 2156 in
792 2131 848 2166 ipsis
869 2131 955 2158 castris
974 2130 1151 2158 conicitbant
1167 2151 1174 2162 ‚
1199 2139 1229 2158 ac
1250 2130 1267 2157 si
1288 2133 1333 2168 qui
1354 2130 1487 2158 evaiisi‘ent
1500 2151 1506 2161 ,
1539 2140 1572 2157 nc
1592 2130 1626 2157 fic
1646 2130 1756 2166 quidem
1777 2132 1872 2157 ietvari
1893 2140 1969 2167 pote-

391 2172 459 2191 rant.
502 2165 608 2200 Qippe
627 2167 719 2202 quibus
739 2177 824 2204 neque
842 2169 867 2195 in
889 2170 1002 2204 patriam
1029 2169 1114 2196 redire
1141 2168 1232 2196 licere-t
1248 2190 1255 2200 ‚
1288 2178 1373 2206 neque
1399 2179 1412 2195 a
1431 2169 1587 2205 propinquis
1607 2169 1722 2195 domum
1748 2169 1831 2203 recipi
1855 2169 1968 2205 pollent.

392 2204 456 2229 Haec
474 2211 552 2239 poena
572 2204 740 2241 infligebatur
759 2205 906 2243 custodibus,
926 2206 980 2234 [ινα
999 2206 1115 2244 vigilibus
1134 2208 1161 2234 in
1181 2207 1278 2234 militia
1290 2228 1297 2238 ,
1323 2208 1368 2244 qui
1388 2206 1491 2234 tesseras
1510 2216 1565 2233 non
1586 2205 1754 2234 reddidissent
1767 2226 1774 2237 ‚
1801 2214 1845 2234 aut
1865 2207 1968 2235 durmi-

394 2241 488 2267 Vissbnt
505 2260 511 2271 ,
535 2248 578 2267 aut
598 2242 674 2268 locum
694 2242 784 2280 ‘uigilia
802 2243 989 2273 deseruissent:
1017 2246 1083 2273 item
1103 2243 1311 2283 tergiduc‘i‘ortbus
1327 2266 1332 2272 .
1354 2247 1379 2273 ὃ(
1395 2243 1513 2280 profestis
1533 2245 1578 2272 alae
1591 2265 1598 2276 ‚
1619 2244 1663 2281 qui
1682 2244 1849 2281 negligenter
1869 2245 1969 2282 vigilias

392 2278 534 2309 curassent,
555 2287 597 2306 ant
618 2279 720 2307 tesseras
741 2291 794 2308 non
815 2283 1007 2319 propagall'ent.
1047 2282 1119 2316 Folle
1139 2284 1221 2311 eiiam
1240 2283 1374 2311 radebatur
1390 2303 1396 2313 ,
1417 2284 1469 2319 *qui
1490 2282 1563 2311 furto
1581 2282 1715 2309 sustuliilet
1735 2283 1870 2318 quippiam
1890 2282 1905 2310 ἐ
1925 2291 1966 2310 ca-

392 2316 449 2343 stris
465 2337 473 2350 ‚
508 2326 612 2344 necnon
638 2319 682 2353 qui
703 2317 795 2345 falsum
816 2321 1000 2348 testimonium
1028 2321 1138 2349 dedillet
1152 2332 1156 2348 ε
1188 2323 1214 2349 ὅ(
1239 2321 1258 2348 fi
1279 2322 1336 2358 quis
1364 2321 1431 2348 flore
1452 2322 1533 2348 aetatis
1558 2321 1667 2347 abutens
1693 2320 1869 2356 deprehensus
1894 2320 1968 2348 effet-

383 2354 497 2387 Adhxc,
519 2355 564 2392 qui
580 2363 619 2382 ter
637 2355 672 2383 ob
692 2355 765 2383 idern
787 2358 891 2386 crimen
909 2358 1034 2386 nmstatur
1054 2359 1125 2387 effet-
1166 2360 1197 2387 In
1216 2358 1270 2387 ltaec
1290 2367 1417 2397 tanquam
1437 2360 1551 2387 crimina
1570 2358 1824 2386 animadvertebant.
1866 2358 1967 2385 Probro

1874 2403 1966 2426 autem
