2075 2734
381 77 432 109 DE
452 79 617 109 Onioiue
638 88 679 108 ετ·
700 89 1011 118 PROCESSUJURIS
1034 80 1193 111 Romus}
1234 84 1365 119 Citati.-
1606 96 1662 127 555

109 133 183 174 Legis
200 130 308 161 actiones
326 130 392 160 nihil
411 131 481 160 aliud
503 137 597 160 erant:
618 138 698 167 quam
715 130 780 158 ritus
794 129 848 157 five
861 129 972 163 formula
986 131 1110 160 omnium
1123 153 1130 164 ‚
1150 131 1243 169 quibus
1255 134 1297 169 jus
1310 132 1386 160 suum
1401 139 1504 162 veteres
1517 134 1660 173 perseque-

67 173 180 205 bantur,
200 172 338 200 actionum
351 170 528 201 diredtarum,
549 168 562 196 a
576 167 748 205 prudentibus
761 167 920 204 perscriptae.
961 170 1004 196 Sic
1017 171 1091 197 enim
1107 170 1256 206 Pomponius
1268 170 1466 208 jurisconsultus
1481 183 1487 200 ⁴,
1507 174 1613 203 Deinde
1626 185 1659 205 ex

70 213 102 241 iis
118 210 281 247 (duodecim
296 207 446 238 tabularum
460 207 577 241 scilicet)
591 203 694 244 legibus
707 206 807 233 eodem
822 213 946 243 tempore
965 207 1022 234 fere
1035 208 1152 236 adtioiics
1166 210 1322 246 compotitae
1335 209 1394 238 sunt
1407 231 1414 242 ,
1440 210 1536 247 quibus
1549 213 1619 240 inter
1631 214 1657 242 ie

69 249 192 278 homines
212 248 396 285 disceptarent,
435 246 507 310 ans
520 244 637 272 actiones
651 265 658 276 ,
683 254 717 272 ne
737 243 851 281 populus
864 253 945 280 prout
959 244 1039 273 vellet
1054 246 1218 278 institueret,
1241 257 1338 281 certas,
1358 247 1530 286 solemnesque
1545 252 1595 278 effe
1610 261 1658 279 vo-

67 287 182 315 luerunt.
223 287 325 323 Qibus
339 285 424 313 verbis
436 285 462 311 ni
484 283 500 310 il
514 281 582 310 aliud
598 283 703 311 videtur
718 282 826 311 voluisse
840 282 1003 318 Pomponius,
1025 293 1105 321 quam
1120 287 1145 313 id
1160 295 1258 319 omne,
1280 287 1351 324 quod
1366 287 1424 323 lege
1437 287 1568 316 doudecim
1584 289 1657 316 mba-

67 325 152 353 larum
166 325 366 356 continebatur,
405 321 528 350 rudentes
540 320 606 356 juris
619 322 696 349 certis
711 321 865 358 quibusdam
882 321 1017 354 formulis,
1040 332 1070 350 ac
1081 324 1133 350 ritu
1146 324 1247 353 solenni
1261 326 1287 353 in
1301 325 1377 353 usum
1392 324 1524 354 foi-cutem
1540 327 1655 356 induxis-

68 363 110 395 se,
131 364 184 391 sive
199 370 282 391 certas
297 362 384 389 formu
395 370 421 388 as
435 357 626 395 composuisse,
647 359 741 396 quibus
755 359 815 397 lege
829 360 870 395 agi
885 360 979 395 posset.
1018 360 1199 396 Eassormulas
1214 363 1365 392 obtinendae
1376 373 1456 400 atque
1469 366 1594 402 augendae
1606 376 1654 404 po-

68 403 158 431 tentiae
172 402 221 430 {uae
234 400 306 429 causa
321 400 346 427 in
359 398 520 435 pontificum
533 396 712 434 penetralibus
725 398 875 426 reconditas
889 397 1021 426 habebant
1034 419 1042 430 ‚
1061 399 1149 427 donec
1161 402 1270 429 tandem
1288 404 1380 437 Cnejus
1393 401 1498 430 Flavius
1501 402 1584 437 scriba
1597 405 1654 433 illas

67 439 100 468 ab
115 440 206 476 Appio
220 438 331 467 Claudio
343 437 376 464 ad
390 437 510 465 formam
524 436 643 465 redaEtas
656 435 792 473 evulgaret
802 456 810 467 ,
836 434 964 472 fastosque
979 445 1047 472 pene
1062 444 1122 464 toto
1140 437 1201 466 foro
1214 439 1334 476 exposuit
1348 461 1355 472 ,
1376 448 1406 468 ut
1420 441 1526 477 quando
1542 443 1568 470 &
1584 451 1654 479 quo-

67 478 154 506 modo
172 476 231 514 lege
243 476 285 514 agi
297 474 396 512 postet,
416 474 532 503 sciretur.
573 474 625 503 Hic
639 474 719 507 liber,
740 474 826 512 inquit
839 473 1003 508 Pomponius,
1024 475 1071 512 qui
1084 475 1202 504 actiones
1214 480 1349 509 continet,
1368 479 1513 514 appellatur
1520 480 1565 513 jus
1578 480 1652 508 civile

67 515 235 543 Flavianum:
253 515 317 542 ficut
331 512 374 541 ille
389 513 400 549 (
411 514 506 550 Papirii
518 511 631 545 scilicet,
654 513 698 550 qui
712 512 783 550 leges
796 513 880 549 regias
893 512 1065 547 continebat)
1072 523 1118 547 Jus
1130 512 1205 541 civile
1219 515 1391 549 Papirianum.
1434 517 1601 554 Augescente
1614 520 1652 547 ci..

68 553 163 585 vitate,
183 553 243 590 quia
255 551 365 580 deerant
379 553 500 589 quaedam
513 560 611 589 genera
624 553 734 589 agendi,
755 561 809 579 non
825 551 1015 589 post-multum
1031 553 1161 587 temporis
1176 551 1288 588 spatium
1303 558 1395 579 Sextus
1406 554 1482 581 AElius
1494 555 1556 584 alias
1567 557 1650 585 aetio-

67 600 113 620 nes
127 589 293 627 composuit,
313 593 339 619 ὅς
353 590 452 618 librum
466 589 568 626 populo
581 590 669 621 dedit,
690 591 736 627 qui
748 588 892 626 appellatur
897 590 942 624 jus
955 589 1091 617 AEliimum.
1134 591 1270 618 Hafflenus
1286 590 1442 624 Pomponius.

105 628 208 656 Aut-hor
223 628 259 654 est
272 636 322 664 pro
338 631 455 656 Muraena
470 627 570 656 Cicero,
589 629 697 665 cognita
711 628 765 665 jani
775 649 782 660 ,
805 629 830 655 δε
846 627 1017 665 promulgata
1029 628 1042 655 ii
1055 632 1103 656 Cn.
1118 627 1204 655 Plinio
1217 629 1447 660 dieiumiatioue,
1469 632 1567 660 veritos
1573 632 1653 668 juris:

63 666 193 701 consultos,
213 675 247 693 ne
261 666 314 694 fine
328 665 371 694 sua
384 675 465 702 opera
477 666 535 704 lege
549 666 634 702 posset
647 668 706 704 agi,
725 674 802 694 notas
815 665 940 701 quasdam
959 666 1149 702 composuisse,
1172 673 1201 694 ut
1214 667 1340 694 omnibus
1354 667 1379 694 in
1394 667 1468 695 rebus
1482 670 1527 705 ipsi
1542 671 1650 699 interes.

63 704 129 732 fient.
167 704 253 740 quue
269 713 328 732 eam
345 704 449 732 videtur
460 704 556 732 habere
569 703 727 733 sententiam
738 724 747 738 ,
766 711 796 732 ut
810 703 938 740 evulgatis
953 703 1022 732 fastis
1035 706 1062 733 ὃ(
1075 704 1140 742 legis
1154 704 1302 733 afflonibus
1314 725 1320 736 ‚
1340 714 1437 733 omnes
1448 726 1455 737 ‚
1476 716 1533 743 quae
1547 709 1560 737 a
1572 709 1652 745 juris:

62 741 175 777 conficlnsss
189 742 314 779 deinceps
327 743 560 779 componebantur
573 742 710 775 formulae,
731 742 816 774 notis,
835 741 888 769 hoc
902 742 937 769 est
946 762 953 774 ‚
973 742 1184 780 literisfingulis,
1205 750 1250 771 aut
1257 744 1325 772 binis
1334 743 1469 780 integrum
1479 745 1583 782 aliquod
1594 757 1652 775 ver-

63 780 129 809 bum
144 780 352 818 designantibus,
371 780 420 809 hac
431 781 583 810 intentione
596 781 811 817 exprimerentur
821 800 828 811 ‚
848 786 878 807 ut
891 779 910 807 fi
925 779 995 809 forte
1008 780 1094 808 rursus
1106 780 1296 819 evulgarentur
1308 803 1316 814 ‚
1336 780 1351 808 a
1366 781 1466 818 populo
1482 792 1536 811 nou
1549 786 1653 822 possent

62 818 175 856 intelligi
188 829 193 846 :
216 821 243 848 &
256 827 304 855 per
318 819 494 856 coniequens,
515 828 607 847 earum
620 818 805 856 interpretatio
818 817 923 854 semper
937 817 1138 854 ajurifionfhltis
1150 820 1265 855 petenda
1278 820 1423 848 neceffirio
1437 819 1516 850 foret.
1588 833 1650 853 uam

61 857 240 886 formularum
254 858 324 885 notis
336 856 566 885 describendarum
581 857 713 885 rationem
731 856 940 894 antiquissimam
957 858 1053 884 Romae
1065 857 1097 884 ad
1112 856 1271 895 Constantini
1285 857 1366 895 usque
1381 865 1505 894 tempora
1520 857 1650 889 servatam

61 895 135 924 fuiss‘e
149 916 156 927 ,
176 895 267 932 colligi
279 894 352 932 poffe
366 895 469 923 videtur
484 905 515 923 ex
529 895 579 922 isto
591 894 720 932 rescripm
734 894 919 922 Constantini:
941 894 1011 927 juris
1017 895 1148 931 formula,
1168 896 1345 932 aucupatione
1358 895 1515 932 syllabarum
1532 897 1650 926 inlidiau-

59 936 98 962 tes
113 934 272 960 cunctorum
288 932 402 965 astibus,
423 934 546 961 radicitus
558 941 748 970 amputentur,
770 933 812 962 tit.
827 942 849 960 i.
863 933 896 960 C.
908 933 942 960 de
957 933 1050 960 Form.
1064 936 1091 962 ὃς
1105 935 1246 970 Impetrat.
1260 933 1311 961 ast.
1324 933 1418 963 sublat.
1444 935 1548 972 Qibus
1563 938 1650 965 verbis

60 968 239 1007 constantinus
258 979 426 1008 nequaquam
447 981 543 999 omnes
551 971 622 1006 juris
632 971 756 1008 formulas
771 971 896 999 radicitus
909 972 1044 1007 amputari
1058 970 1157 1004 voluit,
1177 971 1221 999 sed
1232 971 1302 1004 hoc,
1323 980 1358 1000 ne
1372 972 1421 1001 illae
1429 971 1542 1007 formula
1557 974 1651 1008 (adt-ut

59 1008 194 1048 legitimos
208 1010 349 1044 nominat)
364 1010 433 1038 notis
446 1010 560 1047 amplius
574 1010 784 1039 describerentur
797 1029 804 1041 ,
829 1018 925 1037 verum
939 1009 975 1036 ita
990 1009 1071 1037 literis
1083 1009 1308 1046 perscriberentur
1322 1031 1329 1042 ‚
1350 1017 1379 1039 ut
1394 1010 1407 1039 ii
1422 1011 1518 1048 quovis
1532 1011 1585 1040 fine
1603 1012 1649 1041 ali⁵

59 1052 110 1086 qua
124 1047 279 1085 syllabarum
292 1049 468 1085 aucupatione
480 1048 553 1077 reete
565 1049 726 1086 legerentur.
746 1049 778 1076 In
792 1048 826 1076 iis
837 1054 927 1076 autem
936 1067 944 1079 ‚
965 1057 1023 1085 quae
1036 1048 1107 1075 notis
1121 1047 1351 1082 describebantur,
1372 1048 1527 1085 hujusmodi
1541 1049 1651 1086 syllaba.

60 1090 120 1114 ium
136 1087 324 1123 aucupationes
336 1086 488 1124 frequentes
501 1086 589 1119 fuisse,
609 1088 681 1115 testis
695 1087 747 1115 effe
759 1087 859 1125 poterit
873 1089 975 1113 Marcus
989 1088 1093 1118 Cicera,
1114 1086 1149 1114 fic
1163 1087 1196 1115 ad
1211 1088 1333 1116 Atticum
1343 1087 1649 1118 stribenslibrodecimo

58 1125 153 1160 tertio:
174 1125 208 1152 Et
222 1125 295 1161 quod
308 1125 341 1152 ad
355 1133 382 1153 te
395 1126 429 1153 de
442 1126 537 1153 deceni
550 1124 644 1163 legatis
656 1126 758 1164 scripsi,
779 1133 874 1162 parum
887 1123 1029 1152 intellexti:
1052 1125 1132 1152 credo
1141 1145 1147 1155 ,
1156 1126 1218 1161 quia
1231 1130 1269 1154 ἐμὲ
1282 1131 1377 1160 σημείων
1385 1125 1549 1161 scripseram.
1570 1128 1603 1156 Et
1612 1128 1648 1156 ob

58 1162 86 1191 id
99 1162 169 1190 haud
182 1162 262 1191 dubie
274 1162 444 1198 juriftonsulti
455 1173 568 1201 aucupes
582 1163 740 1202 syllabarum
753 1163 785 1191 ab
800 1164 896 1191 eodem
912 1161 981 1190 libro
994 1165 1086 1198 primo
1097 1162 1128 1189 de
1140 1168 1247 1191 Oratore
1260 1164 1386 1192 dicuntur
1398 1183 1407 1195 ,
1434 1164 1495 1200 quia
1507 1163 1606 1193 scilicet
1621 1167 1649 1195 io

13 1231 16 1235 ,
59 1203 203 1232 notarum,
223 1201 317 1238 quibus
330 1200 453 1230 formulae
467 1202 604 1238 descriptae
618 1211 707 1233 erant,
727 1201 964 1237 interpretatione,
985 1200 1020 1228 ob
1035 1201 1132 1233 varias,
1153 1202 1318 1240 incertasque
1331 1202 1408 1230 unius
1420 1200 1517 1234 literae,
1537 1211 1583 1232 aut
1597 1203 1650 1240 syl<

58 1238 122 1267 labae
135 1237 340 1275 significationes
351 1239 398 1276 ipsi
412 1241 494 1267 etiam
507 1238 606 1276 leguleii
617 1240 753 1267 interdurn
768 1237 1004 1267 hallucinabantur.

99 1276 224 1304 Alterum
238 1297 246 1308 ,
273 1286 305 1303 ex
331 1285 385 1313 quo
404 1277 545 1306 constitiffe
561 1279 606 1312 jus
629 1277 700 1305 civile
725 1278 841 1305 diximus
854 1297 861 1308 ,
889 1275 940 1304 fuit
965 1276 1048 1313 legum
1066 1276 1271 1305 decemviralium
1291 1277 1485 1313 interpretatio.
1525 1278 1597 1306 Cum
1619 1289 1647 1307 e.

59 1314 117 1342 nim
141 1314 205 1351 leges
222 1315 351 1341 duodecim
369 1314 514 1342 tabularum
534 1315 636 1353 aliquot
655 1315 819 1343 obscuriores
838 1315 920 1342 essent
933 1335 941 1346 ‚
967 1324 1017 1342 nec
1037 1325 1131 1342 omnes
1151 1316 1356 1344 circumstantiae
1375 1316 1510 1344 definitae:
1537 1316 1647 1345 consue-

58 1360 155 1381 verunt
173 1361 215 1380 eas
233 1351 400 1387 jurisconficln
418 1353 468 1381 suis
489 1354 749 1391 interpretationibus
767 1353 894 1381 illustrare
907 1374 914 1384 ‚
942 1353 1015 1389 quod
1039 1362 1090 1390 qua
1110 1355 1212 1382 ratione
1230 1353 1332 1381 fastum
1352 1353 1405 1387 fit,
1431 1353 1533 1390 aliquot
1553 1364 1648 1383 exem.

55 1390 106 1427 plis
126 1391 239 1418 ostendit
259 1390 414 1418 clarissimus
431 1391 630 1428 jurisconfiiltus
648 1390 760 1429 Jacobus
780 1390 914 1419 Raevardus
935 1389 1003 1418 libro
1021 1390 1159 1429 fingulari,
1179 1401 1261 1429 quem
1281 1392 1312 1418 de
1325 1392 1483 1426 prudentum
1502 1393 1647 1422 authorita-

53 1437 79 1457 te
99 1428 147 1457 sci-i
168 1429 207 1457 sit.

96 1469 122 1494 T
123 1439 238 1499 erktjium¹
260 1477 292 1495 ex
312 1476 366 1504 quo
378 1469 422 1502 jus
441 1467 513 1495 civile
533 1467 680 1498 constabat,
703 1466 754 1494 fuit
765 1468 809 1500 jus
829 1477 924 1494 noi-um
936 1487 943 1499 ‚
963 1465 1206 1501 jcii⁴iftoigficltoi⁴ttin,
1227 1466 1281 1494 five
1299 1468 1463 1502 prudentum
1484 1469 1646 1499 authoritate

58 1513 102 1534 aut
115 1504 255 1542 responfis,
277 1508 304 1534 ὅτ,
321 1505 371 1533 fori
386 1505 562 1543 disputatione
576 1506 768 1535 constitutum,
787 1512 867 1540 atque
879 1506 1032 1540 appendicis
1046 1504 1109 1532 loco
1122 1505 1267 1533 duodecim
1282 1505 1375 1532 tabulis
1390 1505 1536 1540 adjectum.
1570 1509 1643 1535 Cum

58 1544 132 1571 enim
149 1543 376 1578 jurijc'onficltotum
395 1543 450 1571 haec
469 1545 538 1580 apud
560 1544 700 1570 Romanos
719 1541 866 1570 servaretur
886 1542 1035 1570 differentia
1049 1562 1057 1574 ,
1077 1550 1106 1570 ut
1126 1542 1169 1570 alii
1187 1543 1254 1576 juris
1274 1543 1356 1570 client
1376 1542 1495 1573 studiosi,
1516 1544 1569 1571 five
1586 1554 1646 1572 can-

59 1579 156 1608 didati.
176 1579 219 1607 alii
236 1579 406 1616 anteceffores‚
425 1581 478 1608 five
488 1579 607 1615 stiphistae,
628 1580 671 1607 alii
689 1581 803 1616 denique
814 1579 982 1615 jurisconficlti
1002 1579 1055 1607 sive
1066 1580 1136 1614 juris
1155 1581 1283 1606 authores:
1303 1580 1415 1608 Studioli
1435 1580 1593 1614 assidebant,
1613 1584 1646 1611 ti-

60 1617 108 1647 tul.
126 1618 196 1645 unic.
215 1618 248 1645 de
268 1617 314 1645 off.
334 1618 413 1645 affers.
451 1618 657 1646 Candidatorum
683 1627 764 1653 opera
788 1618 921 1654 Principes
941 1620 967 1645 in
987 1617 1129 1646 recitandis
1148 1618 1317 1655 potissimum
1336 1617 1501 1646 orationibus
1520 1621 1558 1647 uti
1579 1620 1646 1648 sole-

61 1655 138 1686 bant,
160 1654 229 1683 titul.
246 1657 316 1683 unic.
331 1656 364 1682 de
378 1654 434 1682 Off.
450 1655 546 1691 Qaest.
586 1656 619 1682 Et
633 1656 677 1691 qui
690 1656 731 1690 jus
745 1654 848 1691 publice
863 1655 1103 1691 interpretabantur
1116 1677 1124 1689 ,
1144 1656 1171 1684 hi
1184 1654 1341 1692 anteceffo're:
1355 1664 1445 1686 erant,
1465 1655 1518 1683 sive
1527 1657 1644 1694 prhtstae,

58 1693 238 1732 Jurzstonstdti
251 1701 340 1721 autem
356 1693 456 1729 populo
469 1692 608 1730 principali
621 1693 781 1720 authoritate
794 1693 828 1720 de
839 1694 898 1729 jure
912 1693 1105 1731 respondebant
1118 1715 1125 1726 ,
1151 1695 1266 1731 indeque
1280 1694 1394 1720 authores
1398 1691 1469 1726 juri:
1482 1714 1490 1725 ‚
1514 1694 1567 1722 sive
1581 1696 1644 1724 iim-

58 1732 177 1769 pliciter,
198 1732 320 1760 authores
334 1732 502 1760 dicebantur:
525 1731 655 1769 liquidem
668 1731 769 1768 populo
782 1731 816 1759 de
828 1731 888 1768 jure
903 1732 1050 1765 dubitanti,
1066 1732 1193 1770 responfis
1206 1732 1256 1759 suis
1271 1732 1338 1760 certi
1352 1731 1460 1767 alicujus
1471 1730 1536 1767 juris
1550 1733 1643 1763 autho-

58 1780 99 1799 res
113 1770 218 1798 fiebant.

98 1809 220 1836 Testatur
239 1806 399 1842 Pomponius,
419 1815 480 1836 ante
500 1807 610 1844 Augusti
623 1815 761 1844 tempora,
782 1809 827 1845 qui
840 1808 987 1836 studiorum
1002 1808 1112 1837 suorum
1127 1809 1252 1837 fiduciam
1267 1806 1415 1839 habebant,
1436 1807 1472 1834 eis
1489 1808 1522 1836 de
1537 1808 1597 1844 jure
1612 1809 1644 1839 lie

60 1847 152 1876 berum
170 1846 244 1873 fuisse
261 1846 362 1882 populo
374 1845 534 1882 respondere
546 1866 554 1877 ,
579 1845 675 1883 eosque
681 1845 808 1881 judicibus
822 1846 835 1874 a
849 1847 943 1884 quibus
957 1847 1160 1876 consulebantur
1172 1869 1179 1880 ‚
1206 1854 1251 1874 aut
1265 1853 1366 1874 certam
1380 1845 1503 1881 scripfiffe
1516 1846 1581 1883 juris
1595 1849 1641 1878 de-

60 1886 211 1914 finitionem
227 1905 233 1916 ,
259 1892 302 1912 aut
322 1884 375 1911 fine
393 1884 492 1922 scripto
505 1904 512 1915 ‚
539 1884 602 1920 quid
623 1885 660 1911 eis
680 1885 815 1912 videretur
830 1906 836 1917 ‚
863 1886 950 1914 testari
969 1884 1059 1913 solitos
1073 1906 1080 1917 ,
1099 1886 1275 1921 primumque
1293 1884 1385 1910 divum
1404 1882 1543 1921 Augustum
1555 1906 1564 1917 ,
1584 1895 1640 1924 quo

59 1923 151 1959 major
168 1923 233 1957 juris
250 1921 393 1950 authoritas
411 1922 572 1953 haberetur,
601 1922 760 1951 constituisse
772 1943 779 1953 ,
805 1930 835 1951 ut
856 1933 887 1951 ex
906 1923 962 1960 ejus
981 1922 1142 1950 authoritate
1161 1921 1379 1958 responderetur,
1407 1921 1559 1960 signataque
1568 1925 1643 1958 judi-

59 1962 125 1990 cibus
144 1959 264 1998 responsa
283 1960 407 1988 darentur
421 1981 429 1993 ,
458 1963 484 1990 ὃς
503 1960 607 1996 publice
626 1961 803 1998 reipondendi
820 1961 862 1997 jus
881 1960 895 1987 ἐι
915 1958 1066 1994 Principibus
1085 1959 1226 1988 necessai-io
1247 1965 1383 1995 peteretur
1396 1978 1403 1989 ,
1429 1959 1508 1988 titulo
1525 1961 1642 1992 secundo

62 2002 85 2039 ς,
98 2011 111 2027 2
116 2010 141 2036 5.
158 1999 190 2025 de
204 2000 296 2034 origine
306 1997 383 2032 juris.
421 1999 451 2027 Id
469 1999 541 2036 quod
556 2008 614 2026 eam
630 1998 726 2026 habere
737 2000 843 2026 videtur
858 1999 1016 2026 sententiam
1029 2017 1037 2028 ‚
1063 2006 1092 2025 ut
1103 1996 1280 2034 jurisconsulti
1293 1997 1335 2032 jus
1348 1996 1525 2033 respondendi
1540 2001 1640 2031 Princi-

60 2041 102 2077 pis
121 2036 252 2066 beneficio
272 2036 356 2068 uasti,
376 2046 431 2066 non
445 2036 458 2065 a
472 2038 572 2075 populo
585 2036 685 2070 mlum,
706 2036 749 2064 sed
764 2037 795 2064 ab
809 2037 867 2075 ipfis
881 2037 961 2065 etiam
969 2034 1099 2071 judicibus
1114 2035 1326 2064 consulerentur:
1348 2037 1374 2064 &
1389 2035 1402 2062 a
1414 2036 1515 2074 populo
1528 2039 1640 2076 quidem

62 2076 172 2106 consulti
191 2083 292 2102 certam
312 2077 514 2112 pronuntiarent
527 2075 596 2112 juris
609 2074 779 2116 definitionem
792 2087 800 2101 .·
827 2076 840 2103 a
852 2075 984 2111 judicibus
1000 2084 1064 2102 vero
1075 2085 1131 2113 non
1145 2075 1287 2112 quicquam
1299 2074 1504 2111 pronuntiarent
1515 2097 1524 2108 ,
1549 2076 1593 2106 fied
1608 2078 1641 2107 Η.

60 2116 132 2144 bello
146 2136 154 2147 ,
181 2114 308 2152 quidnam
327 2114 361 2140 de
371 2114 430 2149 jure
443 2115 584 2147 sentirent,
607 2115 850 2151 complecterentur
859 2135 866 2147 ,
894 2122 1010 2150 eumque
1025 2113 1144 2142 libellum
1157 2113 1289 2151 iignatum
1299 2132 1307 2145 ,
1321 2121 1355 2140 ne
1369 2112 1453 2148 posset
1467 2112 1481 2141 a
1496 2113 1638 2153 litigatori-

62 2154 110 2183 bus
130 2154 181 2191 legi
196 2174 202 2184 ,
229 2151 356 2180 offerrent
366 2151 502 2185 judicibus.
542 2154 615 2192 Qiii
631 2155 713 2181 ctiam
735 2151 905 2191 Justiniivms
919 2151 1035 2189 expreffe
1049 2151 1148 2188 scripfit
1160 2173 1168 2184 ,
1195 2159 1297 2182 tantam
1311 2150 1377 2178 olim
1395 2150 1469 2180 fuisse
1483 2153 1638 2190 jurtftonsul.

60 2201 145 2220 torum
162 2190 350 2220 authoritatem
366 2211 375 2222 ,
402 2199 431 2220 ut
442 2190 566 2226 judicibus
580 2202 626 2221 eos
641 2191 836 2221 consulentibus
850 2214 857 2224 ,
882 2192 895 2220 fi
909 2191 1036 2229 relponsis
1049 2201 1142 2221 eorum
1156 2192 1280 2220 recedere
1293 2200 1348 2218 non
1362 2188 1461 2217 liceret.
1477 2192 1501 2227 §.
1517 2192 1641 2229 responsa

62 2231 145 2259 Instit.
159 2231 192 2258 de
203 2230 263 2266 jure
275 2229 386 2257 naturali
405 2231 527 2266 gentium
541 2233 567 2259 Sc
582 2231 668 2263 civili,
689 2232 821 2258 nimirum
836 2232 867 2258 iis
880 2230 1046 2267 temporibus
1057 2251 1063 2262 ,
1083 2231 1176 2268 quibus
1188 2241 1220 2259 ex
1234 2228 1392 2259 authoritate
1408 2229 1535 2266 Principis
1549 2230 1639 2266 hujus-

63 2269 140 2297 modi
159 2267 279 2306 rcsponsa
299 2268 434 2295 dabantur.
474 2270 552 2296 Tunc
571 2271 644 2297 enim
666 2279 695 2297 ea
707 2291 713 2301 ,
734 2278 864 2306 quantum
886 2279 919 2297 ex
941 2264 1071 2304 Pomfflonio
1082 2269 1251 2305 jurfionficlto
1270 2267 1420 2305 colligImus
1433 2287 1440 2298 ,
1459 2267 1525 2304 juris
1543 2268 1640 2296 habere

62 2309 187 2345 vigorem
207 2307 329 2344 primum
349 2314 496 2343 coeperunt.
535 2307 603 2335 Illud
622 2309 704 2336 etiam
724 2307 856 2336 observari
876 2307 988 2339 solebat,
1008 2315 1039 2336 ut
1057 2308 1160 2345 quoties
1179 2308 1265 2346 gravis
1277 2307 1377 2344 aliqua,
1399 2307 1426 2334 &
1439 2306 1560 2343 perplexa
1572 2307 1641 2343 juris

62 2346 190 2376 incideret
211 2346 317 2386 quaestio
329 2367 337 2378 ‚
363 2345 415 2374 fori
434 2346 554 2383 quaedam
574 2346 751 2376 institueretur
770 2344 912 2383 disputatio
923 2367 930 2379 ,
950 2344 1128 2381 jurifionsaltis
1146 2346 1222 2376 simul
1240 2346 1268 2375 in
1286 2344 1402 2384 aliquem
1412 2343 1512 2387 locum
1531 2354 1645 2388 congre-

951 2386 973 2413 A
982 2394 1038 2414 aaa
1058 2395 1074 2413 2
1565 2391 1650 2422 gaus„
