2075 2734
410 82 466 118 ὣς
657 75 1483 110 A-uw1Qu1vArumR0MANAnuM
1525 79 1715 110 Ltn.v111:

409 129 510 168 legibus
524 125 707 164 suffragatores
721 125 837 152 haberet.
858 126 922 162 Qo
936 124 1008 153 facto
1022 125 1123 154 senatus
1137 126 1305 163 perturbatus
1318 127 1378 154 Con
1385 125 1447 154 ”ulea
1461 126 1565 153 edicere
1578 126 1665 162 juffit,
1685 136 1719 154 ne
1732 131 1789 165 quis
1807 141 1916 165 eorum,
1929 141 1990 175 φής
2040 121 2042 150 i

408 170 455 197 bus
469 163 590 232 sqliffragii
603 167 650 200 jus
668 173 724 192 non
738 163 801 192 esset
812 183 820 195 ,
841 163 870 191 in
884 162 958 191 Urbe
971 163 1155 192 observaretur
1168 186 1175 196 ‚
1197 175 1283 203 neque
1304 165 1412 203 propius
1429 164 1531 192 Urbem
1553 165 1672 202 quinque
1687 165 1769 195 millia
1782 171 1900 205 passuum
1916 177 1987 206 effa,

409 208 494 235 Haeci
515 213 540 231 e.
1659 221 1661 225 «

996 243 1133 276 Servilia
1149 243 1200 275 lex
1210 268 1220 284 ,
1243 241 1281 274 de
1297 242 1432 276 civitate.

452 308 546 333 Secuta
559 303 595 331 est
611 302 653 331 lex
663 302 787 336 Servilia,
808 313 887 341 quam
896 303 957 334 tulit
965 305 1122 333 &Servilius
1136 303 1240 333 Glaucia
1249 324 1256 334 .
1275 313 1329 341 quo
1343 314 1426 335 anno,
1445 305 1588 334 incertum.
1607 306 1646 332 Ut
1659 304 1676 332 fi
1691 306 1748 342 quis
1761 307 1870 338 Latinus
1886 310 1987 342 senato:

410 353 471 383 rem
485 345 676 408 Romassolrglm
688 341 835 371 accusando
849 344 1065 376 condemnasset,
1087 345 1107 372 is
1119 345 1184 372 civis
1199 345 1338 371 Romanus
1352 342 1423 370 esset.
1463 342 1582 380 Astom'as
1603 343 1631 372 in
1646 345 1797 373 orationem
1815 357 1866 384 pro
1880 347 1988 380 Scauroa

413 386 495 410 Clcero
508 388 559 416 pro
595 389 609 408 a
639 390 664 408 ο.

899 422 1027 456 Licinia
1046 423 1165 456 Mucia
1177 422 1249 464 lex,
1275 419 1313 454 de
1323 422 1504 468 peregrini-s.

449 482 522 512 Cum
536 481 603 511 vero
615 482 675 519 post
694 482 754 512 Itali
764 483 869 512 summa
888 485 1032 521 cupiditate
1050 486 1165 513 civitatis
1180 483 1470 520 Romanaeflagrarent
1482 504 1491 516 ,
1513 485 1540 512 δε
1555 483 1631 511 ob·id
1643 493 1739 522 magna
1752 494 1811 522 pars
1825 497 1918 517 eorum
1934 499 1985 527 pro
2009 494 2014 499 ’
2049 482 2055 487 '

410 521 513 550 civibus
529 522 660 549 Romanis
674 521 699 550 Ie
712 530 816 559 gereret
826 543 836 554 ‚
855 522 972 551 tulerunt
993 523 1082 561 legem
1104 525 1133 551 L.
1149 522 1261 550 Licimus
1274 520 1377 558 Cwffm
1389 541 1396 551 ,
1422 520 1575 559 QMucius
1593 522 1695 549 stavela
1715 524 1835 560 pontifex
1850 529 1984 559 maximus
2018 546 2026 550 .

412 559 484 587 Coss.
497 569 568 587 anno
587 567 684 587 ιοςινι
694 571 700 587 1
712 571 734 588 1.
755 563 794 589 Ut
807 561 834 587 in
847 559 896 588 suae
910 561 1019 598 quisque
1036 562 1150 589 civitatis
1164 561 1206 597 jus
1220 561 1392 597 redigeretur.
1415 560 1482 596 Qae
1495 559 1537 587 lex
1546 560 1659 587 eandem
1673 559 1730 589 fere
1742 561 1857 592 habuisse
1875 566 1930 594 vim
1945 569 1984 596 vi.

412 597 503 629 detur,
524 607 606 635 quam
621 597 734 625 Claudia
746 599 865 635 primum
875 619 882 630 ‚
902 600 960 635 post
974 599 1068 634 Papia,
1088 599 1286 636 quaevetustate
1298 597 1475 634 fortasse'jam
1489 596 1532 624 sua
1544 597 1752 634 negligebantur.
1778 602 1862 628 thero
1876 603 1944 633 libro
1959 616 1984 643 3,

411 636 445 663 de
458 634 563 665 officiis,
576 645 626 672 pro
642 635 732 664 Balbo.
751 639 854 664 Verum
869 637 918 664 hac
931 636 990 675 lege
1004 639 1071 665 adeo
1086 638 1191 665 alienati
1203 636 1263 664 sunt
1271 636 1425 672 Principum
1439 634 1596 665 Italicorum
1611 635 1709 668 animi,
1729 644 1760 666 ut
1772 647 1819 671 ea,
1838 640 1880 668 vel
1897 646 1985 673 maxi.

412 682 459 701 ma
471 673 545 703 causa
559 673 621 702 belli
636 674 733 707 Italici,
754 675 826 712 quod
840 675 957 703 triennio
972 676 1030 712 post
1043 682 1170 704 exortum
1183 675 1235 707 est,
1256 675 1343 702 fuerit,
1978 674 1984 678 ⁴

948 744 1045 778 Livm
1062 744 1133 785 lex,
1160 743 1297 789 deficiis
1313 748 1359 776 θ’
1375 743 1410 777 V
1406 742 1485 777 dria.

450 805 533 833 'Anno
545 804 603 841 post
622 812 715 834 metm
725 813 745 832 1.
771 806 806 832 L.
821 804 920 833 Manfto
936 804 1043 841 Philippo
1055 828 1064 839 ‚
1086 808 1144 834 Sex.
1158 804 1346 843 Julio,C4(21re
1360 806 1432 834 Coff.
1449 810 1490 834 M.
1504 801 1596 833 Livias
1609 805 1716 840 Druffls,
1729 806 1845 836 tribunat
1857 808 1939 845 plebis
1952 810 1991 841 ai:

412 841 490 871 fiduis
503 843 658 871 Italicorum
672 843 904 880 efflagitationibus
918 843 1055 881 fatigatus,
1076 845 1164 882 legem
1179 844 1317 881 proposuit
1330 845 1364 872 de
1376 845 1484 872 civitate
1496 843 1577 871 Italiae
1591 843 1685 871 danda.
1723 848 1826 873 Verum
1844 854 1987 884 antequam

413 889 472 908 eam
486 880 632 917 perferret,
652 881 728 908 dorni
742 882 791 908 suae
801 901 810 912 ‚
830 882 963 908 incertum
978 884 992 908 a
1008 891 1077 918 quo,
1097 890 1205 911 necatus
1218 883 1261 909 est.
1283 881 1410 916 Appianas
1420 882 1488 909 libro
1503 891 1524 907 1.
1537 880 1653 912 deBeIlis
1666 882 1801 915 civilibus,
1822 885 1908 912 Florus
1918 885 1989 915 libro

413 928 440 955 3.
454 927 512 953 cap.
531 928 572 953 17.
592 917 707 951 Epitoma
722 916 792 944 Livii
805 916 850 944 lib.
867 927 910 952 71.
932 917 1018 945 Cicero
1033 920 1103 947 libro
1118 929 1142 956 3.
1157 921 1190 948 de
1201 919 1295 956 Legib.
1317 920 1381 956 Qo
1396 919 1468 947 facto
1487 919 1588 954 equites
1603 919 1736 951 Romani,
1756 930 1836 957 penes
1849 931 1915 960 quos
1927 931 1989 953 tum

410 954 510 992 judicia
529 962 604 983 erant
618 974 625 985 ‚
653 955 810 994 QVarium
826 953 966 992 Hybridam
978 977 988 988 ‚
1014 955 1144 984 tribunum
1159 956 1242 993 plebis
1261 955 1344 992 Drufi
1361 957 1491 993 collegam
1506 955 1672 991 impulerunt
1685 976 1692 987 ‚
1718 965 1748 985 ut
1760 959 1848 996 legem
1863 961 1944 990 ferret
1962 964 1990 991 in

412 1002 474 1025 eos,
493 994 539 1031 qui
560 992 666 1021 Italicos
684 995 822 1022 civitatem
842 999 963 1028 petentes
982 993 1051 1022 clam
1072 993 1195 1032 palamve
1211 993 1351 1031 juviisent,
1373 1004 1424 1031 qua
1433 994 1491 1031 lege
1511 993 1590 1021 multi
1609 1002 1641 1033 ex
1660 996 1822 1029 primoribus
1837 998 1911 1026 Urbe
1930 999 1991 1030 fimt

410 1031 506 1060 exa-iti.
545 1030 672 1067 Appianas
691 1031 736 1060 lib.
761 1042 782 1059 1.
802 1030 936 1060 Bellorum
957 1032 1092 1066 civilium,
1115 1031 1201 1061 Cicero
1221 1033 1250 1060 in
1271 1033 1369 1064 Bruto,
1389 1034 1417 1062 ὃς
1436 1031 1511 1065 alibi,
1531 1030 1643 1059 Valertus
1661 1032 1794 1062 Maximus
1812 1035 1882 1064 libro
1903 1040 1929 1068 8.
1949 1049 1990 1068 ca.

411 1069 468 1106 pite
482 1071 508 1098 6.
1985 1071 1992 1076 ⁴

1005 1109 1103 1158 Julia
1117 1111 1169 1145 lex
1177 1137 1188 1153 ,
1210 1110 1249 1144 de
1264 1111 1411 1144 civitate.-

450 1173 561 1202 Motum
575 1174 637 1202 inde
652 1174 688 1202 est
701 1171 792 1201 bellum
806 1172 922 1202 Italicum
934 1174 989 1202 five
1003 1172 1097 1202 sociale
1109 1195 1116 1206 ‚
1136 1183 1190 1211 quo
1203 1174 1314 1202 durante
1328 1194 1336 1205 ‚
1357 1172 1420 1201 ciam
1433 1172 1547 1210 acceptis
1559 1171 1660 1211 aliquot
1673 1173 1789 1203 cladibus
1802 1195 1810 1205 ,
1829 1176 1900 1206 caesb‘
1909 1181 1991 1209 etiam

411 1213 445 1237 P.
460 1211 528 1245 Lupo
543 1212 662 1246 Confide,
685 1211 787 1239 Etrusci
801 1221 908 1249 quoque
922 1214 949 1240 &
963 1211 1063 1239 Umbri
1075 1212 1169 1249 aliique
1183 1212 1213 1239 iis
1227 1211 1337 1239 finitimi
1350 1210 1443 1247 populi
1454 1211 1635 1239 defeffionem
1650 1211 1796 1248 spectarent
1805 1234 1814 1246 ,
1835 1214 1876 1244 lex
1889 1215 1940 1245 lata
1954 1218 1992 1246 est

412 1246 426 1274 :i
444 1248 474 1274 L.
489 1247 556 1280 sulio
571 1250 665 1284 Caefizre
678 1248 808 1281 Consule,
829 1257 859 1277 ut
873 1251 918 1287 qui
933 1249 1024 1287 populi
1044 1251 1076 1278 ad
1091 1259 1149 1278 eam
1164 1250 1238 1278 diem
1252 1251 1279 1277 in
1294 1249 1346 1277 fide
1360 1248 1510 1276 manfiffent
1524 1250 1594 1277 cives
1616 1251 1735 1279 Romani
1749 1251 1844 1284 essent,
1864 1263 1915 1290 qua
1929 1254 1990 1292 lege

413 1286 516 1317 Latini,
538 1286 654 1319 Etrusci,
676 1289 703 1315 &
717 1288 816 1315 Umbri
830 1289 938 1316 civitate
952 1288 1044 1316 donati
1060 1287 1127 1316 fiant.
1145 1291 1208 1322 App.
1221 1287 1290 1316 libro
1309 1299 1330 1315 ι.
1345 1286 1478 1316 Bellorum
1494 1286 1630 1320 civilium,
1652 1287 1737 1315 Cicero
1752 1297 1801 1324 pro
1817 1290 1908 1319 Balbo.
1921 1293 1991 1328 post-

412 1331 442 1350 ea
456 1333 521 1351 vero
536 1326 562 1352 &
576 1325 662 1353 Italici
675 1324 687 1352 a
703 1326 753 1352 Cn.
769 1327 883 1360 Pompejo
895 1325 1013 1353 Strabone
1029 1325 1160 1357 Consule,
1181 1329 1207 1354 Sc
1222 1328 1254 1354 L.
1268 1325 1338 1353 Sulla
1351 1325 1458 1354 alterius
1473 1324 1593 1353 Consulis
1609 1327 1641 1353 L.
1656 1326 1761 1354 Catonis
1773 1326 1861 1365 legato
1873 1328 1992 1365 pluribus

412 1361 505 1396 praeliis
517 1363 597 1395 victi,
617 1366 644 1391 δε
656 1363 714 1399 jam
730 1364 761 1391 ad
776 1373 875 1400 paucos
888 1364 987 1391 redaffi
1003 1385 1009 1395 ,
1030 1366 1108 1392 omni
1121 1363 1182 1392 belli
1194 1364 1304 1401 gerendi
1319 1363 1457 1392 occaiione
1469 1363 1586 1399 depofita
1600 1381 1606 1394 ³
1626 1365 1720 1392 eadem
1734 1364 1795 1402 lege
1810 1367 1837 1394 in
1851 1368 1990 1396 civitatem

410 1398 496 1465 ἓξὲξ,
517 1401 543 1427 &
557 1402 585 1428 in
599 1401 662 1428 octo
676 1411 760 1429 novas
774 1401 858 1430 tribus
873 1401 998 1439 descripti
1014 1401 1073 1430 sunt
1088 1424 1096 1434 ‚
1123 1402 1196 1439 quod
1209 1401 1311 1430 factum
1327 1402 1363 1429 est
1385 1403 1436 1429 Cn.
1451 1403 1562 1436 Pompejo
1577 1401 1696 1430 strabone
1707 1422 1716 1433 ‚
1745 1403 1777 1431 L.
1791 1403 1877 1431 Porcio
1893 1406 1992 1434 Catone

479 1456 486 1464 .
500 1446 571 1466 anno
590 1447 715 1468 werxxv.

715 1493 842 1526 Silvani
858 1500 905 1527 (9⁴
926 1491 1074 1526 Carbonis
1098 1493 1149 1526 lex
1163 1519 1173 1535 ‚
1199 1491 1237 1526 de
1250 1493 1431 1540 peregrinis.
1474 1492 1610 1539 Sulpitia
1625 1492 1686 1525 lex.

452 1552 558 1580 Eodem
572 1562 645 1581 anno*
655 1554 799 1591 peregrinis
812 1555 893 1581 etiam
908 1554 993 1582 aditus
1006 1555 1115 1592 quidam
1132 1554 1163 1581 ad
1183 1555 1321 1583 civitatem
1338 1556 1491 1581 Romanam
1505 1552 1556 1589 lege
1572 1551 1669 1579 Silvani
1689 1553 1729 1585 ἐς·
1744 1553 1864 1581 Carbonis
1877 1554 1988 1584 tribuno-

412 1597 471 1617 rum
485 1588 571 1626 plebis
585 1591 669 1619 faetus
683 1592 729 1618 est.
761 1591 893 1619 Tulerunt
905 1593 993 1624 enim,
1014 1600 1043 1621 ut
1057 1593 1101 1629 qui
1116 1591 1251 1620 foederatis
1270 1590 1422 1619 civitatibus
1436 1589 1559 1626 adscripti
1576 1589 1672 1620 essent,
1693 1590 1710 1617 fi
1724 1598 1796 1623 tum,
1819 1602 1880 1620 cum
1895 1594 1936 1621 lex
1950 1597 1990 1622 fe-

413 1626 534 1659 rebatur,
554 1629 581 1656 in
594 1628 668 1657 Italia
682 1629 853 1657 domicilium
867 1628 1028 1662 habuiffient,
1048 1640 1078 1658 ac
1092 1629 1224 1667 sexaginta
1241 1629 1335 1657 diebus
1350 1628 1418 1665 apud
1430 1635 1556 1662 putorem
1567 1626 1677 1663 profeffi
1692 1628 1787 1661 efflent,
1808 1631 1878 1659 cives
1887 1633 1990 1660 Roma-

413 1666 444 1692 niv
454 1666 545 1694 essent.
566 1665 651 1693 Cicero
667 1676 717 1703 pro
732 1667 836 1695 Archia.

453 1706 534 1732 Anno
544 1705 669 1740 proxime
684 1704 801 1742 sequenti
816 1707 846 1733 L.
859 1706 973 1734 Cornelio
986 1706 1068 1736 Sulla,
1088 1708 1249 1744 QVPompejo
1263 1704 1326 1741 Ruso
1340 1703 1410 1732 Cofl‘.
1424 1707 1454 1731 P.
1465 1701 1584 1737 Sulpitius
1595 1702 1708 1731 tribunus
1719 1704 1802 1741 plebis
1815 1707 1847 1734 ad
1861 1716 1990 1745 aucupan-

414 1742 476 1769 dam
491 1741 645 1769 Italicorum
656 1763 664 1774 ,
685 1744 729 1780 qui
744 1745 770 1770 in
785 1744 848 1771 octo
860 1754 941 1772 novas
955 1744 1039 1773 tribus
1053 1745 1177 1781 adscripti
1193 1751 1284 1776 erant,
1304 1743 1417 1780 gratiam
1428 1762 1435 1773 ‚
1456 1741 1546 1778 legem
1561 1740 1621 1768 tulit
1635 1761 1642 1772 ‚
1661 1750 1691 1770 ut
1704 1745 1769 1770 novi
1784 1745 1867 1775 cives,
1887 1744 1988 1774 liberti-

413 1781 494 1817 nique
506 1779 534 1807 in
550 1790 562 1816 3
567 1790 594 1815 5.
607 1779 690 1808 tribus
704 1790 805 1810 veteres
820 1781 1046 1811 distribuerentur.
1065 1784 1151 1810 Florus
1165 1783 1284 1819 epitoma
1299 1791 1344 1816 77.
1365 1779 1510 1807 Plutarchus
1523 1779 1550 1805 in
1567 1777 1643 1806 Sulla.
1663 1782 1766 1807 Verum
1780 1790 1809 1808 ea
1821 1789 1865 1810 aut
1878 1792 1933 1810 non
1949 1785 1985 1811 est

414 1818 526 1852 perlata,
546 1824 590 1845 aut
607 1819 703 1846 eodem
717 1829 788 1848 anno
801 1821 829 1846 P.
844 1820 913 1847 Sulla
930 1821 1047 1854 Confide.
1067 1830 1131 1849 cum
1145 1819 1281 1855 Sulpitium
1295 1818 1382 1856 ipsum
1395 1839 1403 1851 ‚
1423 1815 1586 1855 Mariumque
1599 1817 1724 1845 inimicos
1737 1817 1797 1847 suos
1811 1818 1885 1847 UrBe
1901 1827 1988 1850 extur-

417 1855 511 1888 basset,
532 1864 583 1884 una
598 1866 659 1885 cum
675 1860 773 1888 caeteris
788 1859 844 1894 ejus
857 1857 958 1897 legibus
969 1857 1067 1888 sublata
1085 1860 1130 1887 est.

1084 1919 1228 1954 Cornelia
1253 1919 1314 1954 lex.

450 1981 571 2009 Eandem
585 1982 674 2018 legem
687 1980 836 2018 insequenti
850 1988 920 2009 anno
933 1983 966 2009 L.
979 1980 1066 2009 Cinna
1081 1981 1174 2015 Confid
1184 1981 1287 2014 retulit,
1308 1989 1402 2008 verum
1415 1981 1495 2008 etiarn
1510 1988 1564 2008 non
1576 1979 1687 2016 pertulit
1701 1991 1706 2008 :
1727 1981 1814 2017 pulsus
1825 1984 1898 2011 enim
1914 1983 1988 2013 Urbe

412 2018 446 2045 est
460 2022 485 2047 ὃ(
498 2019 650 2054 Conficlatus
664 2020 686 2046 ei
701 2018 853 2057 abrogatus».
892 2020 996 2054 Vellejux
1009 2018 1046 2047 lib
1067 2031 1089 2048 2.
1111 2020 1271 2048 Concess'um
1285 2027 1377 2048 tamen
1392 2018 1450 2055 ipsis
1470 2019 1579 2046 tandem
1595 2019 1644 2046 fuit
1658 2019 1725 2051 hoc,
1744 2020 1824 2057 idque
1838 2029 1866 2049 ut
1880 2023 1987 2050 Carolus

412 2056 524 2095 Stgqnitcs
537 2056 694 2089 arbitratur,
714 2057 830 2095 secundo
843 2060 875 2086 L.
885 2057 996 2086 Cornelii
1011 2056 1096 2085 Cinna
1106 2058 1259 2090 Consulatu,
1267 2059 1315 2096 qui
1325 2058 1418 2086 incidit
1432 2058 1458 2085 in
1472 2066 1570 2084 annum
1579 2055 1659 2084 Urbis
1675 2065 1788 2086 1achv1
1798 2059 1913 2087 1.&231L.
1925 2062 1986 2088 Cor-

411 2093 475 2119 nelto
489 2095 556 2121 Sulla
574 2096 775 2124 confirmatum.
817 2097 859 2125 Sic
872 2097 944 2125 enim
959 2095 1073 2131 Epiruma
1089 2099 1134 2125 86.
1148 2096 1275 2133 scriptum
1290 2097 1343 2123 est:
1364 2095 1433 2123 Sulla
1446 2105 1507 2123 cum
1523 2094 1620 2122 Italicis
1633 2095 1738 2132 populis
1751 2105 1785 2123 ne
1797 2097 1938 2125 timeretur
1952 2097 1984 2125 ab

412 2131 442 2157 iis
456 2150 463 2161 ‚
486 2131 558 2159 velut
573 2141 709 2169 erepturus
727 2135 864 2163 civitatem
878 2157 885 2167 ‚
907 2137 934 2163 ὅς
948 2134 1064 2171 suffragii
1084 2136 1126 2170 jus
1146 2144 1230 2171 nuper
1245 2136 1336 2163 datum
1352 2155 1359 2165 ‚
1386 2133 1473 2162 foedus
1492 2133 1643 2171 percussit,
1658 2134 1731 2171 quod
1744 2133 1846 2162 factum
1863 2135 1900 2163 est
1912 2145 1987 2164 anno

416 2175 522 2196 13CLXX.
543 2171 573 2197 L.
588 2172 702 2200 Cornelio
716 2171 823 2207 Scipione
837 2173 965 2205 Asiatico,
987 2173 1019 2200 C.
1032 2172 1147 2200 Norbano
1162 2173 1240 2200 Flacc.
1260 2172 1331 2200 Coss]
1346 2171 1430 2200 Cicero
1443 2172 1471 2200 in
1488 2170 1648 2208 Philippicis.

944 2241 1089 2276 Cornelia
1107 2241 1160 2275 lex
1174 2267 1184 2283 ‚
1207 2239 1245 2274 de
1261 2241 1447 2288 municipiis.

444 2297 524 2338 *idem
540 2305 631 2328 tamen
646 2300 715 2326 Sulla
731 2302 832 2335 vietor,
852 2306 879 2333 ὃς
894 2303 1011 2332 Βίἑῖαων
1025 2305 1078 2332 hoc
1094 2305 1132 2333 'us
1147 2307 1174 2333 ὃ(
1187 2302 1349 2332 beneficium
1366 2303 1458 2332 multis
1472 2304 1518 2340 qui
1531 2301 1657 2336 Cinnam,
1680 2301 1832 2335 Carbonem,
1849 2301 1981 2335 Marium}

411 2338 542 2371 quwnem
564 2340 591 2367 &
611 2336 756 2366 Norbmucm
768 2358 777 2368 ‚
812 2341 973 2380 caeterosque
992 2343 1073 2373 adver
1085 2351 1106 2370 ae
1127 2342 1249 2372 faffionis
1269 2343 1348 2371 duces
1361 2363 1370 2375 ,
1396 2350 1440 2371 aut
1460 2341 1569 2370 confilio
1582 2363 1589 2374 ,
1617 2349 1662 2370 aut
1679 2342 1810 2377 pecunia,
1836 2347 1880 2368 aut
1899 2342 1982 2384 ςοΡὶἱδ

1906 2389 1983 2414 JUVG·⁴

2064 2259 2067 2273 l

2065 2286 2067 2296 4

2065 2303 2067 2319 l

2065 2366 2068 2401 l
