2075 2734
263 94 387 123 Leon,
409 102 604 122 nvom-:criu
629 89 815 122 Tarauna]
840 99 914 120 cum
938 90 1042 122 naevi
1068 103 1256 125 COMMENT·
1295 92 1424 128 Car-(6.
1588 108 1651 146 563,

62 145 251 180 ‘nadad-uma
271 155 306 174 ne
314 144 499 182 primm-(sum
513 145 667 176 interirent,
687 142 731 170 sed
745 141 854 171 familiis
866 143 990 185 deinceps
1004 146 1187 181 proderentur.
1209 149 1345 177 Sententia
1356 150 1437 188 igitur
1450 150 1514 190 legis
1527 152 1581 182 haec
1591 149 1650 189 est,-

62 187 298 225 utquaesasfflgem
306 184 406 221 aliqua,
426 181 655 217 fiveillapam'cia,
673 180 875 224 fiveplebejafit,
893 181 1034 215 arcuisset,
1055 193 1084 211 ea
1093 185 1216 222 deinceps
1224 186 1256 214 ab
1264 188 1309 219 iis,
1330 190 1375 225 qui
1384 189 1501 226 ejusdem
1512 193 1597 229 stirpis
1605 194 1645 222 fu-

62 226 117 256 turi
132 223 228 255 essent,
249 222 414 255 colerentur,
435 224 460 251 δε
472 220 698 250 conservarentur.
739 220 819 247 Unde
832 228 914 248 etiam
927 219 991 248 illud
1007 222 1156 250 institutum
1172 225 1286 257 constat,
1307 233 1336 254 ut
1353 229 1379 255 ὃς
1396 228 1520 256 mulieres
1533 231 1646 260 inviro-

62 265 168 295 mm,&
181 261 300 298 adoptati
317 261 345 289 in
357 261 543 297 parentum,&
555 258 671 287 haeredes
683 259 711 286 in
723 257 915 287 defunctorum
930 258 1000 287 sacra
1014 260 1163 289 transirent:
1187 272 1239 300 qua
1251 264 1321 292 dere
1328 265 1432 300 prolixe
1445 271 1644 298 Hortamannm.

99 306 177 329 sacra
183 299 298 335 privam.
324 301 465 327 Sacrorum
478 297 554 325 enim
566 297 616 326 alia
629 297 749 335 publica,
768 297 818 325 alia
836 297 938 333 privata
952 296 1070 326 fuerunt.
1099 299 1200 327 Publica
1215 301 1269 336 (ait
1281 302 1384 339 Festus)
1403 305 1573 339 dicebantur,
1593 318 1646 347 qua

62 340 170 378 publico
182 338 290 375 sumptu
298 336 435 372 μορμὼ
448 335 529 363 fiunt:
548 344 660 373 quaeque
671 345 720 373 pro
736 334 886 368 montibus,
907 336 994 373 pagis,
1015 337 1109 368 curiis,
1128 338 1235 368 sacellis.
1255 342 1290 368 At
1297 341 1419 376 primm,
1440 354 1492 383 qua
1494 340 1539 379 pro
1538 343 1650 384 fingults

60 376 214 408 bominibus,
235 375 342 404 familiis
353 373 527 412 gentibusque
542 374 616 402 fiunt.
636 374 715 403 Idem
727 375 789 403 alibi
803 384 808 400 ·.
837 375 919 410 Qud
934 375 1031 410 privati
1047 374 1096 402 suae
1111 376 1247 414 religionis
1267 379 1341 407 causa
1357 381 1408 408 deo
1422 382 1577 412 dedicarunt
1591 406 1599 416 ‚
1622 385 1649 413 id

6 436 9 438 v
56 414 184 453 pontifices
197 413 305 443 Romani
317 422 372 440 non
388 413 539 441 existimant
552 412 666 441 sacrum.
686 416 721 441 At
734 413 752 440 fi
766 421 816 449 qua
827 413 930 449 privata
942 412 1012 439 sacra
1024 411 1140 451 suscepta
1148 415 1221 445 sunt,
1241 425 1298 453 quae
1307 427 1337 445 ex
1353 419 1472 448 instituto
1488 422 1650 458 pontificum

61 455 128 483 stato
142 455 201 485 die,
220 459 264 481 aut
278 458 351 480 certo
364 449 425 478 loco
441 450 562 479 facienda
577 451 641 483 lint,
663 461 693 480 ea
706 451 776 480 sacra
784 451 924 487 appellari,
944 457 1071 490 tanquam
1080 452 1248 480 iacrificium.
1269 455 1411 488 lllelocus.
1433 459 1603 488 ubiillasaera
1611 460 1650 489 fa-

63 494 156 521 cienda
168 491 240 523 sunt,
261 490 304 517 vix
317 489 423 517 videtur
436 488 506 517 sacer
519 489 577 517 effe.
604 492 646 518 De
660 490 753 518 iisdem
768 486 997 529 sacrispMacroblus
1010 488 1053 530 lib.
1069 500 1091 517 1.
1111 491 1314 531 Saturnalscap.
1330 498 1369 522 16.
1396 498 1462 524 Sunt
1476 506 1602 533 praeterea
1608 499 1651 532 se-

61 529 212 566 riaepropriae
225 527 385 556 familiarum
395 548 403 559 ‚
423 535 452 555 ut
466 527 705 564 Claua'raefamtliae,
726 535 756 556 ut
770 527 887 561 AEmtltae,
909 527 962 555 five
975 527 1061 559 sulm,
1082 527 1135 555 sive
1151 529 1278 556 Corneli-z:
1302 533 1328 558 ἃ
1343 532 1361 559 fi
1376 542 1437 569 quas
1446 534 1525 563 ferias
1531 538 1652 573 proprias

62 577 172 606 quaeque
186 566 287 595 familia
300 575 332 594 ex
347 565 393 594 usu
407 566 560 594 domesticae
575 567 733 595 celebritatis
743 565 879 597 observat,
900 564 959 594 sunt
967 565 1147 603 singulorum,
1166 575 1196 594 ut
1205 568 1348 600 natalium,
1368 570 1559 611 fulgurumque
1569 574 1654 604 susce-

60 608 176 644 ptiones:
198 605 267 633 item
281 605 407 632 funerum
421 611 501 642 atque
514 606 707 641 expiationum.
728 604 863 632 Hadieuus
878 603 929 632 ille.
950 605 1026 631 Sacra
1039 613 1130 633 autem
1144 603 1200 633 haec
1214 608 1322 644 propria
1334 617 1428 636 eorum
1437 611 1550 639 deorum
1560 621 1651 645 erant,

60 654 126 682 quos
133 651 252 679 penates,
273 644 394 680 itemque
406 642 477 670 lares
488 643 673 672 nominabant.
693 643 728 670 Et
742 643 802 680 quia
815 644 903 679 gentis
917 641 1026 677 alicujus
1040 643 1148 679 propria
1162 645 1240 671 certis
1253 644 1347 674 ritibus
1361 649 1388 675 δε
1405 651 1566 679 ceremoniis
1579 651 1651 680 coie-

60 683 169 713 bantur,
182 681 292 719 gentilt'n
304 681 474 714 dicebantur,
496 691 613 719 quorum
627 683 709 710 etiam
723 681 850 708 meminit
865 681 917 708 Cic.
933 681 960 708 in
975 682 1106 709 Oratione
1120 682 1153 709 de
1166 681 1260 718 Arusp.
1274 683 1388 720 respons
1403 687 1454 714 &c.

103 720 216 756 Subjicit
228 719 289 747 huic
297 718 350 756 legi
362 723 551 748 Hottomannus
565 723 591 749 δί
602 720 712 748 alteram
727 719 758 746 de
771 717 976 758 intercalatione,
999 718 1042 747 sed
1056 720 1089 747 de
1103 728 1154 757 qua
1168 726 1273 748 tantum
1290 723 1469 758 conjeemras,
1490 736 1545 754 non
1553 734 1643 756 autem

60 766 132 789 certa
145 758 297 786 testimonia
310 757 397 786 habet.
418 759 458 786 Ita
471 768 536 787 vero
550 768 609 786 eam
624 757 758 794 concipit:
777 766 807 785 ut
822 756 973 784 Februarms
989 758 1096 789 meniis,
1117 758 1162 795 qui
1180 759 1278 786 Numae
1288 761 1408 789 instituto
1418 763 1567 799 postremus
1575 775 1647 798 erat,

59 798 183 834 deinceps
195 795 323 825 secundus
335 795 411 824 effet:
432 805 515 834 utque
529 807 562 824 eo
576 796 668 824 mense
681 795 740 832 post
752 795 898 822 terminalia
913 796 988 823 annis
1000 795 1107 823 alternis
1121 805 1215 824 eorum
1231 798 1351 829 dierum,
1374 808 1419 836 qui
1433 801 1466 828 ad
1481 811 1595 830 annuam
1607 803 1649 832 so-

55 836 86 864 lis
100 836 234 864 rationem
250 834 381 865 deess'ent.
402 834 566 864 intercalatio
580 835 665 864 fieret.
685 834 745 862 Nos
760 843 820 862 eam
834 843 890 862 non
903 834 1148 872 interpretabimur.
1169 836 1322 872 Sequuntur
1336 835 1407 874 leges
1420 838 1451 865 de
1457 840 1650 877 Jiaempnbusfu.

56 884 161 908 nerum,
182 876 209 903 &
221 873 281 909 jure
292 871 508 909 sepulchrorum.

358 928 380 959 I
385 929 415 961 I.
439 929 610 962 Hominem
626 936 776 962 mortuum
793 930 827 961 in
842 925 929 961 vrbe
944 927 1112 976 neſsfelito
1123 952 1131 968 ‚
1158 939 1235 962 neve
1252 932 1343 964 urim.

96 990 163 1027 Qae
176 987 320 1027 stquuntur
332 989 418 1027 leges,
438 990 470 1016 de
476 989 610 1026 funeribus
623 990 808 1026 &sepulturis
819 998 913 1028 agunt:
934 989 990 1017 haec
1003 997 1093 1018 autem
1109 988 1168 1027 quae
1180 990 1361 1026 jamrecitata
1377 993 1413 1021 est
1426 992 1484 1026 lex,
1502 1000 1575 1023 extat
1583 996 1650 1030 toti-

57 1028 121 1057 dem
142 1027 228 1056 verbis
247 1028 317 1064 apud
338 1031 482 1055 Ciceronem
502 1028 547 1056 lib.
560 1039 584 1057 2.
603 1030 637 1057 de
653 1029 769 1067 Legibus
781 1050 789 1062 ‚
815 1028 860 1057 ubi
881 1028 916 1056 sic
931 1027 1043 1056 scribit:
1069 1028 1207 1056 Hominem
1220 1038 1349 1058 mortuum
1361 1032 1462 1070 <inquit
1474 1032 1517 1061 lex
1529 1033 1557 1060 in
1569 1035 1648 1069 xii.)

56 1065 84 1094 in
102 1065 166 1093 Urbe
183 1076 214 1093 ne
223 1066 343 1101 sepelite,
363 1076 425 1092 neve
444 1065 520 1094 urito.
559 1068 666 1096 Deinde
683 1078 743 1096 eam
764 1068 799 1096 fic
817 1066 944 1104 explicat:
967 1067 998 1094 In
1012 1067 1086 1094 Urbe
1099 1066 1201 1103 sepeliri
1216 1066 1259 1096 lex
1273 1076 1360 1098 vetat:
1380 1070 1417 1098 fic
1429 1072 1569 1099 decretum
1584 1073 1620 1099 est
1633 1072 1647 1100 ὲ

60 1104 220 1142 pontificum
235 1103 364 1142 collegi0‚
385 1114 440 1132 non
454 1104 506 1133 effe
516 1105 559 1141 jus
572 1106 599 1133 in
612 1106 721 1144 publico
737 1106 799 1134 loco
812 1106 869 1134 fieri
876 1105 1041 1140 sepulchrum.
1077 1106 1174 1134 Statuit
1187 1107 1259 1134 enim
1274 1106 1418 1145 collegium
1429 1131 1436 1141 ‚
1458 1109 1549 1137 locum
1564 1110 1650 1146 publi-

58 1152 121 1171 cum
136 1152 193 1171 non
206 1143 318 1179 potuisse
330 1143 434 1179 privata
445 1143 575 1181 religione
587 1144 710 1182 obligari.
731 1144 835 1172 Servius
848 1152 940 1173 tamen
953 1145 981 1171 in
995 1143 1039 1171 lib.
1051 1153 1076 1178 5.
1092 1144 1197 1172 AEneid.
1210 1147 1350 1174 memoriae
1358 1148 1493 1182 prodidit,
1513 1149 1582 1184 apud
1590 1158 1649 1176 ma-

57 1182 129 1218 jores
148 1181 255 1209 fortasse
269 1188 330 1208 ante
343 1191 375 1208 xx
384 1191 407 1208 1.
420 1181 520 1209 tabulas
534 1184 620 1210 moris
633 1183 709 1212 fuiffe
720 1204 728 1216 ‚
754 1190 785 1210 ut
798 1183 845 1220 qui
859 1189 981 1211 mortuus
994 1182 1058 1210 esset
1071 1202 1079 1214 ,
1105 1182 1221 1211 domum
1234 1182 1308 1212 suam
1322 1185 1475 1215 referretur.
1517 1187 1597 1216 Unde
1611 1187 1648 1215 est

57 1219 126 1255 apud
138 1218 283 1255 Virgilium
293 1229 301 1245 :

367 1254 472 1283 Sedibus
486 1256 550 1284 hunc
559 1257 623 1293 refer
635 1266 696 1286 ante
701 1257 771 1293 fitis,
793 1258 834 1291 ζῇ·
846 1259 921 1286 conde
925 1257 1058 1293 fipulchro.

99 1293 260 1322 Notandum
274 1303 340 1322 vero
353 1296 380 1323 ὃς
393 1293 446 1321 hoc
459 1295 510 1327 est,
531 1297 763 1333 quemadmodum
780 1304 856 1328 ante,
877 1297 910 1324 sic
924 1298 1005 1324 etiarn
1020 1297 1078 1332 post
1092 1295 1156 1323 latas
1170 1306 1201 1325 xr
1212 1306 1233 1324 r.
1250 1294 1348 1324 rabulas
1359 1317 1367 1328 .
1389 1298 1463 1326 fuisse
1476 1299 1604 1336 quosdam
1618 1300 1646 1328 in

59 1332 114 1370 ipsa
128 1332 202 1360 Urbe
215 1333 343 1369 sepultos,
365 1342 431 1370 quos
444 1340 537 1361 tamen
554 1333 655 1372 legibus
670 1334 769 1362 solutos
780 1336 885 1363 virtutis
899 1335 972 1362 causa
986 1335 1012 1362 id
1029 1334 1185 1363 consecutos
1201 1334 1290 1367 sume,
1313 1335 1398 1363 ciem
1410 1338 1551 1366 existimat.
1573 1339 1646 1375 Qin

59 1372 141 1400 etiam
161 1373 338 1404 Imperatores,
360 1373 387 1399 &
400 1369 507 1408 virgines
519 1371 636 1409 Vestales,
657 1374 718 1410 quia
732 1372 833 1410 legibus
849 1383 904 1400 non
917 1373 1088 1404 tenebantur,
1112 1375 1139 1400 in
1156 1372 1229 1400 Urbe
1241 1372 1373 1402 habebant
1377 1376 1518 1409 ftpulchra.
1551 1377 1602 1405 Sed
1619 1379 1646 1406 δί

58 1408 173 1446 Virgines
188 1407 257 1446 Veste
270 1416 412 1440 nocentes,
432 1409 495 1437 licet
508 1410 589 1442 vivae,
609 1419 701 1439 tamen
716 1412 785 1438 intra
796 1411 898 1438 Urbem
908 1432 916 1443 ,
936 1412 964 1438 in
979 1421 1077 1448 eampo
1090 1410 1218 1439 scelerato
1231 1411 1419 1441 obruebantur.

96 1450 170 1476 Neue
181 1446 273 1483 urim]
294 1447 384 1475 Credo
396 1447 495 1484 (inquit
508 1447 605 1483 cicero)
620 1449 663 1476 vel
676 1456 787 1485 propter
800 1449 868 1486 ignis
880 1450 1039 1485 periculum.

638 1503 720 1535 III.
745 1504 816 1535 Hoc
827 1502 898 1549 plus
915 1513 952 1534 ne
959 1501 1071 1547 facito.

100 1559 166 1586 Haec
185 1558 264 1586 verba
280 1558 421 1594 superioris
440 1558 549 1595 alicujus
562 1558 628 1597 legis
640 1581 648 1592 ,
673 1559 861 1598 quaefunerum
877 1562 903 1588 &
917 1559 1075 1596 sumptuum
1090 1559 1193 1587 modum
1206 1561 1369 1596 praefiniebat
1383 1584 1391 1595 ,
1416 1564 1550 1600 appendix
1566 1563 1645 1594 sunt:

60 1596 131 1633 quafi
145 1597 172 1623 in
187 1606 246 1623 earn
260 1596 419 1625 sententiam
433 1597 529 1632 scripta
543 1596 585 1624 lex
599 1598 674 1630 esset,
695 1607 724 1625 ut
738 1607 822 1635 quum
837 1599 920 1626 finem
932 1598 981 1626 illis
989 1598 1066 1626 rebus
1073 1597 1277 1634 praescripfisset,
1298 1601 1494 1638 tumhocquaii
1502 1602 1645 1631 sanctionis

60 1634 124 1662 loco
137 1633 306 1662 adscriberet.
344 1637 412 1663 Puto
426 1642 516 1663 autem
530 1634 585 1662 haec
599 1635 679 1663 verba
692 1636 724 1663 ad
745 1645 805 1663 eam
819 1636 909 1673 legem
928 1636 1079 1674 pertinuiss'e
1092 1657 1099 1668 ‚
1125 1646 1175 1673 qua
1189 1641 1273 1664 Crcero
1286 1638 1355 1666 libro
1369 1639 1484 1667 secundo
1508 1641 1539 1666 de
1550 1640 1643 1676 legrbu:

59 1671 150 1700 scribit
162 1680 336 1701 extenuatum
351 1673 426 1701 fuisse
439 1672 576 1709 sumptum
591 1673 674 1700 tribus
688 1674 802 1705 ricinus,
823 1676 849 1702 δε
863 1674 943 1702 clavis
956 1675 1108 1711 purpureis,
1131 1677 1157 1703 &
1171 1676 1266 1703 decern
1281 1676 1441 1705 tibicinibus.
1481 1678 1564 1713 Cujus
1579 1678 1645 1716 legis

59 1709 188 1738 sententia
202 1711 258 1739 haec
271 1711 321 1738 est:
341 1723 374 1738 ne
381 1712 441 1745 plus
454 1721 533 1750 quam
547 1719 598 1738 tres
610 1710 686 1749 restes
700 1721 756 1738 cum
769 1720 865 1739 mortuo
877 1721 923 1739 aut
935 1713 1112 1742 conderemur,
1132 1722 1180 1740 aut
1193 1722 1342 1741 urerentur.-
1365 1716 1390 1742 id
1404 1716 1476 1753 quod
1488 1717 1569 1743 etiam
1577 1717 1647 1753 apud

60 1748 248 1780 Athenienses,
269 1749 333 1776 teste
349 1750 495 1780 Plutarcho,
516 1749 621 1777 Solonis
636 1750 695 1787 lege
708 1759 815 1778 cautum
831 1758 899 1778 erat:
920 1760 970 1779 nec
980 1751 1068 1788 plures
1076 1751 1331 1780 decemtibicinibus
1339 1754 1370 1781 ad
1379 1753 1503 1781 funerum
1512 1763 1646 1790 pompam

58 1786 254 1815 adhiberentur.
286 1786 413 1815 Ricinium
431 1788 520 1820 enim,
541 1788 582 1815 vel
599 1789 747 1820 recinium,
769 1789 806 1816 ait
824 1787 921 1825 Festus,
941 1799 1026 1817 omne
1043 1790 1234 1817 vestimentum
1254 1791 1411 1827 quadratum
1431 1792 1465 1822 ii,
1486 1794 1530 1829 qui
1544 1792 1645 1820 duode-

61 1825 115 1853 cim
129 1826 296 1862 interpretati
309 1825 382 1858 sunt,
403 1827 454 1854 esse
466 1826 599 1855 dixerunt.
630 1827 729 1854 Verrius
744 1835 838 1864 togam
852 1848 860 1858 ‚
869 1852 872 1853 γ
881 1836 932 1864 qua
947 1829 1071 1856 mulieres
1085 1829 1227 1857 utebantur
1240 1838 1397 1865 praetextam
1411 1830 1487 1858 clavo
1499 1839 1644 1866 purpureo.

60 1865 93 1892 ln
107 1873 185 1890 more
194 1872 284 1891 autem
298 1866 367 1899 apud
382 1872 485 1893 veteres
497 1873 565 1893 erat.
585 1865 744 1894 vestimenta
756 1865 878 1903 quaedam
893 1875 957 1893 cum
970 1867 1085 1896 mortuis
1098 1867 1215 1895 condere
1232 1867 1272 1895 vel
1287 1877 1376 1896 urere:
1398 1868 1470 1906 quod
1480 1876 1574 1905 praeter
1580 1868 1647 1898 alios

62 1902 143 1931 docet
156 1898 275 1939 Virgilius
287 1903 390 1931 AEneid.
401 1904 446 1931 lib.
459 1906 484 1930 6.
496 1903 523 1930 in
537 1902 656 1931 Miseno:

370 1942 557 1980 Purpureafique
563 1942 639 1976 fiper
651 1941 726 1979 vestes
738 1941 869 1971 velamina
881 1950 943 1970 nota

367 1980 483 2018 Injicrunt

102 2017 136 2046 Et
148 2016 281 2045 Suetonius
289 2018 317 2046 in
330 2018 441 2047 Caesare:
462 2018 564 2047 Scenici
578 2018 692 2047 artifices
707 2019 807 2048 vestem
814 2041 822 2052 ,
841 2028 922 2057 quam
931 2028 962 2047 ex
970 2019 1146 2048 instrumento
1154 2018 1354 2057 triumphorum
1363 2021 1396 2049 ad
1404 2019 1559 2058 praesentem
1567 2022 1644 2054 usum

62 2055 218 2087 induerant,
239 2055 385 2084 detraetam
404 2057 465 2090 fibi,
486 2065 565 2095 atque
582 2057 711 2085 disc-issam
726 2058 842 2094 injecere
855 2059 984 2086 flammae.
1026 2059 1154 2086 Nonnulli
1168 2060 1264 2087 eruditi
1279 2059 1343 2092 viri,
1364 2058 1478 2097 Jacobus
1489 2062 1643 2092 Ravardus.

60 2094 191 2122 Adrianus
210 2094 339 2122 Turnebus
349 2115 358 2125 ,
377 2094 478 2132 Junius
490 2097 518 2124 in
532 2096 745 2125 Nomenclatore
756 2118 764 2130 ,
786 2100 813 2126 Sc
825 2097 870 2125 alii
883 2106 931 2133 per
943 2094 1036 2123 ricinia
1047 2116 1055 2126 ‚
1073 2097 1224 2134 intelligunt
1235 2096 1312 2134 vestes
1324 2098 1438 2137 lugubres
1448 2120 1456 2131 ‚
1478 2100 1571 2136 quibus
1585 2110 1646 2128 mu-

61 2131 139 2160 lieres
152 2135 179 2160 in
193 2132 330 2161 funeribus
343 2141 494 2163 uterentur:
514 2135 557 2164 sed
571 2135 705 2164 diversum
720 2137 800 2165 docet
812 2134 900 2173 Justus
912 2133 1008 2173 Lipfius
1022 2135 1217 2171 epistolicarum
1231 2137 1405 2173 quaestionum
1419 2137 1491 2165 libro
1503 2148 1523 2165 1.
1536 2139 1609 2175 epist.
1621 2148 1647 2174 7.

101 2175 137 2198 Et
156 2173 240 2199 decem
258 2170 420 2208 tibicinibus.]
442 2174 529 2201 Etiam
546 2174 655 2202 ouidms
670 2175 715 2203 lib.
731 2178 755 2203 6.
778 2176 914 2203 Fastorum
930 2175 1010 2202 docet
1022 2175 1115 2202 decem
1129 2174 1250 2203 tibicines
1262 2175 1295 2202 ad
1309 2175 1400 2204 funera
1411 2175 1544 2204 adhibitos
1562 2177 1645 2204 misse.

62 2209 164 2238 semus
176 2211 203 2238 in
218 2221 244 2246 5.
255 2211 359 2238 AEneid.
371 2210 474 2243 scribit,
494 2214 606 2250 antiquae
617 2215 813 2243 consuetudinis
827 2213 914 2245 fuiss'e,
936 2220 964 2240 ut
981 2213 1091 2249 majoris
1100 2214 1181 2241 aetatis
1192 2212 1284 2241 funera
1298 2214 1330 2242 ad
1341 2215 1431 2243 tubam
1441 2214 1641 2252 proferrentur,

62 2249 177 2277 minoris
192 2258 255 2277 vero
268 2250 300 2276 ad
314 2249 398 2277 tibias.
428 2250 463 2277 Et
477 2251 590 2287 Agellius
603 2252 672 2282 libro
685 2264 727 2281 20.
741 2263 798 2290 cap.
809 2263 832 2279 2.
847 2251 941 2279 author
953 2252 990 2279 est
1004 2272 1011 2283 ‚
1027 2249 1139 2289 fitscmes
1153 2251 1219 2280 olim
1236 2263 1281 2280 eos
1293 2255 1400 2290 proprie
1412 2253 1558 2290 appellatos
1567 2275 1574 2285 ,
1596 2253 1640 2289 qui

61 2288 131 2325 apud
135 2285 199 2326 filos
213 2296 308 2315 canere
320 2287 390 2316 soliti
402 2287 503 2316 essent:
521 2288 575 2318 hoc
587 2291 637 2325 est,
657 2292 712 2320 vim
719 2291 832 2327 fundos,
854 2293 880 2319 ὃ(
895 2289 1020 2326 sepultos.
1059 2291 1163 2329 Eosque
1175 2290 1289 2319 habuifle
1303 2294 1442 2329 proprium
1457 2301 1540 2329 genus
1555 2290 1642 2324 tubae,

62 2335 115 2364 qua
128 2333 269 2357 canerent,
290 2325 304 2353 a
318 2334 475 2354 caeterorum
488 2326 628 2358 tibicinum
640 2332 806 2369 proprietate
821 2328 946 2360 differens
955 2350 964 2362 ,
984 2337 1051 2367 quos
1061 2328 1204 2368 sttsctmstas
1219 2329 1310 2368 vulgus
1323 2331 1397 2362 dicit.
1428 2333 1565 2368 Sapienter
1578 2337 1643 2366 ergo

63 2365 179 2395 modum
192 2364 291 2395 funeris
303 2364 346 2393 lex
359 2364 511 2403 praescribit.
701 2392 704 2393 γ

961 2405 1054 2435 Bbbb
1075 2415 1092 2435 2
1527 2408 1577 2434 ιν.
1593 2399 1643 2439 riaf
