2075 2734
465 109 838 137 Linanns

79 153 193 186 Appiano
201 170 209 181 ,
219 152 336 177 Cicerone
347 149 399 183 ipso
407 151 509 183 probavi.
525 150 602 175 Postea
610 151 756 183 QServilius
766 151 848 189 Capio

82 184 182 212 Consul,
190 185 231 217 qui
237 184 324 208 deinde
330 190 385 207 cum
392 183 496 208 Cimbris
503 184 563 207 male
569 184 688 214 pugnavit,
696 184 775 214 legem
781 190 848 213 roga·

81 218 125 244 vit,
133 224 220 240 utcum
227 215 347 246 equitibus
353 232 361 243 ,
367 215 409 246 qui
416 222 479 239 antea
485 215 536 246 lege
542 218 570 239 C.
580 214 677 238 Gracchi
685 213 726 237 soli
733 215 846 243 judicave-

82 254 149 274 rant„
165 248 235 270 etiam
245 247 358 271 senatores
369 247 503 274 iudicarent.
514 248 572 269 hanc
585 252 660 269 tamen
668 247 760 276 legem,
777 253 847 277 quam

82 278 276 305 &Gaffiodorus‚
291 279 314 302 δι
323 277 474 307 obsequens,
492 278 608 301 &Cicero
621 278 669 309 ipse
681 278 749 301 latam
762 277 847 308 fignifi-

82 317 134 335 caut
142 327 149 337 ‚
166 318 215 334 non
223 311 300 334 multo
307 310 357 341 post
363 309 407 333 esse
414 308 545 340 abrogatam
554 325 560 335 ‚
576 316 639 332 exeo
652 307 766 341 suspicor,
782 308 850 340 quod

81 342 214 374 paucispost
221 343 287 366 annis
294 344 322 365 C.
328 340 466 365 Norbanum
473 356 480 366 ,
488 347 536 371 quo
543 339 659 364 accusante
666 344 703 364 Ca
709 342 748 371 pio
756 341 850 364 damna-

80 381 117 397 tus
124 381 184 400 erar,
201 381 249 397 non
256 373 283 397 ab
289 372 420 404 equitibus,
433 372 457 394 ὅ(
464 371 606 395 senatoribus
614 390 619 395 .
637 371 694 396 seda
702 373 756 396 solis
763 373 849 403 equiti-

80 404 124 428 bus
130 403 174 429 esse
181 405 314 433 judicatum.
331 404 413 427 Cicero
421 403 462 426 lib.
469 405 550 434 11.capt
560 408 599 431 48.
612 404 640 427 de
648 406 746 428 Oratore
755 404 850 428 declarat

81 436 120 460 his
127 436 214 459 verbis:
233 438 330 460 ‚Animos
341 437 441 466 equitum
449 438 592 457 Romanorum
600 452 606 462 ,
624 438 682 469 apud
694 445 747 468 quos
759 436 849 468 rum-ju-

82 469 139 492 dites
151 470 213 497 raufiz
225 465 328 498 agebatur
341 482 348 493 ,
368 467 436 494 mig.
446 468 541 498 (apionis
553 468 626 489 odium
638 485 644 494 ‚
664 467 677 490 ir
690 476 730 498 qua
743 475 802 490 erant
813 467 852 497 [μβ

80 500 262 532 propterjudicia
273 497 406 524 abalienari,
423 497 551 520 renovabam
560 515 566 524 ‚
582 506 648 530 atque
660 498 794 522 revocabam.
812 500 849 521 Fa-

83 531 116 554 cit
122 531 192 554 etiam
201 537 294 553 mecum
303 529 340 551 illa
348 529 406 552 ratio
416 529 495 559 quod,
513 537 566 552 cum
580 533 616 554 M.
626 531 704 553 Livius
712 529 797 554 Drusus
810 530 849 553 tri-

83 562 159 585 bunns
167 561 240 592 plebis
248 560 356 591 Philippo
363 561 387 584 &
395 559 480 584 Caesare
489 561 551 584 Coss'.
562 561 638 592 legem
652 562 731 585 tulerit
738 578 745 588 ,
763 568 787 584 ut
794 569 848 584 cum

80 593 200 624 equitibus
207 591 318 616 senatores
326 591 464 619 judicarent:
482 593 546 623 quod
555 594 677 623 proxime,
694 600 749 616 cum
759 593 788 616 de
799 594 850 623 lege

81 625 147 648 Livia
163 631 254 656 agetur,
273 623 424 654 probabimus
436 631 441 644 t
459 624 608 648 manifestum
621 625 667 651 est,
685 623 746 648 solos
759 625 849 656 equites

81 662 132 679 ante
140 655 206 679 Drusi
219 654 362 678 tribunatum
377 655 490 683 iudicasse.
508 659 611 680 Praeterea
624 656 734 687 scriptum
746 655 777 679 cst
789 656 848 686 apud

80 688 225 711 Ciceronem
234 688 256 710 in
265 687 371 709 oratioue
377 694 420 717 pro
428 689 456 710 C.
465 683 674 718 Corneliohagm.
686 695 723 714 32.
739 691 788 710 Nan
800 694 849 710 anre

81 720 150 750 legem
159 722 251 742 Plotium
259 719 365 748 finatorex
372 727 419 740 cum
427 719 655 750 equitibusjudtcaffi.
671 723 710 742 ,Δι’
717 720 784 749 legem
792 721 849 741 ‘Plo-

83 757 140 773 rzam
147 752 255 782 ‘Pompesa
263 749 379 776 strabone,
395 750 418 773 (Γ
428 752 497 772 Porcio
511 751 643 779 Caronecoffi
654 753 724 773 laram
736 750 791 776 este,
809 752 845 773 Pe-

82 782 165 805 dianus
178 780 227 813 pag.
239 781 377 808 r4o.docet.
391 788 489 812 exque,
507 782 670 813 legi-§Serviliae
678 782 706 804 de
713 782 846 804 communi-

80 813 159 837 candis
167 813 228 836 inter
235 813 355 843 equites&
363 812 476 836 senatores
489 813 581 840 iudiciis
594 814 681 836 nullam
693 812 792 835 habitam
803 812 847 836 effe

81 846 207 871 rationem,
215 852 239 867 ac
245 851 275 867 ne
282 844 352 867 Livi:
359 843 457 874 quidem
468 860 474 870 ‚
483 852 532 875 qua:
538 845 561 867 id
570 843 641 867 sanxit
648 843 714 867 facile
721 843 751 867 est
758 852 847 874 cogno-

78 876 148 900 scere.
166 876 217 899 Post
224 875 360 905 Caepionem
370 877 402 897 Μ.
411 875 492 898 Livius
501 874 584 898 Drusus
597 875 700 898 tribunus
713 875 786 906 plebis
799 877 847 903 eius

79 907 147 931 Drusi
154 906 216 929 filius
223 923 229 933 ,
241 913 289 936 quo
297 905 472 935 tribunoplebis
484 906 511 929 ad
523 906 704 930 labefacs’tandam
714 909 743 930 C.
751 908 846 930 Gracchi

78 938 212 969 potentiam
225 936 314 960 senatus
330 935 381 960 usus
392 943 440 960 erat
456 938 483 960 L.
493 938 582 961 Ma'rcio
591 938 710 968 Philippo-
725 939 846 970 Sex.Julio

70 968 168 993 ‚Caesare
180 968 242 992 Coss'.
258 969 311 991 rnlit
324 969 352 991 ad
359 969 475 999 populum
484 986 490 996 ‚
504 976 529 992 ut
541 977 595 993 cum
603 971 722 1001 equitibus
733 969 846 994 senatores

77 1000 151 1024 causas
157 999 330 1032 cognoscerent.
345 1001 406 1029 cujus
414 1000 514 1031 legibus,
521 1001 630 1033 Philippo
637 1001 843 1025 Consulereferen-

79 1038 104 1056 te
111 1049 118 1060 ‚
128 1035 149 1056 S.
157 1035 186 1056 C.
195 1031 295 1058 sublatis,
306 1033 331 1055 in
339 1031 505 1063 eundem,quo
513 1039 564 1056 ante
570 1033 642 1056 fuerat
650 1049 657 1059 ,
665 1032 747 1056 statum
755 1041 778 1057 re
785 1033 845 1061 judi-

77 1065 146 1088 ciaria
153 1063 252 1087 restituta
260 1081 266 1090 ‚
274 1062 318 1086 soli
325 1064 416 1094 equites
422 1064 509 1094 exlege
516 1065 613 1088 Gracchi
620 1064 756 1093 judicarunt.
773 1068 845 1089 Anno

79 1095 166 1119 deiude
174 1095 308 1124 interjecto,
326 1099 359 1118 M.
368 1095 464 1118 Plautius
472 1095 580 1126 sylvanus
592 1096 699 1120 tribunus
711 1096 786 1128 plebis
799 1099 844 1120 Cn.

76 1128 193 1158 Pompeio
201 1126 434 1152 Strabone‚L.Porcio
441 1127 602 1152 CatoneCoff.
610 1129 652 1159 qui
659 1127 782 1151 fuit-annus
789 1128 845 1152 belli

77 1159 151 1183 Italici
159 1158 278 1185 secundus,
287 1158 340 1181 tulit
347 1158 373 1180 ad
381 1159 496 1189 populum
505 1175 511 1184 ,
529 1165 555 1181 ur
562 1158 728 1190 fingulaetribus
741 1158 797 1188 &suo
805 1169 843 1183 nu-

79 1199 137 1214 mero
149 1192 225 1222 quinus
239 1191 298 1212 denos
312 1196 351 1220 per
364 1198 445 1212 annum
452 1191 593 1221 judicaturos
606 1207 613 1218 ,
632 1191 733 1223 suffragio
744 1199 846 1214 crearent.

79 1222 230 1254 Qosatffum
243 1220 269 1249 est
282 1238 288 1248 ‚
306 1221 443 1250 ursemrtores
454 1229 538 1252 quoque
551 1223 573 1244 in
586 1231 608 1245 ea
618 1231 705 1245 numera
718 1224 781 1254 essent
793 1239 800 1249 ‚
818 1222 853 1246 C&

76 1255 166 1285 quidam
175 1260 241 1276 etiam
249 1261 276 1275 ex
287 1253 332 1283 ipsa
342 1252 412 1283 plebe.
430 1252 482 1276 Post
489 1253 563 1276 visto:
570 1254 749 1284 Sylla,Distator
755 1254 846 1285 primus

77 1285 136 1315 reip.
144 1283 309 1307 constituenda:
316 1282 455 1307 causafaaus
462 1301 469 1310 ,
480 1284 583 1308 infensus
595 1285 715 1316 equitibus
723 1302 729 1312 ,
743 1287 796 1316 quia
804 1294 845 1318 pro

78 1316 195 1338 Cinnanis
201 1314 301 1345 partibus
311 1314 425 1342 steterant,
432 1315 510 1346 legem
517 1316 579 1343 tulit,
586 1324 611 1340 ut
618 1324 689 1340 nemo
697 1334 704 1344 ,
715 1317 757 1340 nifi
765 1318 805 1348 qui
815 1316 846 1340 se-

78 1353 146 1370 nator
153 1345 214 1373 effer,
225 1346 324 1374 judicare
333 1345 406 1376 poffet
413 1363 421 1374 ,
435 1347 499 1378 quod
507 1354 557 1371 ame
564 1350 593 1371 C.
599 1348 698 1372 Gracchi
704 1347 847 1372 tribunatum

78 1378 130 1402 fieri
137 1377 234 1402 solitum
241 1377 286 1401 effe
294 1395 299 1405 ‚
313 1378 424 1401 diximus.
442 1379 500 1409 Sylla
508 1386 605 1402 mortuo
617 1380 683 1412 quod
691 1381 731 1403 ille
738 1379 847 1406 sanxerat,

77 1417 120 1441 per
127 1417 200 1433 annos
206 1412 244 1433 XI.
254 1408 367 1433 servatum
375 1409 406 1433 est
414 1427 420 1436 ,
428 1409 473 1433 hoc
479 1409 511 1433 est
519 1427 524 1436 ,
540 1409 610 1442 usque
617 1412 644 1434 ad
651 1414 698 1435 Cn.
706 1413 809 1442 Pompeii
821 1413 845 1435 δι

78 1441 150 1464 Craffi
158 1442 262 1472 prii-num
269 1442 428 1464 consulatum:
440 1449 489 1472 quo
496 1449 557 1465 anuo
566 1444 594 1466 L.
602 1444 710 1466 Aurelius
718 1445 787 1466 Cotta
793 1451 847 1474 prx-

77 1473 238 1504 torpopulum
246 1472 346 1503 rogavit,
367 1472 592 1507 populusquejuffit‚
611 1481 635 1497 ut
646 1481 690 1497 tres
697 1474 806 1501 ordines,
815 1474 847 1498 se-

77 1505 292 1534 natores‚equires,
302 1503 389 1526 tribuni
397 1504 541 1527 aerariiiimnl
554 1504 688 1534 judicarent.
702 1505 803 1532 tametsi,
822 1507 846 1529 ὃ(

77 1535 255 1559 centurionibus
263 1535 351 1558 aditum
359 1535 385 1558 ad
392 1543 427 1558 res
435 1535 564 1562 iudicandas
571 1535 664 1567 patuisse
671 1537 711 1560 hac
723 1537 769 1568 ipsa
780 1537 832 1568 lege
840 1554 846 1563 ,

79 1567 105 1590 δι
112 1566 260 1598 sequentibus
268 1567 384 1597 Pompeia,
392 1567 459 1598 Julia,
466 1567 535 1591 censu
542 1575 618 1592 tamen
627 1568 740 1599 przfrnito
748 1585 754 1595 ,
761 1570 847 1592 Cicero

79 1597 149 1621 docet
157 1599 181 1621 in
190 1598 315 1628 Philippica
322 1600 339 1620 I.
353 1599 443 1621 videtur
450 1605 527 1622 autern
534 1601 664 1623 Paterculus
671 1617 677 1626 ,
691 1599 733 1623 nifi
741 1599 848 1624 mendofi

78 1628 135 1652 libri
143 1628 207 1655 sunt,
225 1635 412 1660 nequetempus,
427 1636 504 1660 neque
511 1629 786 1662 sententiamhujnslegis
796 1639 846 1661 per-

79 1660 140 1684 feste
148 1659 249 1684 novisse:
267 1659 357 1692 quilib.
365 1663 392 1684 11.
401 1659 651 1691 tegernaCotralatam
664 1670 703 1693 per
715 1663 739 1685 id
753 1669 846 1693 tempus

78 1692 205 1722 significet,
223 1699 272 1723 quo
285 1691 398 1715 Gabinius
407 1691 513 1715 tribunus
526 1692 600 1723 plebis
617 1694 765 1724 rogationem
778 1695 832 1716 tulit
843 1711 850 1722 ,

79 1730 105 1746 ut
113 1724 238 1754 Pompeius
249 1729 326 1746 contra
336 1724 416 1753 piratas
424 1722 519 1747 summo
525 1731 579 1747 curn
593 1725 695 1755 imperio
707 1726 847 1749 mitteretur.

79 1755 147 1785 qnod
154 1754 235 1778 salsum
243 1754 286 1778 esse
292 1754 387 1779 constat.
405 1762 459 1778 nam
465 1755 579 1779 Gabinius
585 1755 684 1780 biennio
692 1756 741 1786 post
749 1759 849 1787 Pompe-

79 1787 97 1816 ji
105 1786 259 1809 Consulatum
268 1803 274 1812 ,
292 1786 337 1809 hoc
347 1785 379 1809 est
386 1785 467 1809 Pisone
474 1787 498 1809 δι
506 1787 632 1810 Glabrione
639 1787 699 1811 coff.
712 1796 763 1812 eam
771 1789 848 1819 legem

78 1818 147 1847 tulin:
166 1818 230 1849 quod
238 1818 261 1840 ὃ(
269 1816 421 1846 Velleiusipse
429 1816 513 1844 afferit,
530 1818 617 1842 &inde
623 1818 690 1842 facile
703 1819 758 1843 licet
768 1819 835 1843 existi

79 1856 152 1876 mate,
159 1849 233 1880 quod,
240 1847 345 1872 absoluto
352 1848 416 1872 bello
423 1849 528 1881 piratico,
535 1849 611 1874 statim
619 1852 648 1873 C.
656 1852 768 1875 Manilius
775 1850 846 1875 tribu-

79 1889 124 1904 nus
131 1881 205 1912 plebis
212 1881 265 1904 tulit
271 1881 298 1904 ad
304 1881 421 1912 ponulum
430 1898 436 1908 ‚
450 1887 476 1904 ut
483 1881 671 1905 Mithridaticum
679 1882 767 1906 bellum
781 1885 850 1907 Pom-

79 1912 135 1943 peio
148 1913 299 1935 mandaretur.
322 1912 348 1935 id
361 1911 491 1935 Plutarchus
503 1928 510 1939 ‚
533 1912 679 1944 velleiusque
694 1910 847 1938 cBnfirmant:

80 1943 205 1967 Maniliam
219 1949 295 1966 autem
306 1944 384 1974 legem
392 1943 507 1966 Cicerone
520 1951 616 1974 prarore
627 1945 696 1968 latam
707 1944 766 1972 esse,
783 1946 845 1968 lucu·

80 1976 144 1999 lenta
153 1974 223 2006 ipfius
234 1975 309 1997 oratio
316 1974 420 1997 declarat.
438 1981 509 2005 porro
521 1982 597 1999 aurem
607 1976 749 1999 Ciceronem
763 1975 849 2006 geffiss‘e

100 2013 202 2030 raeturam
210 2005 301 2036 Lepido
309 2006 332 2029 &
342 2006 412 2029 Tullo
420 2005 482 2029 coff.
494 2007 535 2035 qui
543 2006 587 2030 fuit
594 2015 666 2030 annus
674 2007 723 2037 post
729 2008 848 2031 Pisonis&

80 2015 217 2062 glabrionis
226 2036 379 2062 Consulatum
386 2038 509 2069 proximus
517 2055 523 2064 ‚
533 2039 586 2070 quis
598 2038 630 2062 est
636 2040 677 2070 qui
691 2040 799 2069 ignoret?
816 2045 849 2062 te-

82 2069 142 2094 stem
149 2069 405 2093 habemusPedianum:
423 2070 509 2097 utalia,
526 2078 576 2101 quae
589 2070 798 2101 facileprobarent,
817 2079 849 2094 ar-

83 2108 194 2133 gumenta
202 2100 382 2132 praetermirtam.
395 2100 449 2123 tulit
456 2101 527 2132 igitur
533 2101 562 2125 de
568 2102 665 2132 piratico
672 2102 738 2125 bello
747 2102 850 2133 rogatio-

82 2140 140 2157 nem
147 2132 260 2156 Gabinius
273 2132 376 2155 tribunus
387 2131 462 2162 plebis
476 2132 557 2157 Pisone
569 2135 594 2158 δε
607 2132 736 2157 Glabrione
748 2132 809 2158 cols
829 2141 849 2157 ar

84 2166 156 2188 Cotta
164 2181 170 2191 ,
187 2172 240 2188 cum
250 2164 397 2195 rogationem
406 2163 533 2192 dejudiciis
539 2172 568 2188 eo
576 2172 635 2188 anno
643 2165 736 2192 tulerit,
752 2173 802 2196 quo
813 2165 850 2189 de-

83 2196 183 2227 fignarus
191 2196 263 2219 adilis
270 2196 354 2218 Cicero
361 2198 455 2219 Verrem
462 2195 572 2220 accusavit
579 2213 585 2223 ‚
602 2195 745 2220 defendente
752 2200 852 2220 Horten-

83 2227 119 2252 fio
127 2226 230 2251 Consule
237 2226 368 2256 designato,
388 2227 455 2257 plane
467 2227 559 2252 videtur
571 2235 601 2251 eo
615 2235 676 2252 anuo
689 2227 765 2252 tulissis
776 2246 782 2255 ,
801 2236 850 2259 quo

85 2259 210 2290 Pompeius
218 2257 332 2282 &Craffus
339 2257 454 2281 Consules
460 2257 628 2290 fuerum.qund
634 2266 709 2291 aperte
716 2261 763 2283 Dio
771 2267 853 2284 narrar.

86 2294 141 2314 Hoc
148 2291 302 2320 derempore-
321 2289 392 2320 Qod
405 2289 432 2312 ad
446 2289 582 2314 senteutiam
593 2291 687 2319 attinet,
704 2299 752 2315 non
766 2292 836 2315 video
845 2309 852 2317 ‚

85 2324 129 2353 qui
141 2321 235 2354 probari
248 2320 316 2352 poffit
327 2322 351 2345 id
360 2337 366 2348 ,
383 2321 520 2352 quodidem
527 2328 614 2353 narrat„
629 2326 725 2347 cottam
737 2322 855 2352 judicandi

83 2360 171 2384 munus
177 2354 239 2379 inter
245 2353 337 2386 equites
344 2354 368 2380 ὅς
374 2351 478 2379 senatum
484 2354 602 2387 aequalitsr
608 2353 653 2381 effe
657 2355 769 2388 partitum
776 2362 782 2379 :
789 2362 854 2386 cum,

898 103 1260 130 Liternus.
1600 104 1656 143 837

864 171 865 178 ,
882 158 933 173 eam
941 148 1076 181 potestatem
1084 155 1134 173 non
1141 147 1177 171 his
1184 145 1274 173 modo,
1291 143 1329 170 sed
1341 151 1446 176 praeterea
1459 145 1558 171 tribunis
1571 149 1655 173 aerariis

864 179 867 208 i
882 181 927 206 effe
935 180 1080 213 permiffam,
1097 179 1198 204 sexcenti
1211 178 1258 202 loci
1271 177 1446 212 demonstrent,
1463 178 1505 202 nifi
1518 178 1578 202 forre
1591 181 1652 204 illud

883 214 999 244 (libenter
1005 213 1145 236 enimtueor
1157 210 1320 241 antiquitatem
1331 209 1339 239 )
1358 209 1476 240 aequalrter
1488 210 1549 234 inter
1561 218 1653 236 utrum-

883 253 930 276 qne
937 245 1047 268 ordinem
1055 245 1149 276 partitus
1156 242 1187 266 est
1195 259 1201 270 ,
1219 241 1273 265 ideo
1281 241 1409 264 paterculus
1416 240 1490 268 dixit,
1507 249 1532 264 ut
1540 241 1653 273 significa-

882 284 973 301 retnon
979 276 1055 300 solum
1063 276 1167 299 senatum
1175 291 1181 300 ,
1195 281 1220 297 ut
1227 280 1290 296 antea
1297 289 1304 299 ‚
1317 271 1356 296 sed
1362 272 1491 303 equestrem
1500 274 1582 304 pariter
1589 275 1652 299 ordi.

883 316 939 332 nem
979 308 1080 339 stlegem
1089 302 1331 334 Aureliamiudicass'e:
1349 304 1582 329 utatrariostribunos
1591 322 1597 332 ‚
1608 308 1651 338 qui

881 340 937 364 dein
955 347 1028 363 ecum
1035 338 1176 363 senatoribus
1189 336 1483 368 &equitibusiudicaiunt
1500 336 1596 361 erfinon
1605 346 1650 361 no-

882 372 981 396 minavit
988 389 994 398 ,
1012 378 1061 394 non
1068 377 1145 394 tamen
1151 368 1266 392 exclufiffe
1272 368 1384 391 videatur.
1390 364 1515 398 quomodo
1523 369 1546 392 ὅ(
1554 370 1620 393 Cicer
1625 377 1652 393 o-

882 411 937 427 nem
946 404 970 426 in
978 406 1072 426 Verrem
1080 401 1120 425 lib.
1129 405 1210 431 V.cap.
1219 405 1256 427 65.
1270 401 1378 423 locurum
1391 399 1506 423 videmus.
1520 401 1551 424 ait
1563 401 1628 425 enim
1642 418 1650 429 ‚

882 443 937 459 cum
944 436 1021 458 Cottz
1030 435 1106 466 legem
1114 432 1225 464 fignificet
1233 449 1240 459 ‚
1249 432 1367 463 judicium
1379 432 1404 453 de
1411 431 1537 461 judicibus,
1556 431 1614 456 &de
1627 440 1649 456 re

877 468 984 496 futurum
990 467 1032 495 eft.-
1050 472 1072 488 at
1083 474 1125 497 quo
1133 465 1336 494 lem-corefururum
1351 464 1395 491 eft?
1413 469 1486 493 nempe
1498 472 1520 485 eo
1529 481 1535 491 ‚
1552 473 1601 486 cum
1611 472 1650 496 po-

881 499 946 527 pulus
957 498 1124 527 Raliudgenur
1132 497 1243 518 hominum
1251 511 1257 521 ‚
1273 495 1416 524 arqxealium
1423 496 1515 516 ordinem
1529 497 1558 518 ad
1569 504 1600 518 res
1611 499 1649 521 ju-

881 531 980 552 dicandas
987 529 1094 560 requirit,
1112 534 1187 557 nempe
1198 535 1223 548 ea
1236 529 1280 556 Iege
1292 525 1574 557 dejndtti'r'sJudtcr'busque
1587 529 1649 550 novis

880 561 1025 591 promulgata.
1043 560 1129 583 „Alium
1142 559 1234 580 ordinem
1247 558 1307 580 dixit
1316 573 1322 582 ‚
1339 563 1393 579 cum
1407 563 1485 580 tamen
1498 565 1548 581 non
1562 566 1610 581 uno
1618 559 1647 582 de

882 592 979 618 ordine,
996 589 1034 614 sed
1048 589 1170 616 denibus,
1193 587 1289 613 homst,
1305 587 1496 615 descnatoribus‚
1513 589 1648 620 equitibus,

883 623 981 647 tribunis
993 622 1075 645 :trariis
1088 623 1112 645 in
1125 629 1150 644 ea
1163 621 1215 651 lege
1222 619 1393 653 mentiqfieret.
1413 620 1551 651 Eodemque
1558 622 1648 648 modo,

881 663 935 678 cum
944 672 950 682 ,
967 653 1091 678 censorum
1098 653 1181 680 judicia
1188 650 1274 675 rescissa
1283 651 1326 674 esse
1334 651 1436 677 iudicum
1445 651 1572 679 sententiis,
1580 652 1650 684 figni-

881 687 947 710 ficare
954 686 1030 712 vellet,
1039 685 1064 708 in
1071 686 1177 708 oratione
1183 691 1226 715 pro
1235 683 1346 707 Cluentio
1354 690 1444 714 cap-43.
1456 684 1547 707 locutus
1553 683 1592 708 est.
1611 687 1651 708 Se-

880 727 976 745 natores,
994 718 1072 748 inquit
1081 732 1088 743 ‚
1105 717 1228 747 equitesque
1240 715 1332 737 Romani
1345 716 1365 736 in
1379 715 1581 747 compluribus-jam
1593 718 1646 743 reis,

879 758 932 780 quos
939 756 1009 772 cantra
1015 751 1070 780 leges
1079 748 1179 778 pecunias
1187 746 1279 775 accepist}
1285 745 1428 775 subscriptum
1436 747 1477 773 cll,
1491 747 1606 778 suapoeius
1615 757 1647 770 γρ-

880 783 968 808 Ιίᾳίσηί,
985 789 1054 812 quam
1062 779 1169 808 cenfinum
1181 779 1273 807 opinioni
1286 783 1416 808 paruerunt.
1441 780 1468 800 Et
1483 778 1506 800 in
1515 779 1647 802 Divinatio-

881 805 910 835 ne
920 820 969 844 cap.
980 820 990 838 3
997 830 1002 835 .
1020 812 1156 840 Judiciorum
1163 811 1256 832 levitate
1263 810 1309 830 orda
1316 816 1401 839 quoque
1409 810 1465 831 alius
1472 811 1536 832 adm
1542 811 1649 841 judican-

879 845 916 866 das
927 844 1054 876 postulatur.
1072 842 1182 865 Pedianus
1194 840 1264 863 etiam
1274 840 1300 862 in
1307 841 1480 863 commentario
1492 842 1522 863 11.
1536 842 1649 864 orationis

880 876 905 898 in
913 878 1009 898 Verrem
1019 881 1116 906 pag.43.
1135 876 1231 898 Cottam,
1251 871 1343 902 inquit,
1357 872 1592 901 lraeoremfignffstm,
1609 875 1650 902 qui

880 908 947 937 legem
957 907 1108 938 promulgarat
1118 905 1143 927 de
1149 903 1285 933 restituendis
1297 902 1388 932 equestri
1396 903 1463 924 ordim
1474 905 1561 925 indicii:
1570 920 1575 929 ,
1593 911 1649 928 cum

880 945 958 962 tamen
966 941 1042 962 Cotta:
1049 938 1087 960 lex
1094 943 1144 960 non
1151 935 1180 958 de
1187 942 1234 958 uno
1241 934 1343 965 equestri
1350 933 1434 956 ordine
1441 951 1448 960 ‚
1465 932 1504 957 sed
1516 933 1545 957 de
1558 933 1649 958 senato-

879 969 942 993 ribus
951 987 957 997 ,
967 968 1096 1001 equitibus,
1106 967 1206 991 tribunis
1213 966 1294 989 :trariis
1302 966 1451 989 mentionem
1458 965 1549 990 faceret.
1562 967 1649 990 Plutar-

878 1001 934 1024 chus
945 1002 1015 1025 etiam
1028 1001 1054 1023 in
1067 999 1180 1030 Pompeio
1195 998 1279 1026 judicia
1293 997 1320 1020 ad
1327 997 1416 1028 equites
1429 997 1459 1020 ait
1472 996 1516 1021 effe
1528 998 1630 1022 transsata
1639 1007 1646 1021 :

877 1041 933 1056 cum
940 1040 1018 1056 tamen
1025 1032 1077 1063 lege
1083 1033 1156 1054 Cotta:
1166 1030 1225 1054 inter
1232 1036 1277 1053 tres
1283 1028 1378 1052 ordines
1389 1026 1460 1052 effent
1466 1030 1649 1054 communicata.

879 1065 950 1096 Qod
958 1064 973 1088 fi
981 1065 1034 1096 quis
1042 1069 1105 1094 putat
1112 1063 1137 1086 in
1144 1069 1193 1085 uno
1200 1060 1284 1084 ordine
1292 1077 1298 1087 ,
1316 1067 1388 1092 quem
1402 1061 1488 1084 Cicero
1501 1061 1528 1084 ad
1540 1068 1575 1084 res
1588 1061 1649 1089 judi-

878 1097 958 1119 candas
966 1096 1053 1126 requiri
1061 1094 1185 1125 fignificat,
1200 1092 1270 1120 fimul
1278 1099 1332 1115 cum
1345 1091 1464 1122 equitibus
1476 1092 1584 1115 tribunos
1595 1101 1649 1116 sra-

878 1128 925 1151 rios
933 1128 1035 1156 intelligi
1043 1143 1049 1153 ‚
1068 1126 1184 1157 opinione
1190 1125 1284 1148 fallitur.
1293 1131 1346 1146 nam
1354 1122 1468 1147 senatores
1475 1140 1481 1150 ,
1494 1125 1585 1155 equites
1592 1141 1598 1151 ‚
1607 1125 1649 1148 tri-

878 1159 935 1183 buni
942 1160 1013 1183 aerarii
1022 1176 1028 1185 ‚
1046 1165 1095 1181 non
1103 1157 1199 1180 ordines
1205 1155 1253 1179 duo
1260 1173 1267 1182 ‚
1274 1154 1312 1178 sed
1320 1161 1364 1178 tres
1371 1154 1383 1178 *a
1391 1153 1539 1186 scriptoribus
1547 1156 1649 1187 antiquis

877 1192 1029 1222 appellantur.
1052 1190 1131 1221 itaque
1149 1188 1261 1211 Pedianus
1275 1187 1300 1210 in
1313 1187 1485 1210 commentario
1498 1187 1646 1211 Corneliana:

878 1231 928 1254 pag.
940 1231 992 1248 130.
1010 1225 1037 1245 L.
1046 1219 1121 1247 Caua,
1139 1220 1232 1251 inquit,
1249 1219 1437 1250 legesuajudicia
1447 1220 1552 1242 intentes
1563 1220 1646 1242 ordiner

877 1255 1056 1279 communicavit,
1071 1253 1172 1281 senatum
1181 1268 1187 1278 ,
1194 1252 1277 1283 equites
1285 1267 1291 1276 ,
1299 1249 1496 1273 trtbunotaran'os:
1515 1252 1542 1273 Et
1550 1251 1575 1274 in
1581 1258 1648 1274 com-

879 1287 998 1309 mentariis
1005 1285 1101 1309 duarum
1109 1283 1244 1306 orationum
1251 1298 1258 1308 ‚
1275 1282 1300 1304 in
1308 1281 1417 1304 Pisonem
1425 1299 1431 1308 ‚
1441 1282 1466 1304 in
1473 1287 1592 1305 extremo:
1604 1289 1648 1313 pro

883 1318 994 1344 Milone,
1009 1318 1034 1340 in
1042 1316 1167 1346 principio.
1186 1313 1310 1337 Suetonius
1322 1313 1392 1336 etiam
1407 1314 1432 1336 in
1442 1313 1507 1343 Julio
1519 1320 1646 1343 cap.45.n.

881 1356 902 1375 5.
922 1350 1020 1375 Judicia,
1038 1347 1130 1378 inquit,
1147 1347 1175 1368 ad
1184 1345 1422 1376 duoffnemjudrcum
1436 1345 1529 1376 redegit.-
1548 1344 1647 1375 equestris

879 1380 960 1402 ordinis
967 1397 973 1407 ,
990 1380 1132 1408 acsenamrti:
1152 1377 1247 1404 tribuous
1260 1384 1339 1398 aerarros
1347 1392 1354 1402 ‚
1370 1377 1428 1406 quod
1436 1383 1481 1398 erat
1489 1378 1580 1398 tertium
1588 1392 1595 1403 ,
1607 1377 1647 1405 su-

875 1412 948 1440 stulir.
966 1408 1236 1434 Lexvatiniasecutaest.
1253 1408 1379 1430 tulitenim
1387 1414 1452 1433 earn,
1470 1414 1494 1430 ur
1505 1408 1606 1437 opinor,
1622 1410 1647 1431 P.

880 1444 984 1466 Vatinius
991 1441 1097 1465 tribunus
1103 1441 1177 1472 plebis
1186 1438 1272 1462 Casare
1280 1440 1302 1461 ἃ
1310 1438 1394 1461 Bibulo
1405 1437 1517 1469 Ccssfqua
1527 1437 1648 1466 sententia,

881 1474 988 1497 nondum
997 1474 1101 1497 invenire
1107 1472 1186 1502 potui:
1204 1469 1242 1494 sed
1250 1468 1315 1493 fuisse
1322 1470 1459 1501 popularem
1466 1487 1472 1496 ,
1479 1477 1534 1493 cum
1542 1470 1648 1494 Vatinius

881 1503 984 1528 senatum
993 1522 998 1531 ‚
1016 1504 1104 1527 senatus
1115 1504 1185 1526 illum
1199 1502 1348 1525 vehementer
1362 1501 1438 1524 oderit
1450 1518 1456 1528 ,
1475 1501 1542 1524 facile
1554 1500 1647 1532 poffum

880 1536 1020 1560 existimare.
1037 1538 1084 1559 Lex
1091 1534 1201 1564 Pompeia
1211 1550 1217 1560 ,
1225 1540 1295 1564 quam
1303 1533 1356 1555 tulit
1364 1535 1409 1555 Cn.
1418 1533 1542 1563 Pompejirs
1550 1535 1650 1564 Magnus

880 1569 905 1591 in
913 1568 1033 1591 contulatu
1044 1569 1073 1590 Il:
1079 1566 1140 1590 nihil
1147 1565 1173 1588 ab
1182 1565 1274 1588 Aurelia
1282 1564 1310 1587 de
1317 1563 1390 1587 tribus
1403 1564 1525 1587 ordinibus
1537 1563 1649 1596 discrepa-

880 1599 918 1622 bat
927 1617 933 1626 ,
951 1600 1021 1626 (nam
1029 1598 1105 1630 postea
1118 1598 1146 1620 de
1153 1596 1227 1620 tribus
1240 1595 1364 1619 ordinibus
1376 1595 1529 1622 iudicantibus
1541 1597 1650 1626 exempla

881 1631 954 1654 multa
961 1630 1026 1656 sunt,
1042 1630 1194 1659 maximeque
1206 1628 1266 1658 apud
1279 1628 1413 1650 pedianum.
1432 1628 1455 1650 &
1469 1628 1574 1650 Suetonii
1588 1628 1651 1650 testi-

881 1663 980 1688 monio,
998 1662 1040 1684 tria
1048 1659 1222 1689 firiss'eiudicum
1231 1665 1312 1689 genera
1325 1657 1397 1689 usque
1410 1658 1437 1681 ad
1445 1657 1538 1682 casaris
1551 1658 1650 1682 distam-

880 1701 942 1720 ram,
959 1689 1127 1724 cognoscitur)
1143 1690 1181 1715 sed
1187 1697 1215 1713 ex
1222 1689 1364 1720 amplissimo
1371 1689 1439 1712 censu
1447 1705 1454 1715 ,
1470 1687 1483 1712 ὲ
1494 1690 1604 1713 centuriis
1617 1690 1651 1714 le-

880 1725 903 1756 gi
914 1725 1002 1753 judices
1010 1723 1108 1750 iubebat.
1116 1720 1269 1753 ampliffimus
1275 1727 1351 1744 autem
1358 1719 1456 1744 census}
1467 1721 1536 1744 Livio
1544 1721 1649 1749 traditur,

879 1763 974 1780 centum
985 1756 1061 1779 millia
1068 1755 1130 1781 aeris,
1147 1760 1225 1784 eoque
1232 1753 1339 1784 amplius,
1361 1753 1434 1783 jutia,
1451 1759 1523 1783 quam
1533 1754 1561 1776 C.
1572 1753 1649 1784 Julius

880 1788 953 1811 Cacsar
963 1803 970 1814 ,
986 1794 1064 1811 rerum
1072 1786 1160 1816 potitus
1171 1785 1239 1812 tulit,
1249 1785 1337 1817 judicia
1344 1785 1373 1806 ad
1383 1785 1423 1806 duo
1425 1792 1504 1814 genera
1506 1785 1609 1813 judicum
1616 1794 1648 1807 re-

879 1821 937 1850 degit
954 1836 961 1846 ,
988 1819 1084 1851 equestria
1111 1818 1186 1840 ordinis
1199 1833 1206 1843 ‚
1231 1825 1256 1839 ac
1273 1817 1380 1846 senatorii
1392 1826 1400 1838 .-
1427 1814 1523 1838 imbuam
1549 1818 1646 1844 amrin,

880 1852 938 1880 quad
948 1857 994 1874 erat
1007 1851 1097 1873 tertium
1106 1866 1112 1875 ‚
1124 1849 1222 1878 fiastuli't.
1240 1848 1344 1871 Antonia
1355 1845 1490 1870 Consularis
1499 1863 1505 1873 ,
1523 1849 1559 1870 M.
1571 1851 1649 1871 Anto-

880 1883 931 1909 nii,
948 1880 1129 1914 qui111.vitfuit
1138 1897 1144 1907 ‚
1160 1880 1205 1903 hoc
1212 1878 1283 1902 sanxit
1292 1895 1297 1905 ‚
1316 1885 1341 1902 ut
1354 1878 1382 1902 ad
1394 1878 1448 1902 duas
1461 1878 1565 1907 judicum
1578 1879 1648 1903 decu-

879 1914 1044 1937 riasaccederet
1054 1913 1120 1935 tertia
1127 1910 1324 1939 ‘eceriturionibus
1331 1927 1338 1937 ,
1355 1910 1400 1933 hoc
1407 1909 1438 1933 est
1446 1927 1453 1937 ,
1469 1917 1494 1933 ur
1501 1917 1556 1933 cum
1562 1911 1650 1942 equiti-

880 1944 936 1971 bus,
953 1943 1126 1968 &senatoribus
1143 1942 1459 1972 (rerriumenimordinem‚
1478 1941 1586 1966 tribunos
1598 1951 1648 1967 aera-

881 1976 942 2002 rios,
959 1976 996 1998 lex
1003 1975 1062 2006 Julia
1069 1974 1200 2002 sustulerat)
1217 1974 1366 1997 centuriones
1378 1973 1511 2002 judicarent.
1527 1974 1593 2005 quod
1609 1982 1648 2005 ge-

878 2014 923 2030 nus
930 2007 1058 2030 hominum
1066 2013 1094 2029 ne
1102 2004 1230 2036 superiores
1239 2005 1337 2036 quidem
1344 2005 1408 2036 leges
1415 2022 1422 2032 ,
1438 2005 1511 2035 Julia,
1524 2007 1633 2037 Pompeia
1640 2023 1648 2033 ‚

882 2039 988 2066 Aurelia,
1006 2037 1177 2066 iudicandijure
1183 2036 1336 2060 excluserant:
1355 2036 1393 2060 sed
1400 2035 1577 2068 praescripserant
1585 2045 1650 2070 ,quo

881 2068 948 2093 censu
955 2078 996 2094 eos
1003 2069 1046 2093 effe
1053 2075 1185 2101 oporteret:
1202 2067 1268 2096 ficati
1275 2067 1417 2091 senatoribus
1426 2075 1523 2100 quoque
1530 2085 1537 2095 ,
1548 2069 1571 2092 δὲ
1579 2070 1647 2100 equi-

881 2101 956 2129 tibus,
973 2103 998 2126 &
1006 2100 1105 2125 tribunis
1111 2100 1193 2124 aerariis
1199 2099 1279 2124 census
1287 2099 1477 2131 eratpraefinitus:
1494 2107 1549 2124 cum
1556 2101 1651 2128 injudi-

882 2141 908 2157 ce
916 2150 922 2160 ‚
929 2128 964 2157 'ut
971 2134 1001 2157 ait
1009 2133 1094 2157 Cicero
1105 2132 1164 2156 Phil.
1175 2139 1183 2154 1
1189 2149 1194 2155 .
1204 2137 1215 2155 8
1221 2151 1226 2156 .
1243 2134 1272 2155 Et
1279 2131 1551 2164 fortunaspellarideberet
1558 2148 1565 2158 ‚
1583 2132 1608 2156 (y
1615 2134 1650 2156 di-

879 2167 960 2196 gnitas.
979 2164 1080 2188 Antonii
1095 2171 1151 2187 vero
1163 2164 1201 2186 lex
1219 2164 1270 2195 plus
1281 2169 1348 2194 aequo
1362 2162 1647 2194 impudens&diffoluta‚

884 2204 934 2228 quae
944 2198 1060 2220 rationem
1067 2195 1146 2219 census
1159 2195 1247 2219 nullam
1259 2194 1351 2221 habuit,
1369 2193 1497 2222 omnibus,
1513 2196 1650 2226 quicunque

884 2228 994 2251 ordinem
1007 2226 1122 2252 duxiss‘ent
1134 2244 1142 2254 ,
1165 2226 1281 2252 iudicandi
1294 2225 1428 2258 potestatem
1448 2227 1559 2257 permisit.
1581 2233 1650 2257 atque

886 2259 943 2283 hanc
951 2260 1052 2284 Antonii
1066 2260 1143 2290 legem
1150 2258 1260 2282 detribus
1272 2258 1371 2282 decuriis
1384 2265 1432 2281 non
1446 2256 1489 2281 ess'e
1496 2258 1627 2288 abrogatam
1641 2274 1648 2285 ,

885 2299 938 2315 cum
948 2290 1182 2319 illehostisiudicatus
1187 2289 1232 2317 est,
1250 2297 1304 2314 cnm
1311 2288 1414 2320 ejusdem
1420 2290 1498 2321 legem
1512 2289 1540 2312 de
1547 2288 1650 2313 sacerdo-

884 2323 923 2346 tiis
930 2322 1062 2354 abrogatam
1069 2321 1114 2346 esse
1120 2321 1185 2354 supra
1191 2321 1313 2346 docuerim
1320 2338 1326 2348 ,
1343 2319 1475 2345 eSuetonio
1487 2319 1647 2351 cognoscitur:

883 2354 927 2388 qui
939 2355 965 2381 in
977 2354 1084 2388 Augusto
1095 2361 1191 2388 canu.
1204 2362 1230 2381 n.
1238 2353 1309 2413 7.Mita
1320 2351 1421 2384 scripfir:
1437 2354 1482 2378 „Ad
1493 2352 1650 2407 nes-judaeum

1290 2392 1315 2412 m
1322 2392 1380 2411 mm
1388 2391 1413 2410 m
1603 2391 1651 2406 etu-
