2075 2734
391 129 444 156 290
681 118 1122 151 ANriQtJi'rATUM
1162 116 1507 147 ROMANAROM
1547 119 1716 149 Liaiv„

387 171 433 199 lib.
450 180 471 198 1.
491 169 534 197 ubi
551 177 643 198 tamen
658 178 740 197 novas
754 168 808 196 illas
820 167 953 196 mensium
967 167 1155 206 appellationes
1167 178 1223 197 non
1236 169 1346 198 addidit.
1382 169 1506 198 Tandem
1518 169 1621 198 Tacitus
1636 172 1789 208 Imperator
1801 176 1974 211 Septembrem

388 207 508 247 mensem
530 206 648 235 Tacitum
660 208 782 244 appellari
794 207 878 242 juffit:
899 207 1014 240 idcirco,
1034 205 1107 245 quod
1121 217 1155 236 eo
1167 209 1196 235 in
1209 208 1300 236 mense
1315 211 1341 237 &
1356 216 1432 237 natus
1442 229 1448 239 ‚
1470 211 1496 238 &
1512 208 1595 238 faetus
1609 209 1673 237 effet
1685 211 1849 250 Imperator,
1869 215 1973 244 Flavius

386 246 492 280 Vopifius
506 245 532 274 in
546 246 603 282 ejus
619 247 680 274 vita.
701 245 835 274 Caeterum
850 244 894 273 hic
909 245 1017 277 meniis,
1040 246 1085 283 qui
1098 247 1125 275 in
1142 246 1256 274 Volcani
1269 246 1349 275 tutela
1364 247 1438 275 fuiss'e
1453 248 1673 281 existimatusest,
1692 258 1725 279 ex
1733 252 1880 283 Romuli&
1890 254 1973 284 Caela-

387 284 423 312 ris
436 284 604 313 ordinatione
617 294 678 312 xxx.
692 294 723 312 ex
738 285 837 312 Numae
851 291 942 312 autem
953 284 1141 313 constitutione
1153 295 1187 314 xx
1194 295 1233 313 rx.
1247 286 1353 313 dierum
1366 285 1426 313 fuit.

888 355 943 389 De
957 354 1061 389 diebus
1074 356 1179 403 mensis
1193 354 1373 405 Septembris
1382 355 1484 403 festis.

428 437 458 465 In
470 435 521 464 hoc
536 433 771 502 mlensedbreviores
783 435 897 469 erimus,
917 433 980 463 cum
994 433 1064 468 ludi,
1086 437 1131 474 qui
1142 436 1309 473 potissimam
1323 436 1380 472 ejus
1393 444 1498 472 partem
1516 444 1664 474 occupant,
1686 437 1805 477 sequenti
1813 440 1972 477 capiteano.

388 475 428 503 bis
442 475 491 502 sint
505 484 536 502 ex
568 474 626 501 ican
647 474 663 501 i.

425 515 476 543 lv,
498 483 591 540 Ndiias
604 510 753 547 Septembris
765 511 946 540 memorabilis
959 513 1008 544 est,
1029 518 1140 550 propter
1154 511 1279 541 navalem
1299 511 1439 540 vietoriam
1457 514 1566 550 Augusti
1582 514 1615 542 de
1629 518 1666 541 M.
1680 515 1794 543 Antonio
1808 519 1834 545 ἃ
1844 517 1976 552 Cleopatra

391 552 496 588 Regina
514 551 636 587 AEgypti,
656 550 721 578 teste
734 549 815 577 Dione
826 548 927 585 lib.42.
940 552 986 588 qui
998 561 1058 579 eam
1075 552 1217 580 vietoriam
1231 548 1334 588 prolixe
1347 550 1471 579 describit
1487 551 1532 578 lib.
1547 563 1590 587 5¹·
1600 561 1734 581 extremo.
1760 557 1846 592 Atque
1859 564 1887 584 ut
1901 557 1974 584 idem

388 590 483 618 author
496 590 533 616 cst
546 589 591 616 lib.
605 595 645 624 51.
658 588 689 616 ab
704 587 756 616 hoc
770 588 813 615 die
828 588 935 618 Caesaris
948 589 1216 628 Monarchialcoepit,
1236 599 1307 617 anno
1322 588 1355 615 ab
1368 588 1442 616 Urbe
1457 590 1565 618 condita
1582 600 1699 621 mccxxv
1707 603 1728 619 1.
1750 594 1810 631 Qa
1824 594 1857 621 de
1873 604 1901 622 re
1914 595 1975 622 vide

387 627 490 666 prolixe
505 627 675 655 differentem
690 630 796 654 Dionem
810 625 871 653 loco
884 627 1001 656 indicato
1017 649 1022 658 ,
1042 626 1195 662 Xiphilinum
1209 628 1236 655 in
1250 628 1391 665 Epitome,
1412 627 1576 659 Suetonium,
1598 629 1760 663 Eutropium,
1782 635 1808 659 εκ
1821 632 1893 661 alios,
1919 634 1976 660 Im-

386 668 481 704 primis
491 664 622 703 sigonium
636 666 662 693 in
679 665 889 692 Commentariis
904 666 1050 695 Fastorum.

428 705 515 732 Pridie
535 705 609 732 Non.
620 702 756 738 Septembr.
772 706 799 732 &
811 703 876 731 neto
889 703 1055 741 sequentibus
1070 703 1124 733 ludi
1138 703 1258 733 Romani
1271 711 1346 732 erant
1359 724 1367 737 ‚
1395 710 1424 732 ut
1438 703 1518 733 habet
1532 703 1722 733 Kalendarium
1734 726 1742 738 ‚
1771 707 1805 734 de
1817 708 1910 745 quibus
1925 718 1975 739 nos

385 743 455 772 libro
469 742 587 778 sequenti
600 750 720 779 agemus.
1344 748 1363 766 ο

428 783 477 809 VI.
498 781 558 808 Idus
571 779 720 814 Septembris
731 780 925 818 Hierosolymae
939 779 953 808 a
970 782 1003 809 T.
1017 780 1177 817 Vespasiano
1192 790 1274 818 captae
1286 780 1359 812 sunt,
1380 781 1452 818 quod
1466 781 1579 817 sofi’phus
1592 782 1682 810 tradit.

426 818 518 848 Idibus
538 817 685 852 Septembris
706 819 812 847 vetustis
826 819 995 856 temporibus
1009 820 1108 848 Praetor
1123 820 1257 855 maximus
1270 819 1377 848 clavum
1389 818 1537 857 pangebat,
1557 820 1591 848 de
1606 829 1660 857 quo
1673 829 1751 848 more
1765 819 1836 849 Livii
1851 822 1929 850 verba
1942 832 1974 851 ex

386 858 433 887 lib.
445 869 468 892 7.
488 855 649 884 adscribam:
671 858 744 888 Lex,
765 858 866 894 inquit,
887 858 986 886 vetusta
1007 858 1043 885 est
1056 857 1144 894 priscis
1159 857 1240 886 literis
1252 879 1259 891 ,
1279 856 1417 894 verbisque
1433 858 1542 893 scripta,
1562 864 1593 885 ut
1606 859 1658 895 qui.
1667 859 1767 887 Praetor
1782 864 1915 889 maximus
1929 861 1974 893 sit,

385 895 470 924 Idibus
479 894 658 929 Septembribus
670 894 776 922 clavum
784 903 890 933 pangat.
912 896 990 924 Fixus
998 895 1048 924 fuit
1055 897 1150 924 dextro
1157 896 1230 924 lateri
1244 897 1304 924 aedis
1312 896 1387 934 Jovis
1395 897 1503 932 Optimi
1512 897 1634 927 maximi,
1645 906 1674 924 ea
1682 907 1714 925 ex
1723 906 1807 934 parte,
1818 908 1868 936 qua
1876 900 1977 927 Miner—

388 945 429 962 vae
442 933 577 970 templum
594 933 642 960 est:
664 942 727 961 eum
741 934 843 962 clavum
853 955 861 966 ,
883 935 944 972 quia
956 943 1019 961 rarae
1034 944 1082 971 per
1096 943 1127 961 ea
1138 942 1262 971 tempora
1274 934 1356 962 literae
1369 941 1457 966 erant,
1478 941 1571 962 notam
1587 936 1693 962 numeri
1707 945 1840 964 annorum
1854 937 1928 965 fuisse
1937 937 1975 965 fe-

386 980 463 1004 runt,
485 981 570 1009 eoque
583 972 702 999 Miner-ta
715 971 819 1008 templo
833 973 948 1001 dicatam
965 972 1052 1009 legem
1063 993 1070 1004 ,
1091 972 1152 1010 quia
1165 982 1292 1001 numerus
1307 972 1320 1000 a
1335 971 1455 999 Minerva
1468 974 1592 1001 inventus
1606 973 1645 1001 sit.
1668 976 1691 1000 V
1695 973 1792 1002 ulfiniis
1804 985 1912 1012 quoque
1926 976 1978 1004 cla-

386 1020 451 1044 vos,
473 1011 572 1039 indices
592 1011 698 1038 numeri
721 1019 867 1042 annorum,
888 1011 954 1038 fixos
968 1011 996 1038 in
1009 1009 1112 1047 templo
1126 1012 1232 1039 Nortiae
1245 1010 1360 1039 Etruscae
1372 1012 1436 1038 Deae
1451 1020 1623 1048 comparere,
1643 1010 1756 1049 diligens
1768 1013 1863 1040 talium
1880 1022 1977 1043 monu-

386 1057 545 1078 mentorum
559 1048 656 1076 author
669 1047 774 1076 cincius
786 1048 916 1079 affirmat,
936 1053 976 1076 M.
987 1051 1108 1075 Horatius
1121 1048 1219 1076 Consul
1234 1059 1266 1077 ex
1280 1049 1339 1087 lege
1348 1048 1568 1087 templumjovis
1583 1050 1691 1085 optimi
1707 1051 1976 1084 maximidedicavit,

387 1098 457 1116 anno
470 1088 528 1126 post
545 1089 632 1124 Reges
647 1087 762 1115 meros.
783 1088 805 1113 A
820 1085 978 1127 Consulibus
992 1087 1081 1123 postea
1095 1087 1127 1115 ad
1137 1087 1303 1120 Dictatores,
1324 1087 1386 1126 quia
1398 1087 1487 1123 majus
1500 1088 1648 1124 imperium
1657 1108 1664 1118 ‚
1684 1087 1792 1116 solenne
1800 1089 1866 1117 clavi
1877 1090 1975 1128 fingen-

387 1127 415 1155 di
430 1126 586 1154 transsatum
602 1126 652 1156 est,
675 1127 728 1154 ἃς.
748 1127 813 1152 Haec
826 1127 926 1152 Livius.

426 1165 530 1192 Eodem
550 1165 594 1192 die
611 1162 745 1198 templum
766 1163 843 1203 Jovis
861 1163 1007 1199 Capitolini
1027 1164 1179 1191 dedicatum
1192 1163 1228 1190 est
1244 1184 1250 1194 ‚
1275 1161 1290 1189 ἐι
1302 1166 1342 1188 M.
1358 1163 1465 1190 Horatio
1480 1163 1596 1191 Consule
1607 1165 1679 1201 quod
1692 1165 1772 1193 docet
1786 1166 1934 1194 Plutarchus
1948 1169 1976 1196 in

387 1202 537 1238 Poplicola,
558 1202 598 1229 his
613 1200 714 1228 verbis:
734 1200 1004 1234 1d=busseptembribus
1019 1202 1089 1238 (quae
1097 1201 1152 1228 dies
1166 1201 1260 1228 incidit
1271 1200 1298 1227 in
1306 1199 1482 1235 plenilunium
1492 1201 1587 1228 meniis
1597 1203 1654 1237 ejus
1666 1223 1674 1233 ‚
1695 1212 1777 1239 quem
1792 1205 1976 1242 Metiggatmio-

387 1250 444 1267 nem
457 1241 545 1268 Graeci
559 1240 669 1273 vocant)
684 1239 859 1266 dedicationis
874 1237 962 1270 causa,
984 1238 1047 1267 cum
1062 1238 1212 1276 frequentes
1226 1239 1253 1265 in
1262 1237 1428 1273 Capitolium
1443 1248 1538 1266 omnes
1552 1239 1747 1267 convenissent:
1770 1245 1892 1268 Horatius
1905 1243 1977 1270 sarilo

385 1277 502 1309 iilentio,
523 1277 636 1314 peraCtis
650 1286 700 1314 pro
715 1286 792 1304 more
800 1277 939 1308 omnibus,
964 1276 1036 1305 fores
1044 1285 1169 1315 tangens,
1192 1277 1272 1304 verba
1279 1275 1575 1305 dedicationissolennia
1583 1277 1665 1309 dixit,
1686 1279 1738 1306 &c.
1760 1278 1831 1307 Vide
1838 1279 1926 1307 dehac
1933 1282 1979 1309 de-

385 1316 520 1344 dicatione
534 1317 616 1344 etiarn
631 1313 735 1342 Livium
749 1314 794 1343 lib.
807 1325 831 1343 2.
846 1316 891 1352 qui
905 1324 996 1343 tamen
1010 1316 1084 1343 diem
1095 1325 1151 1343 non
1165 1323 1286 1343 annotat.

428 1354 555 1382 Postridie
573 1354 633 1380 Idus
650 1352 800 1387 Septembris
812 1374 820 1385 ,
847 1354 890 1381 vel
903 1363 934 1380 xx
944 1364 982 1381 ix.
998 1354 1111 1382 Kalend.
1126 1353 1254 1381 Octobris
1267 1353 1322 1380 dies
1337 1360 1392 1381 erat
1406 1356 1536 1392 Equorum
1545 1352 1740 1388 probandorum.
1775 1355 1818 1382 Sic
1833 1356 1906 1383 enim
1922 1359 1976 1385 Ka-

384 1392 534 1421 lendarium
547 1391 638 1420 habet:
661 1393 693 1419 A.
706 1392 733 1418 F.
747 1395 839 1430 Equor.
846 1390 965 1425 proband.
979 1391 1032 1420 hoc
1046 1392 1096 1424 est,
1118 1392 1137 1418 F
1139 1392 1220 1423 astus,
1243 1392 1383 1427 Equorum
1398 1391 1610 1426 probandorum.
1633 1393 1674 1419 De
1688 1391 1737 1420 hac
1752 1393 1904 1422 celebritate
1912 1395 1976 1432 quid

343 1446 348 1450 ·
384 1433 490 1463 dicam,
511 1440 567 1459 non
588 1429 687 1460 habeo,
708 1438 772 1457 cum
792 1429 850 1465 ejus
870 1439 920 1457 nec
940 1433 1030 1462 Varro,
1050 1439 1099 1457 nec
1113 1428 1196 1466 Festus
1208 1428 1263 1457 ullo
1275 1428 1357 1456 verbo
1371 1430 1555 1458 meminerint.
1589 1429 1705 1457 Valerius
1718 1432 1828 1468 quidem
1842 1433 1978 1460 Maximus

384 1470 550 1506 probationis
568 1477 701 1506 equorum
716 1468 887 1496 mentionem
902 1468 966 1496 facit
979 1467 1024 1495 lib.
1035 1479 1058 1496 2.
1074 1477 1130 1505 cap.
1144 1478 1166 1494 1.
1178 1467 1217 1495 his
1231 1467 1317 1495 verbis
1331 1478 1337 1494 t
1360 1468 1493 1504 Equestris
1507 1469 1608 1496 ordinis
1620 1469 1748 1504 juventus
1762 1470 1887 1498 omnibus
1900 1471 1976 1498 annis

388 1509 428 1535 bis
442 1507 547 1535 Urbem
563 1505 712 1542 specstaculo
724 1505 762 1534 sui
774 1504 820 1534 sub
833 1507 937 1543 magnis
951 1505 1105 1535 authoribus
1119 1505 1284 1540 celebrabat,
1306 1505 1349 1534 die
1361 1505 1549 1540 Lupercalium,
1571 1509 1597 1535 ὃς
1611 1506 1727 1544 equitum
1735 1507 1887 1541 probatione.
1920 1509 1973 1536 Sed

386 1545 440 1582 ipse
461 1544 513 1572 sese
527 1545 613 1572 statim
628 1544 744 1579 explicat
756 1564 764 1575 ‚
785 1543 858 1581 quod
874 1554 933 1572 eam
946 1545 1068 1581 equitum
1083 1544 1266 1572 trabeatorum
1282 1543 1508 1572 transvectionem
1522 1546 1550 1573 in
1565 1544 1731 1580 Capitolium
1744 1545 1875 1582 intelligat
1886 1566 1895 1577 ,
1917 1555 1974 1582 quae

386 1583 475 1612 Idibus
488 1582 564 1620 juliis
576 1581 656 1610 fuerit
670 1581 815 1613 celebrata,
837 1582 871 1609 de
885 1592 936 1620 qua
950 1592 999 1610 nos
1012 1583 1039 1610 in
1054 1583 1127 1620 Julio
1140 1581 1231 1610 mense
1245 1591 1277 1610 ex
1291 1581 1386 1618 Jacob)
1399 1582 1517 1609 Ravardi
1532 1583 1604 1610 libris
1618 1583 1762 1609 variorum
1770 1583 1843 1618 plura
1850 1583 1977 1612 diximus.

386 1621 481 1659 Qalis
494 1623 501 1648 i
524 1622 576 1649 itur
590 1620 645 1648 haec
657 1629 789 1657 equorum
802 1620 1005 1657 probandorum
1020 1620 1184 1650 consuetudo
1199 1620 1294 1652 suerit,
1316 1621 1390 1657 cujus
1398 1621 1425 1648 iu
1438 1620 1491 1648 hoc
1505 1623 1531 1649 ὃς
1547 1620 1666 1658 sequenti
1676 1618 1768 1647 mense
1775 1628 1848 1649 extat
1855 1623 1975 1654 mentio,

387 1631 557 1698 quaerendgum
573 1658 688 1688 videtur.

427 1698 519 1725 XVII.
540 1696 653 1725 Kalend.
669 1694 809 1728 offobreis,
831 1698 859 1725 ὃς
872 1696 1041 1734 sequentibus
1053 1698 1155 1736 aliquot
1174 1695 1228 1725 ludi
1243 1697 1363 1726 Romani
1382 1699 1410 1725 in
1426 1698 1508 1726 Circo
1521 1704 1612 1730 erant,
1633 1704 1662 1725 ut
1676 1697 1756 1726 habet
1767 1696 1975 1726 Kalendarium:

389 1736 421 1764 de
437 1736 531 1773 quibus
544 1734 611 1763 ludis
625 1744 673 1762 nos
688 1734 805 1771 sequenti
820 1734 889 1763 libro
902 1735 1068 1764 differemus,

426 1775 486 1801 XII.
508 1771 618 1802 Kalend.
633 1772 760 1805 octobris,
782 1776 809 1802 &
823 1773 992 1811 sequentibus
1007 1774 1090 1802 tribus
1103 1772 1195 1803 diebus
1206 1776 1354 1810 Meikatus,
1374 1774 1427 1802 five
1440 1773 1612 1810 Merlggaerialia
1624 1781 1714 1806 erant,
1735 1773 1769 1801 de
1782 1773 1876 1810 quibus
1889 1774 1972 1802 etiam

386 1813 412 1841 ln
444 1813 509 1840 ulio.

425 1815 475 1878 ix.
497 1850 556 1879 Kal.
571 1850 653 1878 OCto.
664 1848 758 1877 natalis
772 1850 881 1887 Augusti
895 1857 950 1879 erat
965 1860 970 1878 :
991 1850 1027 1879 slc
1040 1852 1112 1879 enim
1132 1849 1337 1879 Kalendarium:
1360 1851 1419 1877 NP.
1432 1849 1520 1877 Merk.
1534 1850 1569 1876 H.
1583 1851 1616 1877 D.
1638 1847 1749 1886 Augusti
1759 1853 1840 1876 Nata.
1854 1848 1906 1876 hoc
1919 1849 1973 1882 est‚'

388 1889 512 1917 Nes-istus
527 1890 633 1926 primo,
653 1889 800 1921 Merkgztus,
821 1889 874 1916 five
891 1889 1076 1924 Merkurialia,
1095 1889 1148 1917 hoc
1164 1887 1207 1916 die
1221 1889 1329 1925 Augusti
1343 1888 1444 1916 natalis.
1465 1885 1625 1915 Kalendario
1638 1887 1787 1924 astipulatur
1799 1886 1930 1914 Suetonius
1943 1889 1973 1917 in.

389 1928 519 1965 Augusto,
540 1937 596 1964 cap.
607 1938 634 1964 5.
662 1927 749 1954 Natus
764 1927 815 1958 est,
835 1928 935 1964 inquit,
958 1926 1096 1965 Augustus,
1118 1929 1157 1955 M.
1169 1926 1232 1954 Tul.
1246 1928 1393 1958 Cicerone,
1415 1929 1443 1954 ὅτ.
1457 1926 1577 1953 Antonio
1594 1925 1666 1952 Coss'.
1685 1935 1723 1952 ix.
1750 1924 1859 1952 Kalend.
1872 1925 1972 1953 oflobr.

388 1967 464 2002 paulo
477 1974 538 1994 ante
552 1966 612 1994 solis
626 1972 751 1993 exortum
765 1986 773 1996 ,
795 1967 905 2003 regione
917 1965 1025 1996 Palatii,
1045 1965 1077 1993 ad
1092 1966 1177 2002 capita
1191 1964 1296 1993 bubula.
1325 1968 1351 1994 &-
1364 1963 1416 1993 Dio
1429 1964 1473 1992 lib.
1483 1974 1529 2000 55.
1550 1963 1699 2000 Augustum
1715 1963 1805 1991 mense
1819 1963 1973 2000 Septembri

389 2013 481 2032 natum
494 2003 568 2035 dicit.
593 2006 636 2032 De
649 2003 827 2031 celebratione
838 2012 928 2032 autem
941 2003 1033 2032 natalis
1046 2005 1102 2040 ejus
1115 2003 1188 2031 idem
1203 2009 1261 2032 Dio.
1271 2003 1316 2031 lib.
1326 2013 1370 2039 54.
1384 2004 1411 2031 in
1425 2002 1540 2031 Historia
1553 2002 1615 2029 anni
1632 2002 1744 2031 Iocxxxi
1754 2013 1762 2029 1
1772 2012 1793 2030 1.
1814 2001 1914 2030 AEdiles
1926 2011 1973 2031 ua-

388 2041 481 2069 talibus
496 2043 604 2080 Augusti
615 2042 742 2079 privatim
756 2041 831 2069 ludos
844 2043 989 2079 equestres,
1011 2045 1037 2072 ὅ(
1047 2043 1218 2071 venationem
1226 2041 1376 2071 eiiderunt.
1396 2042 1430 2070 Et
1442 2041 1470 2068 in
1483 2040 1599 2068 Historia
1610 2040 1671 2067 anni
1685 2039 1846 2068 lscxmdib.
1855 2039 1972 2069 eodem:

392 2079 517 2107 Natalem
532 2082 639 2117 Augusti
650 2080 724 2107 diem
739 2079 825 2118 Julius
842 2082 954 2109 Antonii
971 2083 998 2109 F.
1014 2083 1115 2109 Praetor
1125 2081 1237 2118 equestri
1253 2081 1415 2112 certamine,
1436 2082 1463 2108 ὃς
1475 2079 1616 2107 venatione
1630 2078 1788 2111 celebravit,
1811 2081 1837 2107 ὃς
1850 2088 1882 2108 ex
1897 2080 1922 2106 S.
1937 2079 1970 2106 C.

392 2116 498 2152 epulum
513 2119 629 2155 Augusto
644 2121 669 2147 ὃ(
678 2119 849 2147 Senatoribus
861 2120 888 2146 in
903 2119 1038 2156 Capitolio
1051 2119 1134 2148 dedit.
1147 2117 1278 2147 Suetonius
1287 2117 1454 2156 inAugusto,
1476 2126 1532 2154 cap.
1541 2128 1586 2154 57.
1607 2117 1716 2155 Equites
1726 2117 1846 2145 Romani
1852 2116 1970 2146 natalem

392 2155 500 2191 Augusti
514 2154 607 2190 sponte
620 2165 698 2193 atque
713 2156 838 2185 consensu
852 2157 934 2186 biduo
949 2157 1054 2195 semper
1068 2158 1244 2186 celebrarunt.

430 2194 465 2219 V.
484 2193 543 2219 Kal.
562 2193 673 2221 Octobr.
691 2197 788 2221 Veneris
802 2194 939 2223 Genetricis
953 2195 1023 2224 feria:
1037 2206 1124 2228 erant,
1145 2196 1209 2224 ficut
1222 2196 1328 2224 testatur
1342 2195 1526 2233 stagmeutum
1539 2194 1609 2223 aliud
1623 2194 1762 2223 Fastorum
1776 2193 1898 2222 effossum
1912 2193 1971 2220 Ro.·

391 2219 501 2258 mae⁸sub
516 2229 582 2257 colle
593 2230 762 2260 hortulorum
776 2253 783 2265 ‚
806 2234 834 2261 in
849 2244 902 2272 quo
917 2235 951 2263 sic
964 2234 1076 2272 legitur:
1098 2233 1189 2263 Veneri
1203 2233 1328 2262 Genetrici
1340 2235 1369 2263 in
1382 2234 1443 2262 foro
1458 2233 1573 2263 Caessris.
1601 2234 1644 2262 De
1658 2235 1749 2261 Venere
1762 2230 1888 2260 Genetrice
1901 2230 1971 2260 dixi-

390 2278 451 2297 mus
464 2267 510 2298 lib.
525 2278 549 2295 2.

429 2309 490 2335 HOC
510 2305 601 2334 mense
614 2305 721 2350 Epulum
735 2309 853 2338 minem
869 2311 941 2340 fuiss‘e
950 2333 957 2344 ,
985 2312 1175 2341 Kalendarium
1191 2313 1332 2341 Rusticum
1344 2332 1353 2344 ,
1374 2312 1448 2349 cujus
1462 2318 1522 2343 ante
1535 2319 1643 2351 quoque
1654 2310 1823 2339 mentionem
1838 2306 1971 2341 fecimus‚'

389 2344 479 2375 subet:
500 2354 555 2382 quo
568 2352 659 2374 autem
674 2344 732 2380 die,
752 2348 893 2379 incertum.
914 2353 956 2380 De
969 2352 1046 2388 Epulo
1059 2351 1181 2381 dicemus
1194 2351 1224 2381 in
1238 2349 1400 2381 Novembri.
1551 2356 1556 2359 ‘

1863 2423 1973 2460 Car!

1294 2467 1312 2493 ”s
