2075 2734
307 112 380 141 95oe
618 100 1076 134 Ari-riQ-uiraru

1105 111 1126 130 ai
1176 101 1519 130 Ronininu

412 154 783 217 PAULUS
841 170 1658 223 MAN-UTIUS,ALD1
1713 177 1761 219 F.

828 261 881 295 De
912 269 1050 296 veterum
1076 259 1196 295 dierum
1225 262 1353 297 ratione.

349 344 360 368 1
376 341 424 366 duo
437 342 463 366 in
475 347 557 372 genera
570 339 664 364 dierum
676 339 784 364 distribui
796 348 877 363 annum
884 345 1004 371 oporteat,
1018 339 1081 363 mul-

328 395 330 397 .
365 373 464 398 tifariam
476 372 538 396 reste
551 371 682 398 dividetur,
700 378 725 395 ut
738 371 767 395 fic
780 380 786 398 ;
805 378 879 396 annus
890 371 978 395 constat
991 378 1019 395 ex
1032 371 1083 395 die-

279 418 281 420 ·
308 406 351 430 bus
363 406 399 429 vel
406 404 483 435 fastis,
500 404 535 428 vel
548 404 648 433 nefastis:
666 409 702 427 aut
716 403 761 431 sic5
776 410 805 426 ex
812 402 895 427 diebus
908 403 944 426 vel
952 403 1028 432 sestis,
1045 403 1082 426 vel

306 437 415 471 profestis.-
433 441 470 458 aut
483 434 524 463 fic,
541 442 569 458 ex
576 434 658 459 diebus
671 435 708 458 vel
717 435 843 463 senatoriis,
860 435 896 457 vel
910 435 1083 464 ›iotifinatoriisz

310 475 347 492 aut
360 468 402 495 sies
420 474 448 490 ert
458 466 540 490 diebus
551 467 586 490 vel
599 465 756 493 comitialtbm‚
768 466 803 489 vel
816 475 855 489 non
868 465 1020 489 comitialibus.
1039 467 1084 488 Ha-

310 507 363 523 rum
376 500 442 523 enim
454 505 554 530 quatuor
567 497 711 521 diviiionum
725 514 732 524 ‚
755 497 770 521 si
785 497 905 529 separatim
918 497 1011 528 singulae
1029 503 1084 520 con-

310 531 450 557 fiderentut,
467 537 546 554 totum
559 537 646 554 armum
659 528 769 560 qualibet
781 529 956 561 coniplcfflruin
984 530 1035 551 Nos
1049 535 1085 551 au-

311 569 359 587 tem
369 580 375 590 ,
392 570 449 586 cum
461 562 490 585 de
505 560 588 586 diebus
600 569 625 585 ea
637 568 688 592 quae
702 560 759 584 scitu
773 561 843 592 digna
857 561 991 584 censuimus
1002 575 1008 586 ‚
1026 567 1086 591 qucr-

309 601 355 626 que
369 593 395 617 ad
409 596 522 617 Romana:
533 593 632 617 historia:
645 592 756 616 not-itiam
763 593 829 616 valde
836 592 952 624 pertinent
963 608 968 618 ‚
984 591 1087 614 breviter

310 625 432 649 ostendere
445 625 615 649 instituerimus
629 634 636 651 3
659 631 687 647 ex
700 624 736 647 his
748 623 902 648 divifionibus
916 622 1010 646 utemur
1024 629 1048 645 ea
1062 623 1087 646 iii

311 665 356 689 qua
370 665 421 688 quaa
434 657 509 687 maior
522 664 570 688 pars
583 656 614 679 est
630 655 702 685 (duas
714 656 779 679 enim
792 663 863 687 partes
877 654 961 679 habent
976 654 1087 685 singulae)

312 697 352 716 ea,
369 696 424 712 cum
434 696 458 711 ea
471 694 547 720 parte,
566 695 616 719 qum
629 687 654 710 in
663 688 713 710 aliis
725 687 881 711 divisionibus
893 687 951 710 item
964 686 1037 714 maior
1046 685 1085 711 ess,

312 727 455 751 comparata,
473 719 568 743 uberior
580 719 700 751 aliquanto
713 718 757 742 effe
769 718 927 750 cognoscitur.
943 717 1087 749 Incipiemus

313 753 384 784 igitur
394 750 408 775 ‘a
420 751 560 777 nominibus
573 751 598 775 in
613 751 688 782 prima
700 749 816 773 divisione
829 767 835 777 ,
847 751 912 780 fastis
925 766 932 776 ,
949 750 975 773 ὼ·
988 749 1086 778 nefastis:

313 783 509 815 quandoquidem
519 783 583 812 fasti,
601 790 651 814 quae
659 782 757 805 duarum
764 782 844 813 prima:
857 780 978 805 divisionis
986 781 1087 811 panium

313 816 408 846 plenior
421 815 452 839 est
467 832 474 842 ‚
497 815 573 846 plures
587 815 610 837 in
626 821 687 837 anno
700 813 752 837 sunt
765 830 772 840 ,
790 821 860 845 quam
872 819 1026 845 quacumque
1039 818 1088 842 pars

312 848 339 871 in
352 846 425 871 tribus
439 846 536 878 reliquis
547 845 703 870 divisionibus
713 846 782 868 latius
794 851 872 876 patet‘:
890 845 936 867 hoc
948 843 980 867 est
994 860 1000 870 ‚
1018 850 1089 874 quam

315 879 353 902 vel
363 879 449 909 profesti
457 895 470 906 t,
487 878 524 902 vel
541 885 579 900 non
589 878 692 905 senatorii
706 893 712 903 ,
731 877 767 900 vel
779 885 819 899 non
830 878 960 900 comitialei,
989 874 1061 904 Qiod
1075 873 1091 897 ίῖ

315 911 369 941 quis
382 917 487 941 opponat
498 926 506 936 ,
517 909 548 935 xiri
561 908 699 937 Kaleiidario
713 908 789 939 plures
802 914 896 931 notatos
906 906 950 931 else
963 905 1012 930 dies
1025 906 1091 929 litera

316 944 348 968 C,
363 949 434 973 quam
445 942 512 965 litera
525 943 549 967 F,
567 940 629 963 uncle
639 941 714 970 plures
727 939 885 970 significantur
898 940 941 961 diei
955 938 1089 963 comitiales,

316 980 389 1004 quam
398 972 462 1002 1¹⁴³stss
480 973 558 1003 itaque
568 979 618 994 non
631 971 692 994 reete
706 978 745 994 me
757 970 855 997 afassis,
871 976 896 993 ut
908 969 920 991 a
930 969 1036 999 pleniore
1043 975 1095 998 par.—

317 1011 354 1032 te,
371 1003 490 1031 exordiri3
508 1003 574 1029 sciat,
592 1009 640 1026 non
653 1000 785 1032 amefastas
799 1001 876 1025 modo
887 1000 964 1023 vocari
977 1006 1038 1030 quos
1049 1005 1091 1021 no-

317 1042 378 1060 tatos
389 1036 456 1059 litera
469 1037 484 1058 F
493 1051 498 1060 ‚
518 1033 627 1058 videmus
639 1050 646 1061 ‚
669 1033 708 1057 sed
721 1040 806 1056 omnes
816 1033 883 1064 plane
896 1031 982 1063 quibus
993 1030 1035 1053 fari
1049 1030 1091 1053 tria

297 1064 302 1068 ’
317 1069 399 1094 verba,
416 1067 520 1093 da‚d1r0,
537 1066 624 1092 addico,
641 1064 837 1096 ptoetorilicebat3
854 1070 957 1095 quorum
970 1060 1090 1086 {enumero

318 1099 450 1123 comitiales
462 1103 524 1120 erant
538 1097 562 1120 &
575 1097 594 1120 ii
607 1103 668 1127 quos
680 1097 705 1120 iii
718 1096 856 1120 Kalendario
870 1095 903 1121 ha:
915 1095 986 1119 literae
994 1094 1093 1117 demoti-

318 1130 402 1157 strant,
418 1131 525 1154 <EN.NP.
535 1130 650 1161 QREX.
666 1131 692 1152 C.
701 1130 796 1159 QS.T.
807 1129 869 1151 D.F.
878 1130 901 1151 P.
915 1126 1001 1158 quibus
1015 1127 1095 1149 omni—

319 1160 472 1186 buscumfari
484 1161 577 1187 liceret3
595 1161 665 1183 etiam
679 1159 694 1183 fi
708 1167 756 1182 non
771 1160 795 1183 id
807 1160 897 1189 semper
911 1159 990 1184 fieret3
1007 1164 1052 1189 qua
1065 1157 1094 1180 de

320 1193 383 1229 causa
397 1193 473 1217 notati
484 1192 536 1216 sunt
549 1191 600 1215 :iliis
611 1191 686 1215 literis
698 1192 789 1221 potius,
807 1198 877 1222 quam
890 1192 920 1218 1²5
938 1196 962 1213 ut
970 1188 1095 1215 indicetur,

321 1231 403 1257 praeteir
416 1225 469 1253 fari
480 1223 571 1255 aliquid
584 1223 655 1246 etiarn
667 1223 716 1247 fieri
730 1222 818 1246 licuiffe
829 1231 836 1250 3
861 1229 911 1245 non
925 1220 1022 1245 absurde
1033 1221 1094 1244 milii

321 1257 394 1281 facere
407 1256 504 1282 videor,
523 1254 539 1278 fi
553 1254 580 1277 ad
592 1254 674 1281 fastos,
692 1255 757 1278 litera
770 1257 798 1281 F,
817 1260 924 1280 notatos,
941 1253 983 1284 qui
996 1251 1095 1284 quidem

323 1295 376 1312 vere
384 1288 437 1319 fasti
449 1286 496 1310 dici
510 1285 616 1316 possunt,
635 1286 699 1317 quod
714 1287 742 1309 iis
754 1285 816 1309 aliud
830 1284 921 1317 prorsus
934 1284 996 1308 nihil
1009 1283 1093 1311 fiebat,

322 1327 379 1352 que,
388 1324 469 1351 praetor
482 1316 494 1341 ὲ
507 1318 556 1347 jure
568 1318 670 1341 dicendo
687 1318 842 1348 impediretur
855 1334 861 1344 ,
881 1324 921 1340 eos
933 1323 1030 1347 quoque
1043 1315 1093 1340 dies

324 1358 438 1383 aggrego,
455 1348 541 1381 quibus
554 1348 596 1373 fati
610 1348 700 1381 semper
712 1349 811 1380 quidem
825 1348 921 1375 licebat,
939 1356 989 1371 non
1002 1354 1079 1371 tamen
1088 1364 1094 1375 ,

323 1383 390 1415 quod
404 1384 483 1406 liceret
498 1398 504 1408 ,
526 1381 577 1405 fieri
590 1380 680 1412 semper
693 1379 787 1406 solebat.
805 1387 829 1404 ut
848 1381 951 1404 omnino
970 1380 1012 1403 tria
1025 1378 1096 1403 essent

326 1422 420 1451 genera,
438 1412 524 1445 quibus
535 1412 565 1436 de
579 1411 674 1444 lingulis
686 1419 765 1444 agetur
782 1412 824 1436 suo
836 1413 897 1436 loco.
931 1411 1036 1435 trimum
1047 1411 1097 1441 fasti

325 1448 354 1474 ii,
371 1446 457 1478 quibus
469 1445 514 1468 fari.
524 1444 614 1476 semper
626 1446 650 1468 ὃς
663 1444 757 1471 liceret,
775 1445 798 1468 δι
811 1443 894 1467 soleret
908 1452 914 1471 5
931 1444 973 1475 qui
987 1449 1097 1466 notantur

326 1479 392 1502 litera
404 1480 434 1505 F,
452 1475 552 1508 suntque
565 1483 649 1501 omnes
660 1483 734 1500 xxxvi
744 1485 751 1500 i
761 1485 780 1500 r.
804 1476 834 1499 Hi
849 1476 872 1498 δε
886 1476 979 1506 proprie
991 1481 1053 1497 erant
1066 1473 1096 1496 fa-

327 1510 369 1537 sti,
387 1510 411 1533 &
424 1510 480 1532 toti:
500 1508 593 1540 proprie
608 1524 613 1534 ,
631 1508 698 1539 quod
711 1515 749 1538 per
765 1514 805 1531 eos
819 1507 861 1530 nisi
875 1514 929 1529 cum
942 1507 1025 1536 aliquis
1038 1504 1098 1528 casus

326 1548 388 1564 extra
401 1541 510 1564 ordinem
525 1540 686 1565 interveniret,
705 1546 825 1569 nunquam
838 1545 920 1568 przttor
934 1538 967 1566 jus
980 1544 1028 1560 non
1037 1537 1099 1559 dice-

329 1572 379 1599 bat3
398 1572 458 1598 toti,
476 1571 540 1602 quod
552 1571 594 1594 fari
608 1570 672 1594 horis
684 1569 797 1593 omnibus
808 1570 894 1593 liceret.
912 1570 1017 1593 Alterum
1026 1575 1099 1599 genus

328 1604 389 1630 fuir3
401 1604 453 1633 fasti
468 1603 484 1626 ii
494 1619 500 1628 ,
519 1603 560 1633 qiii
573 1603 596 1625 ὃ(
610 1602 651 1633 ipsi
664 1602 759 1633 proprie
766 1601 819 1630 fasti
831 1608 907 1628 erant,
924 1600 962 1624 sed
976 1607 1024 1623 non
1039 1601 1100 1626 toti3

329 1635 395 1667 quod
410 1636 438 1658 iis
450 1634 549 1665 quidem
562 1633 674 1656 omnibus
685 1632 726 1656 fari
735 1649 739 1659 ‚
749 1640 797 1656 non
811 1639 888 1655 tamen
902 1632 965 1655 horis
978 1630 1099 1657 omnibus,

330 1668 416 1690 liceret.
435 1668 503 1689 Erant
516 1672 592 1688 autem
605 1665 643 1691 hi,
663 1667 715 1688 EN.
728 1666 775 1688 NP.
789 1666 842 1687 ΕΡ.
852 1666 899 1687 ΕΝ.
914 1665 1099 1693 QREX.C.Q

331 1701 352 1722 S.
366 1701 394 1722 T.
410 1700 438 1721 D.
456 1704 512 1728 quas
531 1697 607 1719 literas
626 1695 685 1719 infra
705 1695 879 1726 explanabimus
907 1702 975 1726 arque
990 1694 1015 1717 hi
1034 1700 1097 1717 erant

331 1737 415 1753 omnes
428 1736 485 1754 μιν.
505 1729 612 1752 Tertium
619 1735 691 1758 gei-ius
703 1729 822 1749 comitiales
834 1727 910 1753 socie,
926 1725 976 1750 casu
983 1725 1041 1752 fasti,
1050 1733 1099 1748 non

332 1761 440 1792 proprie5
457 1760 525 1791 quia,
542 1767 596 1783 cum
609 1759 706 1783 comitia
720 1766 768 1782 non
780 1758 933 1786 haberenrux3
949 1765 1003 1781 tnnc
1016 1755 1099 1780 sariso-

334 1795 382 1816 ium
396 1798 477 1823 praetor
492 1790 577 1814 solebat
590 1799 595 1812 :
613 1791 638 1814 hi
653 1790 727 1814 modo
740 1791 784 1813 toti
798 1797 862 1813 erant
874 1790 923 1813 fasti
937 1806 942 1816 ,
967 1797 1022 1813 cum
1036 1789 1099 1812 nulla

330 1823 345 1847 il
355 1825 417 1848 ilicet
429 1823 524 1847 comitia
537 1822 686 1849 haberentur3
705 1823 780 1845 modo
791 1829 817 1845 ex
830 1829 906 1853 parte,
923 1829 976 1844 curn
991 1819 1098 1843 habere-nr

333 1865 366 1879 ,υτ
380 1857 418 1879 illa
430 1855 528 1887 quidem
537 1871 542 1881 ‚
557 1854 595 1877 sed
609 1855 710 1877 minime
717 1861 756 1885 per
768 1860 847 1877 totum
856 1854 928 1876 diem.
946 1853 1097 1875 Hicrxxxrv.

333 1894 404 1911 erant.
438 1889 489 1910 Nos
502 1887 573 1917 igitur
584 1886 651 1915 fastos
665 1892 748 1908 omncs
766 1892 895 1912 vocamu53
913 1883 1101 1915 quibuscumque

333 1920 374 1943 tari
388 1920 480 1945 liceret,
498 1918 542 1941 live
555 1917 603 1940 fasti
616 1917 723 1948 proprie,
740 1916 785 1940 sive
798 1924 846 1940 nori
855 1917 949 1948 proprie
960 1915 1045 1941 ess'en13
1061 1915 1101 1937 ira-

333 1958 379 1981 que
394 1968 399 1977 ,
418 1949 443 1973 ab
456 1951 492 1973 his
505 1948 602 1980 profesti
617 1965 622 1975 ‚
641 1949 751 1979 paulatim
767 1949 944 1979 progrediemur
956 1946 1101 1973 dividendo,

336 1989 359 2005 ct
369 1999 374 2009 ,
391 1981 507 2013 quinobis
521 1979 651 2011 propolitus
663 1979 694 2003 est
706 1980 772 2008 hujus
784 1980 921 2003 narrationis
934 1980 1001 2005 finis,
1015 1985 1043 2000 eo
1053 1985 1100 2008 pet-

336 2015 464 2036 vcniamus.
482 2016 571 2036 Omnes
583 2012 633 2035 dies
646 2018 683 2034 aut
692 2012 742 2040 fasti
756 2011 820 2038 sunt,
839 2019 874 2035 aut
887 2013 962 2041 nefasti
975 2021 982 2033 :
1002 2011 1024 2033 ἃ
1039 2009 1103 2036 falli,

336 2046 488 2077 partimsefti„
505 2046 588 2074 partim
598 2045 696 2075 profesti:
714 2042 783 2066 festos
796 2043 917 2075 plerosque
930 2043 1013 2073 partim
1027 2040 1103 2067 fastos,

336 2078 420 2108 partim
429 2075 525 2099 nefastos
537 2074 617 2102 fuisse3
635 2075 796 2103 utElurrmalra
805 2092 810 2102 ,
828 2076 958 2107 Lupercalia
967 2091 972 2100 ‚
990 2076 1102 2095 Termina-

328 2109 381 2135 Adq,
397 2112 427 2129 ex
437 2107 573 2130 kalendario
584 2105 746 2137 cognoscitur..
763 2106 933 2136 Quibusenim
947 2105 1008 2128 festis
1021 2104 1102 2127 diebus

338 2137 476 2168 adscriptum
490 2139 519 2160 cli
533 2140 579 2161 NP.
596 2138 612 2161 ii
627 2137 675 2160 sunt
689 2137 767 2161 nefasti
779 2138 845 2161 iimo}
861 2155 866 2165 ‚
884 2138 907 2161 δι
920 2137 967 2160 ruffi
982 2146 988 2163 3
1009 2136 1100 2162 nefasti,

338 2177 415 2202 priore
428 2175 503 2200 patte5
521 2168 582 2191 fani.
601 2169 734 2200 posteriore.
759 2170 903 2200 Diesscralra
915 2168 1049 2198 adscriptam
1064 2167 1102 2190 ha-

335 2204 374 2227 'ner
388 2205 411 2225 F.
433 2201 472 2231 qui
487 2199 555 2222 festus
568 2201 660 2230 proprie
673 2209 721 2224 nori
735 2201 780 2224 fuit
793 2219 799 2228 ,
824 2201 859 2224 sed
874 2200 984 2231 gestandi:
997 2199 1023 2222 ad
1038 2207 1101 2222 mor-

336 2240 464 2258 ruoscoenae
473 2231 559 2254 dicatus
572 2232 628 2255 dies.
646 2233 710 2262 quod
724 2234 776 2262 quia
785 2241 832 2256 noii
848 2233 902 2256 hora
910 2231 960 2255 ssata
974 2231 1040 2254 fiebat
1049 2248 1054 2257 ‚
1063 2230 1101 2253 sed

337 2274 361 2289 iit
374 2266 459 2295 cuique
471 2263 628 2287 commodiori
641 2270 686 2286 erat
699 2273 705 2290 5
723 2265 777 2287 ideo
790 2271 853 2288 totus
863 2265 912 2287 dies
927 2264 1002 2293 potuit
1016 2263 1059 2286 effe
1071 2263 1099 2285 fa-

337 2292 389 2322 ssi‘is.
409 2301 527 2327 propterea
542 2311 549 2321 ²
575 2301 598 2317 ¹¹1
612 2295 699 2325 opinor
713 2312 717 2321 ‚
742 2297 803 2319 litera
818 2299 847 2323 F,
871 2295 998 2319 notabatur.
1033 2294 1100 2318 Pestis

338 2337 407 2360 porro
421 2326 501 2350 diebus
511 2343 517 2354 ,
532 2333 579 2349 non
593 2326 676 2348 dubito
689 2343 694 2352 ,
713 2328 771 2357 quiri
784 2327 896 2350 omnibus
908 2326 985 2350 haberi
999 2325 1103 2349 senatum

335 2360 427 2385 licuerit
453 2358 515 2388 cujus
527 2358 559 2382 tei
573 2358 678 2389 exempla
691 2356 743 2382 sunt
755 2359 779 2382 in
787 2360 938 2391 antiquorum
950 2358 1016 2385 libris
1023 2358 1103 2383 admo-

1107 339 1165 375 dum
1179 340 1252 363 multa
1265 357 1271 368 ‚
1289 347 1435 373 quamquam
1447 339 1545 366 solenne
1564 341 1609 365 hoc
1622 348 1672 366 nori
1684 349 1731 367 erat
1743 349 1769 368 ut
1787 343 1878 377 semper

1108 370 1191 394 diebus
1203 370 1265 395 festis
1284 372 1373 397 senatus
1386 372 1526 400 haberetur;
1544 372 1582 397 sed
1600 374 1737 406 legitimum
1756 381 1782 401 ut
1801 376 1878 402 haberi

1108 401 1189 434 poffet.
1207 402 1304 428 solenne
1323 411 1400 428 autem
1413 404 1473 428 illud
1483 421 1491 432 ‚
1514 412 1538 428 ac
1552 404 1634 429 statum
1647 423 1653 432 ‚
1679 413 1707 430 ex
1726 414 1794 431 more
1807 409 1881 439 majo·

1111 441 1162 457 rum
1176 450 1182 460 ,
1201 441 1225 458 ut
1239 435 1346 460 Kalendis
1358 452 1365 463 ‚
1383 437 1461 459 Nonis
1472 452 1481 463 ,
1498 435 1577 460 idibus
1589 453 1595 464 ,
1612 436 1741 463 haberetur.
1762 440 1841 470 itaque
1853 441 1881 465 iti

1111 466 1247 489 Kalendario
1256 468 1460 499 nequeKalendis‚
1479 474 1557 499 neque
1570 469 1661 497 Nonis,
1674 477 1750 502 neque
1761 471 1842 496 Idibus
1853 472 1882 495 li-

1112 503 1157 520 tera
1171 499 1191 521 C
1205 515 1211 525 ,
1230 505 1279 528 qux
1292 500 1410 522 comitiales
1430 499 1480 522 dies
1498 498 1635 530 significabat
1647 516 1654 527 ,
1671 508 1711 532 per
1723 510 1785 533 quos
1802 503 1880 527 habeti

1112 527 1200 552 senatus
1213 537 1262 553 nori
1275 537 1364 561 poterat
1377 547 1383 557 ‚
1400 536 1478 561 neque
1489 530 1572 554 diebus
1584 532 1687 555 omnino
1699 534 1754 557 ullis
1768 534 1831 558 festis
1844 535 1883 558 ad-

1113 560 1190 595 haeret.
1208 560 1303 584 Proscssi
1316 562 1366 585 dies
1375 567 1412 585 aut
1420 561 1471 585 fasti
1483 568 1560 589 erant,
1577 569 1614 586 aut
1627 563 1714 588 nefasti.
1729 566 1755 589 ὃς
1768 566 1884 591 omnibus
1895 585 1897 587 .

1110 591 1216 623 protestis
1235 592 1325 616 nefastis
1343 593 1421 616 haberi
1435 592 1538 617 senatum
1552 593 1655 622 licebat3
1679 595 1785 626 profestis
1804 604 1881 622 autem

1112 622 1174 647 fastis
1186 631 1235 658 non
1249 625 1316 655 plane
1328 624 1459 648 omnibus:
1483 624 1521 648 sed
1534 625 1563 648 iis
1582 632 1673 650 tantum
1692 627 1735 657 qui
1753 629 1885 654 comitiales

1113 663 1162 690 riori
1175 655 1255 691 eilent.
1276 655 1363 687 quibus
1375 663 1451 680 aurem
1465 656 1572 687 profestis
1584 657 1662 681 haberi
1680 657 1769 682 senatus
1781 667 1883 692 poterat,

1113 693 1142 710 iis
1155 693 1257 710 omnino
1277 688 1313 719 agi
1324 695 1379 711 cum
1393 688 1483 719 populo
1496 695 1546 712 non
1561 695 1657 719 poterat.
1674 696 1754 714 contra
1767 708 1773 717 ,
1799 692 1885 723 quibus

1113 717 1220 749 profestis
1233 718 1310 743 haberi
1323 719 1426 743 senatum
1440 727 1489 743 nori
1502 719 1585 744 licebat
1598 737 1604 747 ,
1629 721 1658 744 iis
1671 722 1706 753 agi
1719 722 1818 753 quidem
1829 731 1886 748 cum

1114 750 1204 781 populo
1217 750 1314 778 licebat,
1332 758 1374 775 nec
1389 758 1466 775 rameri
1480 750 1570 782 semper
1584 751 1702 782 agebatur:
1718 761 1805 778 cumea
1816 762 1850 779 res
1857 762 1887 780 ex

1113 788 1196 805 eorum
1209 783 1330 806 voluntate
1343 782 1467 814 penderet,
1486 790 1556 814 penes
1568 790 1628 815 quos
1642 785 1724 815 populi
1736 786 1838 816 cogendi
1846 794 1888 818 po-

1112 812 1177 836 testas
1190 812 1251 837 effer.
1274 821 1322 838 nnn
1335 817 1422 841 enim„
1440 815 1506 846 quod
1519 815 1575 838 licet
1588 831 1594 841 ‚
1618 815 1643 839 id
1657 816 1728 840 etiam
1741 816 1830 842 necesse
1843 818 1884 843 est.

1113 844 1184 875 Qiod
1204 852 1281 869 autem
1295 846 1347 870 dixi
1359 863 1365 874 ,
1382 846 1529 869 comitialibus
1541 845 1613 871 haberi
1626 847 1725 875 senarum
1738 856 1777 871 mm
1789 850 1887 881 [impe.

1114 876 1229 899 declarant
1241 877 1280 900 illa
1291 877 1358 901 verba
1370 878 1395 900 in
1408 877 1505 908 epistola
1517 877 1640 901 Ciceronis
1659 879 1687 902 ad
1698 878 1793 904 fratrem
1805 897 1812 907 ‚
1835 888 1887 912 quae

1114 907 1180 930 tertia
1193 907 1224 931 est
1239 925 1246 935 ‚
1263 905 1305 932 liB.
1322 916 1359 933 ir.
1379 906 1487 938 Consecuti
1501 910 1552 937 sunt
1564 910 1609 932 dies
1620 911 1739 933 comitiales
1752 927 1759 938 ‚
1778 918 1820 943 per
1832 920 1886 943 quos

1111 940 1200 973 feriatus
1213 939 1287 962 haberi
1297 948 1337 962 non
1349 946 1442 970 poterat.
1459 940 1483 963 δι
1500 940 1538 963 illa
1552 941 1577 963 in
1590 941 1612 963 S.
1627 943 1657 964 C.
1676 941 1742 973 quod
1755 943 1845 967 Coelius
1858 943 1886 968 ad

1116 971 1261 994 Ciceronem
1274 971 1348 998 misit,
1365 978 1402 1001 ep.
1413 970 1468 994 fam.
1481 971 1524 995 lib.
1538 979 1608 995 viri.
1626 974 1711 1003 vtique
1723 976 1769 998 esur
1781 975 1814 997 rei
1824 976 1889 1004 caufiz

1114 1006 1152 1031 per
1163 1002 1207 1023 dies
1220 1003 1339 1024 comitiales
1346 1004 1447 1032 finarum
1459 1001 1559 1025 haberent
1567 1019 1574 1029 ‚
1591 1005 1612 1026 S.
1621 1005 1802 1034 QC.facerent.
1827 1006 1888 1037 Qli-

1117 1031 1159 1055 bus
1172 1031 1263 1067 verbis,
1281 1033 1347 1064 quod
1359 1039 1421 1056 extra
1434 1032 1544 1056 ordinem
1556 1031 1570 1056 ὲ
1582 1034 1659 1057 senatu
1666 1042 1694 1058 eo
1702 1036 1889 1062 S.C.decretum

1116 1062 1147 1086 est
1162 1079 1167 1089 ‚
1185 1062 1210 1086 id
1223 1064 1326 1087 omnino
1345 1064 1395 1088 fleri
1408 1063 1506 1088 solitum
1521 1072 1569 1088 noti
1582 1063 1626 1088 effe
1639 1081 1645 1092 ,
1667 1065 1772 1090 dilucide
1789 1068 1887 1093 constat.

1116 1098 1146 1118 ita
1160 1092 1250 1119 senatus
1261 1094 1322 1119 fastis
1333 1095 1472 1127 quibusdam
1486 1095 1675 1126 haberiporerar,
1692 1097 1831 1129 quibusdam
1838 1108 1888 1125 non

1118 1132 1207 1157 poterat
1220 1135 1225 1149 ε
1249 1126 1265 1151 fi
1278 1127 1376 1158 quidem
1389 1127 1522 1152 comitiales
1534 1129 1595 1151 inter
1612 1127 1680 1152 fastos
1692 1129 1738 1158 jam
1757 1131 1888 1156 retulimus.

1118 1157 1214 1182 Nefastis
1226 1165 1304 1183 autem
1314 1159 1392 1183 haberi
1404 1158 1635 1190 omnibuspotuiss'e‚
1649 1161 1814 1189 jamdiximus.
1833 1164 1890 1187 Sane

1118 1190 1160 1226 qu'i
1173 1197 1212 1214 me
1224 1197 1331 1223 torqueat
1343 1191 1419 1215 nodus
1431 1191 1463 1215 est
1475 1208 1482 1217 ,
1502 1191 1563 1215 milii
1576 1192 1674 1223 quidem
1688 1192 1845 1223 perdifficilis,
1861 1195 1888 1219 iii

1117 1220 1212 1253 epistola
1225 1222 1253 1246 ad
1267 1224 1370 1247 Atticum
1382 1223 1424 1246 lib.
1436 1232 1458 1247 r.
1471 1223 1496 1246 in
1510 1231 1556 1255 qua
1567 1230 1621 1246 cum
1633 1223 1725 1248 dixisset
1738 1224 1783 1252 iarn
1796 1234 1802 1248 z
1820 1228 1889 1258 'Ram

1118 1256 1167 1276 cuth
1177 1254 1222 1277 dies
1234 1257 1322 1286 venisset
1335 1255 1441 1286 rogationi
1452 1263 1480 1277 ex
1491 1255 1515 1279 S.
1529 1257 1549 1278 c.
1557 1255 1648 1284 ferenda
1661 1264 1669 1284 ;
1687 1257 1763 1287 paucis
1776 1256 1825 1288 post
1838 1265 1889 1281 ver—

1117 1283 1176 1320 sibus
1187 1284 1423 1317 subjunxit‚‚senarus
1437 1293 1535 1310 vocatur.
1552 1286 1619 1318 quod
1631 1294 1692 1311 certe
1705 1295 1759 1312 mos
1772 1289 1888 1318 majorum

1117 1323 1199 1340 minus
1210 1317 1269 1341 ferre
1284 1317 1412 1342 videbatur.
1428 1325 1483 1342 nam
1497 1317 1513 1341 fi
1527 1319 1644 1348 rogationi
1664 1319 1762 1343 ferendae
1777 1320 1828 1344 dies
1840 1320 1872 1344 est
1882 1337 1890 1348 ,

1116 1354 1177 1371 certe
1190 1350 1318 1373 comitialis
1328 1349 1370 1372 est:
1390 1349 1455 1382 quod
1468 1349 1483 1372 si
1496 1350 1621 1373 comitialis
1630 1368 1636 1378 ,
1645 1350 1721 1375 haberi
1729 1351 1832 1376 senatum
1840 1360 1890 1377 non

1117 1380 1184 1403 licet:
1201 1381 1265 1408 cuius
1278 1382 1310 1405 tei
1323 1381 1461 1405 testimonio
1475 1379 1528 1404 sunt
1539 1388 1563 1404 ea
1577 1389 1628 1413 que
1639 1384 1708 1412 paulo
1722 1391 1773 1407 ante
1786 1385 1891 1408 recitavi-

1121 1419 1186 1447 nius,
1204 1413 1227 1435 δι
1241 1420 1269 1436 ex
1281 1413 1376 1444 epistola
1390 1413 1417 1437 ad
1430 1412 1522 1436 fratrem
1535 1413 1602 1436 verba
1616 1414 1752 1442 Ciceronis,
1771 1414 1814 1439 &e
1827 1418 1847 1439 S.
1856 1417 1885 1439 C.

1122 1442 1164 1476 nisi
1178 1442 1193 1466 fi
1206 1443 1292 1468 fastum
1306 1446 1332 1468 id
1344 1451 1405 1469 extra
1419 1445 1530 1468 ordinem
1542 1444 1644 1481 dicamus
1657 1454 1664 1472 ς
1683 1442 1712 1470 utv
1721 1446 1810 1470 Pisonis
1825 1448 1891 1469 Con·

1121 1475 1175 1498 iulis
1189 1475 1342 1506 iniquiffimis
1359 1475 1481 1500 conatibus
1495 1476 1590 1499 obviarn
1604 1477 1675 1500 iretur
1689 1486 1694 1500 :
1716 1479 1756 1509 qui
1769 1485 1823 1501 cum
1835 1477 1890 1502 esset

1123 1506 1180 1529 lator
1193 1508 1324 1538 rogationis
1336 1509 1359 1531 ὅ(
1372 1509 1420 1535 eius
1433 1508 1562 1538 rogationis
1575 1515 1647 1538 qnam
1658 1516 1686 1531 ex
1699 1511 1719 1532 S.
1733 1511 1760 1532 C.
1777 1509 1800 1532 ὃ(
1812 1509 1842 1532 de
1855 1515 1894 1533 [ε’-ί

1123 1538 1214 1568 ligione
1232 1538 1334 1566 fetebat3
1353 1539 1418 1562 idern
1432 1545 1508 1561 tamen
1523 1545 1569 1562 erat
1587 1538 1704 1563 dissuasor.
1738 1542 1889 1564 Comitialium

1124 1576 1220 1600 magnus
1232 1576 1278 1593 erat
1292 1577 1412 1594 numerus:
1431 1569 1518 1600 eosque
1530 1569 1596 1593 fuisse
1603 1570 1653 1593 dies
1660 1570 1739 1598 fastos,
1754 1570 1892 1603 quodsupra

1125 1599 1174 1623 dixi
1188 1601 1242 1635 ,ita
1255 1602 1365 1625 existimo
1379 1619 1385 1628 ,
1410 1608 1435 1624 ut
1448 1601 1509 1624 mihi
1525 1601 1602 1624 videar
1613 1600 1724 1625 affirmare
1737 1602 1798 1633 poss‘e
1812 1612 1819 1630 ;
1842 1610 1892 1627 non

1123 1632 1189 1654 enim
1203 1634 1266 1667 inani
1277 1634 1375 1664 quadam
1386 1633 1530 1662 comestura,
1547 1632 1586 1656 sed
1597 1640 1657 1656 certa
1669 1637 1693 1657 in
1706 1635 1802 1664 primis,
1819 1641 1894 1665 utpu—

1125 1670 1149 1685 to
1158 1679 1163 1686 .
1182 1670 1271 1688 ratione
1284 1672 1448 1688 commoveor.
1467 1671 1520 1687 nam
1535 1664 1559 1687 iii
1568 1665 1720 1688 Orationibus
1735 1666 1858 1689 Ciceronis
1871 1668 1894 1689 in

1129 1696 1232 1724 “I’tfimem
1241 1712 1246 1721 ‚
1263 1696 1288 1718 de
1301 1698 1418 1719 Provinciis
1431 1696 1577 1726 Confialara'bus
1591 1696 1617 1720 Θ
1631 1702 1667 1726 pro
1679 1698 1753 1720 <Sextio
1765 1714 1771 1724 ,
1788 1698 1893 1721 mentio-

1128 1733 1183 1749 nem
1194 1727 1264 1750 video
1279 1728 1327 1751 fieri
1341 1735 1366 1751 ea
1379 1728 1407 1750 de
1419 1728 1471 1758 lege
1483 1734 1529 1757 qua
1547 1730 1568 1750 1¹.
1582 1728 1684 1751 Clodius
1696 1728 1802 1752 tribunus
1819 1728 1894 1760 plebis

1127 1758 1214 1785 sanxit,
1233 1765 1257 1781 ut
1270 1759 1365 1782 omnibus
1376 1759 1451 1782 diebus
1459 1759 1519 1788 flzstis
1531 1760 1567 1789 agi
1579 1767 1627 1781 rum
1638 1761 1715 1791 populo
1728 1762 1807 1783 liceret.
1837 1763 1893 1792 Qo

1126 1790 1151 1813 tit
1163 1796 1266 1820 apertum
1280 1808 1286 1817 ,
1310 1791 1370 1814 fastis
1384 1789 1522 1821 quibusdam
1542 1797 1591 1813 riori
1610 1790 1633 1814 id
1652 1791 1740 1815 licuisse
1753 1808 1759 1818 ‚
1782 1792 1847 1822 quod
1868 1799 1893 1816 ut

1127 1820 1240 1844 omnibus
1251 1822 1332 1845 liceret
1345 1838 1351 1848 ,
1373 1822 1425 1852 lege
1442 1822 1528 1845 Clodia
1547 1821 1660 1845 sancitum
1675 1822 1713 1845 est.
1730 1830 1800 1853 quam
1815 1830 1892 1847 tamen

1123 1853 1201 1883 legem
1215 1860 1264 1875 nori
1277 1852 1342 1877 fuisse
1355 1852 1509 1879 observatam,
1527 1852 1708 1877 demonstratum
1722 1854 1753 1877 est
1766 1852 1855 1878 anobis
1868 1854 1893 1879 in

1126 1884 1187 1907 libro
1206 1885 1231 1906 de
1244 1884 1323 1915 legibus
1338 1886 1455 1916 ‘quanin
1486 1886 1534 1907 Nec
1547 1891 1601 1907 veto
1620 1885 1698 1908 mirari
1717 1885 1768 1909 saris
1785 1885 1892 1917 poffum5

1126 1923 1180 1938 cum
1189 1932 1194 1942 ,
1212 1914 1279 1938 fastos
1290 1916 1381 1946 aliquot
1393 1914 1457 1939 fuisse
1470 1915 1601 1939 comitiales
1614 1923 1700 1947 ρεταιν,
1717 1918 1758 1948 qui
1766 1918 1855 1941 venerit
1867 1919 1893 1942 in

1122 1954 1231 1981 ymentem
1246 1947 1438 1976 Macrobiosastrr
1451 1964 1456 1973 ,
1474 1947 1550 1970 dicere
1563 1963 1569 1973 ,
1587 1949 1632 1978 lege
1643 1950 1678 1978 agi
1690 1949 1781 1977 licuffl,
1799 1958 1848 1972 ium
1857 1957 1895 1981 pa-

1122 1981 1176 2017 l'pulo
1189 1987 1227 2000 mvn
1239 1979 1320 2011 lirurss'e
1333 1988 1339 2006 3
1357 1978 1501 2002 comitialibus
1512 1985 1587 2001 autem
1599 1986 1719 2010 utrumque
1730 1980 1818 2008 licurffi.
1834 1988 1895 2012 quo·

1122 2017 1179 2033 *rum
1195 2010 1292 2033 alterum
1305 2018 1358 2034 vere
1366 2011 1456 2034 distum
1469 2009 1569 2036 constat,
1587 2010 1745 2034 comitialibus
1757 2029 1763 2038 ,
1781 2012 1878 2043 inquam
1887 2030 1893 2041 ,

1122 2041 1153 2065 ¹&
1168 2042 1218 2072 lege
1229 2043 1278 2073 agi,
1296 2044 1320 2065 ἃ
1332 2049 1386 2065 eum
1400 2042 1489 2073 populo
1499 2040 1586 2065 licuisse
1600 2050 1604 2064 :
1622 2043 1676 2074 quia
1689 2041 1776 2066 scilicet
1787 2044 1895 2068 comina-

1121 2074 1162 2096 ¹les
1175 2080 1238 2096 erant
1252 2074 1280 2097 de
1294 2081 1393 2097 numero
1406 2073 1531 2096 fastorum:
1553 2073 1630 2104 itaque
1645 2075 1668 2097 ἃ
1682 2074 1741 2097 illud
1756 2092 1761 2101 ,
1780 2077 1893 2100 omnium

1121 2105 1239 2128 :fastorum
1254 2113 1382 2129 commune
1396 2104 1509 2128 habebant
1520 2121 1527 2131 ‚
1545 2111 1569 2127 ut
1582 2106 1633 2137 lege
1645 2105 1679 2136 agi
1694 2104 1765 2136 posset
1780 2115 1786 2133 ς
1812 2107 1836 2130 &
1849 2107 1895 2131 hoc

1121 2143 1210 2168 :prater
1222 2144 1246 2159 ea
1260 2138 1396 2167 proprium,
1413 2143 1437 2159 ut
1447 2136 1517 2159 eriam
1530 2143 1584 2160 cuni
1592 2139 1680 2168 populo
1688 2137 1772 2167 poss'et:
1786 2138 1894 2163 Alterum

1121 2175 1206 2191 *aurem
1220 2168 1248 2191 de
1256 2170 1320 2197 fastis
1330 2168 1425 2194 diebus,
1443 2168 1529 2199 quibus
1541 2169 1571 2191 ait
1585 2170 1628 2199 lege
1641 2170 1677 2199 agi
1688 2169 1781 2197 intrasse,
1796 2178 1847 2192 cum
1857 2178 1893 2201 po·

1126 2202 1176 2229 pulo
1192 2208 1229 2221 non
1242 2201 1337 2231 licuisse,
1355 2201 1378 2223 in
1393 2200 1465 2231 prima
1479 2206 1541 2229 parte
1554 2207 1634 2223 verum
1648 2199 1691 2223 ess'e
1705 2201 1774 2224 video
1789 2210 1795 2227 3
1821 2202 1846 2224 in
1859 2200 1894 2226 se-

1128 2231 1202 2254 cunda
1215 2233 1256 2261 qui
1271 2231 1337 2262 poilit
1350 2239 1398 2255 non
1409 2229 1452 2254 esse
1463 2230 1544 2254 falsum
1558 2248 1564 2258 ‚
1584 2231 1642 2255 haud
1655 2231 1720 2255 facile
1734 2233 1832 2263 reperio.
1851 2234 1894 2264 qui

1128 2263 1193 2286 enim
1212 2263 1273 2285 fastis
1292 2264 1326 2294 agi
1344 2271 1398 2288 cum
1417 2263 1506 2294 populo
1527 2270 1575 2286 non
1594 2264 1649 2286 licet
1662 2281 1667 2289 ‚
1691 2271 1745 2287 cum
1763 2265 1894 2289 comitiales

1130 2302 1213 2318 omnes
1224 2294 1273 2317 fasti
1287 2294 1341 2320 sint,
1360 2296 1397 2322 &‚
1415 2294 1574 2318 comitialibus
1585 2296 1621 2326 agi
1634 2294 1721 2318 licuiffe
1732 2303 1786 2319 cum
1797 2297 1895 2327 populo,

1130 2327 1175 2354 jan-i
1192 2326 1334 2357 ostende-rim
1346 2328 1353 2349 ?
1371 2325 1468 2352 Dixisset
1481 2326 1525 2349 hoc
1538 2326 1626 2350 modo:
1643 2326 1703 2350 fastis
1716 2327 1827 2351 omnibus
1846 2328 1897 2359 lege

1128 2358 1167 2390 agi
1179 2358 1250 2387 licet,
1266 2364 1320 2383 cum
1333 2358 1422 2391 populo
1434 2365 1484 2383 non
1497 2357 1608 2385 omnibus
1619 2358 1821 2387 licet,iiiliilerat,
1830 2359 1895 2390 quod

1822 2397 1896 2422 repre-
