<?xml version="1.0" encoding="UTF-8"?>
<!DOCTYPE html PUBLIC "-//W3C//DTD XHTML 1.0 Transitional//EN"
    "http://www.w3.org/TR/xhtml1/DTD/xhtml1-transitional.dtd">
<html xmlns="http://www.w3.org/1999/xhtml" xml:lang="en" lang="en">
 <head>
  <title>
</title>
<meta http-equiv="Content-Type" content="text/html;charset=utf-8" />
  <meta name='ocr-system' content='tesseract 3.04.00' />
  <meta name='ocr-capabilities' content='ocr_page ocr_carea ocr_par ocr_line ocrx_word'/>
</head>
<body>
  <div class='ocr_page' id='page_1' title='image "./johannisrosinian00rosi/johannisrosinian00rosi_0844.png"; bbox 0 0 2075 2734; ppageno 0'>
   <div class='ocr_carea' id='block_1_1' title="bbox 363 125 1195 2405">
    <p class='ocr_par' dir='ltr' id='par_1_1' title="bbox 363 125 1195 2405">
     <span class='ocr_line' id='line_1_1' title="bbox 393 125 457 157; baseline 0 -5"><span class='ocrx_word' id='word_1_1' title='bbox 393 125 457 157; x_wconf 72' lang='lat'>830</span> 
     </span>
     <span class='ocr_line' id='line_1_2' title="bbox 395 164 659 200; baseline -0.015 -7"><span class='ocrx_word' id='word_1_2' title='bbox 395 166 529 200; x_wconf 81' lang='lat' dir='ltr'>paterillius</span> <span class='ocrx_word' id='word_1_3' title='bbox 535 164 659 196; x_wconf 81' lang='lat' dir='ltr'>L.Caffii‚q</span> 
     </span>
     <span class='ocr_line' id='line_1_3' title="bbox 400 189 1173 228; baseline -0.013 -6"><span class='ocrx_word' id='word_1_4' title='bbox 400 200 458 226; x_wconf 69' lang='lat' dir='ltr'>hana,</span> <span class='ocrx_word' id='word_1_5' title='bbox 466 199 490 222; x_wconf 66' lang='lat' dir='ltr'>Et</span> <span class='ocrx_word' id='word_1_6' title='bbox 497 200 526 222; x_wconf 91' lang='lat' dir='ltr'>C.</span> <span class='ocrx_word' id='word_1_7' title='bbox 535 197 612 224; x_wconf 82' lang='lat' dir='ltr'>Cassii,</span> <span class='ocrx_word' id='word_1_8' title='bbox 621 197 677 225; x_wconf 86' lang='lat' dir='ltr'>ejus,</span> <span class='ocrx_word' id='word_1_9' title='bbox 686 203 756 228; x_wconf 88' lang='lat' dir='ltr'>quem</span> <span class='ocrx_word' id='word_1_10' title='bbox 765 197 794 219; x_wconf 89' lang='lat' dir='ltr'>C.</span> <span class='ocrx_word' id='word_1_11' title='bbox 802 194 877 218; x_wconf 87' lang='lat' dir='ltr'>Mario</span> <span class='ocrx_word' id='word_1_12' title='bbox 885 200 913 216; x_wconf 84' lang='lat' dir='ltr'>ex</span> <span class='ocrx_word' id='word_1_13' title='bbox 920 193 949 216; x_wconf 91' lang='lat' dir='ltr'>C.</span> <span class='ocrx_word' id='word_1_14' title='bbox 962 192 1040 215; x_wconf 82' lang='lat' dir='ltr'>Flavio</span> <span class='ocrx_word' id='word_1_15' title='bbox 1048 189 1102 214; x_wconf 76' lang='lat' dir='ltr'>cors.</span> <span class='ocrx_word' id='word_1_16' title='bbox 1110 191 1173 221; x_wconf 81' lang='lat' dir='ltr'>leges</span> 
     </span>
     <span class='ocr_line' id='line_1_4' title="bbox 398 222 1173 258; baseline -0.014 -3"><span class='ocrx_word' id='word_1_17' title='bbox 398 232 484 256; x_wconf 81' lang='lat' dir='ltr'>multas</span> <span class='ocrx_word' id='word_1_18' title='bbox 490 229 518 253; x_wconf 92' lang='lat' dir='ltr'>ad</span> <span class='ocrx_word' id='word_1_19' title='bbox 524 228 676 253; x_wconf 73' lang='lat' dir='ltr'>minuendam</span> <span class='ocrx_word' id='word_1_20' title='bbox 686 226 814 251; x_wconf 77' lang='lat' dir='ltr'>nobilitatis</span> <span class='ocrx_word' id='word_1_21' title='bbox 822 225 951 258; x_wconf 80' lang='lat' dir='ltr'>porentiam</span> <span class='ocrx_word' id='word_1_22' title='bbox 958 222 1034 247; x_wconf 82' lang='lat' dir='ltr'>tuliffe</span> <span class='ocrx_word' id='word_1_23' title='bbox 1041 239 1047 250; x_wconf 90' lang='lat'>,</span> <span class='ocrx_word' id='word_1_24' title='bbox 1056 223 1081 246; x_wconf 90' lang='lat' dir='ltr'>in</span> <span class='ocrx_word' id='word_1_25' title='bbox 1087 222 1173 253; x_wconf 86' lang='lat' dir='ltr'>quibus</span> 
     </span>
     <span class='ocr_line' id='line_1_5' title="bbox 400 252 1174 292; baseline -0.013 -6"><span class='ocrx_word' id='word_1_26' title='bbox 400 264 458 287; x_wconf 83' lang='lat' dir='ltr'>hanc</span> <span class='ocrx_word' id='word_1_27' title='bbox 468 279 473 288; x_wconf 91' lang='lat'>,</span> <span class='ocrx_word' id='word_1_28' title='bbox 483 269 506 285; x_wconf 88' lang='lat' dir='ltr'>ut</span> <span class='ocrx_word' id='word_1_29' title='bbox 514 278 520 288; x_wconf 93' lang='lat'>,</span> <span class='ocrx_word' id='word_1_30' title='bbox 528 269 600 292; x_wconf 83' lang='lat' dir='ltr'>quem</span> <span class='ocrx_word' id='word_1_31' title='bbox 609 261 707 290; x_wconf 72' lang='lat' dir='ltr'>populus</span> <span class='ocrx_word' id='word_1_32' title='bbox 715 259 839 283; x_wconf 80' lang='lat' dir='ltr'>damnasset</span> <span class='ocrx_word' id='word_1_33' title='bbox 848 275 852 284; x_wconf 84' lang='lat'>,</span> <span class='ocrx_word' id='word_1_34' title='bbox 861 257 927 281; x_wconf 88' lang='lat' dir='ltr'>cuive</span> <span class='ocrx_word' id='word_1_35' title='bbox 934 256 1062 288; x_wconf 86' lang='lat' dir='ltr'>imperium</span> <span class='ocrx_word' id='word_1_36' title='bbox 1069 252 1174 284; x_wconf 85' lang='lat' dir='ltr'>abrogas-</span> 
     </span>
     <span class='ocr_line' id='line_1_6' title="bbox 399 285 1175 322; baseline -0.013 -4"><span class='ocrx_word' id='word_1_37' title='bbox 399 294 433 319; x_wconf 75' lang='lat' dir='ltr'>set</span> <span class='ocrx_word' id='word_1_38' title='bbox 441 311 447 322; x_wconf 86' lang='lat'>,</span> <span class='ocrx_word' id='word_1_39' title='bbox 466 295 489 317; x_wconf 89' lang='lat' dir='ltr'>in</span> <span class='ocrx_word' id='word_1_40' title='bbox 504 292 580 316; x_wconf 75' lang='lat' dir='ltr'>senatu</span> <span class='ocrx_word' id='word_1_41' title='bbox 595 299 643 314; x_wconf 89' lang='lat' dir='ltr'>non</span> <span class='ocrx_word' id='word_1_42' title='bbox 656 290 711 315; x_wconf 77' lang='lat' dir='ltr'>ess&#39;et</span> <span class='ocrx_word' id='word_1_43' title='bbox 719 308 725 318; x_wconf 89' lang='lat'>‚</span> <span class='ocrx_word' id='word_1_44' title='bbox 742 290 853 314; x_wconf 74' lang='lat' dir='ltr'>redimus</span> <span class='ocrx_word' id='word_1_45' title='bbox 867 288 971 312; x_wconf 77' lang='lat' dir='ltr'>tradidit.</span> <span class='ocrx_word' id='word_1_46' title='bbox 995 287 1107 317; x_wconf 87' lang='lat' dir='ltr'>Papiriam</span> <span class='ocrx_word' id='word_1_47' title='bbox 1121 285 1175 308; x_wconf 84' lang='lat' dir='ltr'>tulit</span> 
     </span>
     <span class='ocr_line' id='line_1_7' title="bbox 400 320 1173 354; baseline -0.014 -4"><span class='ocrx_word' id='word_1_48' title='bbox 400 330 429 350; x_wconf 86' lang='lat' dir='ltr'>C.</span> <span class='ocrx_word' id='word_1_49' title='bbox 437 325 523 348; x_wconf 80' lang='lat' dir='ltr'>Carbo.</span> <span class='ocrx_word' id='word_1_50' title='bbox 533 325 571 347; x_wconf 76' lang='lat' dir='ltr'>illc</span> <span class='ocrx_word' id='word_1_51' title='bbox 579 323 726 354; x_wconf 77' lang='lat' dir='ltr'>cloquentiffi</span> <span class='ocrx_word' id='word_1_52' title='bbox 732 330 783 345; x_wconf 85' lang='lat' dir='ltr'>mus</span> <span class='ocrx_word' id='word_1_53' title='bbox 792 330 796 344; x_wconf 91' lang='lat'>:</span> <span class='ocrx_word' id='word_1_54' title='bbox 806 323 859 345; x_wconf 88' lang='lat' dir='ltr'>tulit</span> <span class='ocrx_word' id='word_1_55' title='bbox 866 327 952 346; x_wconf 81' lang='lat' dir='ltr'>autem,</span> <span class='ocrx_word' id='word_1_56' title='bbox 960 325 985 342; x_wconf 86' lang='lat' dir='ltr'>ut</span> <span class='ocrx_word' id='word_1_57' title='bbox 992 320 1080 351; x_wconf 79' lang='lat' dir='ltr'>opinor</span> <span class='ocrx_word' id='word_1_58' title='bbox 1088 335 1094 345; x_wconf 85' lang='lat'>,</span> <span class='ocrx_word' id='word_1_59' title='bbox 1102 320 1122 341; x_wconf 89' lang='lat' dir='ltr'>P.</span> <span class='ocrx_word' id='word_1_60' title='bbox 1132 320 1173 340; x_wconf 87' lang='lat' dir='ltr'>Po-</span> 
     </span>
     <span class='ocr_line' id='line_1_8' title="bbox 399 348 1175 389; baseline -0.012 -9"><span class='ocrx_word' id='word_1_61' title='bbox 399 358 469 389; x_wconf 65' lang='lat' dir='ltr'>pillio</span> <span class='ocrx_word' id='word_1_62' title='bbox 478 374 483 378; x_wconf 37' lang='grc' dir='ltr'>ι</span> <span class='ocrx_word' id='word_1_63' title='bbox 493 357 515 379; x_wconf 59' lang='lat'>&amp;⁷</span> <span class='ocrx_word' id='word_1_64' title='bbox 524 359 546 378; x_wconf 85' lang='lat'>1¹.</span> <span class='ocrx_word' id='word_1_65' title='bbox 554 356 651 385; x_wconf 76' lang='lat' dir='ltr'>Rupilio</span> <span class='ocrx_word' id='word_1_66' title='bbox 659 354 713 378; x_wconf 63' lang='lat' dir='ltr'>coss‘.</span> <span class='ocrx_word' id='word_1_67' title='bbox 723 362 775 377; x_wconf 80' lang='lat' dir='ltr'>narn</span> <span class='ocrx_word' id='word_1_68' title='bbox 783 361 812 377; x_wconf 83' lang='lat' dir='ltr'>eo</span> <span class='ocrx_word' id='word_1_69' title='bbox 821 360 882 377; x_wconf 89' lang='lat' dir='ltr'>anno</span> <span class='ocrx_word' id='word_1_70' title='bbox 891 351 1011 376; x_wconf 86' lang='lat' dir='ltr'>tribunum</span> <span class='ocrx_word' id='word_1_71' title='bbox 1019 351 1094 381; x_wconf 84' lang='lat' dir='ltr'>plebis</span> <span class='ocrx_word' id='word_1_72' title='bbox 1100 348 1175 375; x_wconf 82' lang='lat' dir='ltr'>fuiffe,</span> 
     </span>
     <span class='ocr_line' id='line_1_9' title="bbox 400 383 1176 419; baseline -0.01 -8"><span class='ocrx_word' id='word_1_73' title='bbox 400 397 449 419; x_wconf 78' lang='lat' dir='ltr'>qno</span> <span class='ocrx_word' id='word_1_74' title='bbox 463 388 539 418; x_wconf 71' lang='lat' dir='ltr'>scipio</span> <span class='ocrx_word' id='word_1_75' title='bbox 553 387 689 410; x_wconf 57' lang='lat' dir='ltr'>[Emilianus</span> <span class='ocrx_word' id='word_1_76' title='bbox 702 386 730 409; x_wconf 73' lang='lat' dir='ltr'>de</span> <span class='ocrx_word' id='word_1_77' title='bbox 745 385 897 409; x_wconf 75' lang='lat' dir='ltr'>Numantinis</span> <span class='ocrx_word' id='word_1_78' title='bbox 909 383 1072 413; x_wconf 81' lang='lat' dir='ltr'>triumphavit,</span> <span class='ocrx_word' id='word_1_79' title='bbox 1092 388 1176 404; x_wconf 86' lang='lat' dir='ltr'>omnes</span> 
     </span>
     <span class='ocr_line' id='line_1_10' title="bbox 402 413 1175 449; baseline -0.01 -6"><span class='ocrx_word' id='word_1_80' title='bbox 402 420 502 444; x_wconf 69' lang='lat' dir='ltr'>hillorix</span> <span class='ocrx_word' id='word_1_81' title='bbox 510 419 637 442; x_wconf 82' lang='lat' dir='ltr'>declarant:</span> <span class='ocrx_word' id='word_1_82' title='bbox 652 425 723 448; x_wconf 58' lang='lat' dir='ltr'>quun</span> <span class='ocrx_word' id='word_1_83' title='bbox 732 426 744 440; x_wconf 80' lang='lat' dir='ltr'>a</span> <span class='ocrx_word' id='word_1_84' title='bbox 752 425 817 449; x_wconf 81' lang='lat' dir='ltr'>porra</span> <span class='ocrx_word' id='word_1_85' title='bbox 830 417 856 440; x_wconf 80' lang='lat' dir='ltr'>ad</span> <span class='ocrx_word' id='word_1_86' title='bbox 863 416 1006 440; x_wconf 86' lang='lat' dir='ltr'>concionem</span> <span class='ocrx_word' id='word_1_87' title='bbox 1019 413 1160 445; x_wconf 65' lang='lat' dir='ltr'>produstum</span> <span class='ocrx_word' id='word_1_88' title='bbox 1169 428 1175 439; x_wconf 85' lang='lat'>,</span> 
     </span>
     <span class='ocr_line' id='line_1_11' title="bbox 402 445 1177 482; baseline -0.01 -8"><span class='ocrx_word' id='word_1_89' title='bbox 402 451 461 482; x_wconf 84' lang='lat' dir='ltr'>quid</span> <span class='ocrx_word' id='word_1_90' title='bbox 475 451 504 473; x_wconf 88' lang='lat' dir='ltr'>de</span> <span class='ocrx_word' id='word_1_91' title='bbox 512 452 559 474; x_wconf 84' lang='lat' dir='ltr'>Tit.</span> <span class='ocrx_word' id='word_1_92' title='bbox 571 451 667 473; x_wconf 75' lang='lat' dir='ltr'>Gracchi</span> <span class='ocrx_word' id='word_1_93' title='bbox 682 455 758 473; x_wconf 83' lang='lat' dir='ltr'>morte</span> <span class='ocrx_word' id='word_1_94' title='bbox 772 448 865 472; x_wconf 86' lang='lat' dir='ltr'>sentiret</span> <span class='ocrx_word' id='word_1_95' title='bbox 873 465 879 475; x_wconf 94' lang='lat'>,</span> <span class='ocrx_word' id='word_1_96' title='bbox 897 445 1005 471; x_wconf 75' lang='lat' dir='ltr'>seditiose</span> <span class='ocrx_word' id='word_1_97' title='bbox 1017 445 1177 475; x_wconf 84' lang='lat' dir='ltr'>interrogavit.</span> 
     </span>
     <span class='ocr_line' id='line_1_12' title="bbox 405 477 1177 512; baseline -0.009 -7"><span class='ocrx_word' id='word_1_98' title='bbox 405 483 491 508; x_wconf 62' lang='lat' dir='ltr'>Caelia,</span> <span class='ocrx_word' id='word_1_99' title='bbox 501 489 549 506; x_wconf 83' lang='lat' dir='ltr'>non</span> <span class='ocrx_word' id='word_1_100' title='bbox 557 481 623 505; x_wconf 80' lang='lat' dir='ltr'>facile</span> <span class='ocrx_word' id='word_1_101' title='bbox 630 481 661 504; x_wconf 85' lang='lat' dir='ltr'>est</span> <span class='ocrx_word' id='word_1_102' title='bbox 668 482 784 510; x_wconf 79' lang='lat' dir='ltr'>conjicere</span> <span class='ocrx_word' id='word_1_103' title='bbox 791 498 796 507; x_wconf 93' lang='lat'>,</span> <span class='ocrx_word' id='word_1_104' title='bbox 804 479 817 503; x_wconf 73' lang='grc' dir='ltr'>Ξι</span> <span class='ocrx_word' id='word_1_105' title='bbox 825 487 873 512; x_wconf 86' lang='lat' dir='ltr'>quo</span> <span class='ocrx_word' id='word_1_106' title='bbox 881 478 990 510; x_wconf 76' lang='lat' dir='ltr'>{irrogata</span> <span class='ocrx_word' id='word_1_107' title='bbox 998 486 1002 498; x_wconf 71' lang='grc' dir='ltr'><strong>ε</strong></span> <span class='ocrx_word' id='word_1_108' title='bbox 1011 477 1049 501; x_wconf 82' lang='lat' dir='ltr'>sed</span> <span class='ocrx_word' id='word_1_109' title='bbox 1058 494 1064 504; x_wconf 90' lang='lat'>,</span> <span class='ocrx_word' id='word_1_110' title='bbox 1072 482 1177 507; x_wconf 82' lang='lat' dir='ltr'>rogatam</span> 
     </span>
     <span class='ocr_line' id='line_1_13' title="bbox 405 507 1178 543; baseline -0.009 -6"><span class='ocrx_word' id='word_1_111' title='bbox 405 517 436 543; x_wconf 90' lang='lat' dir='ltr'>Q.</span> <span class='ocrx_word' id='word_1_112' title='bbox 447 515 545 537; x_wconf 70' lang='lat' dir='ltr'>Metzllo</span> <span class='ocrx_word' id='word_1_113' title='bbox 554 530 560 539; x_wconf 88' lang='lat'><strong>‚</strong></span> <span class='ocrx_word' id='word_1_114' title='bbox 568 516 596 536; x_wconf 93' lang='lat' dir='ltr'>T.</span> <span class='ocrx_word' id='word_1_115' title='bbox 605 513 722 536; x_wconf 74' lang='lat' dir='ltr'>Flaminio</span> <span class='ocrx_word' id='word_1_116' title='bbox 729 511 783 536; x_wconf 49' lang='lat' dir='ltr'>cossss</span> <span class='ocrx_word' id='word_1_117' title='bbox 791 511 943 538; x_wconf 68' lang='lat' dir='ltr'>crediderim,</span> <span class='ocrx_word' id='word_1_118' title='bbox 959 510 1024 533; x_wconf 78' lang='lat' dir='ltr'>exiis</span> <span class='ocrx_word' id='word_1_119' title='bbox 1032 507 1118 534; x_wconf 80' lang='lat' dir='ltr'>verbis,</span> <span class='ocrx_word' id='word_1_120' title='bbox 1127 515 1178 538; x_wconf 78' lang='lat' dir='ltr'>qua:</span> 
     </span>
     <span class='ocr_line' id='line_1_14' title="bbox 403 542 1178 576; baseline -0.01 -8"><span class='ocrx_word' id='word_1_121' title='bbox 403 546 522 576; x_wconf 71' lang='lat' dir='ltr'>rnntapud</span> <span class='ocrx_word' id='word_1_122' title='bbox 532 545 673 568; x_wconf 78' lang='lat' dir='ltr'>Ciceronem</span> <span class='ocrx_word' id='word_1_123' title='bbox 686 545 715 568; x_wconf 80' lang='lat' dir='ltr'>de</span> <span class='ocrx_word' id='word_1_124' title='bbox 728 544 819 574; x_wconf 80' lang='lat' dir='ltr'>legibus</span> <span class='ocrx_word' id='word_1_125' title='bbox 831 543 920 567; x_wconf 86' lang='lat' dir='ltr'>lib.111.</span> <span class='ocrx_word' id='word_1_126' title='bbox 929 549 949 565; x_wconf 91' lang='lat' dir='ltr'>c.</span> <span class='ocrx_word' id='word_1_127' title='bbox 961 549 995 567; x_wconf 87' lang='lat'>¹7-</span> <span class='ocrx_word' id='word_1_128' title='bbox 1009 544 1041 563; x_wconf 64' lang='grc' dir='ltr'>Ἥ(</span> <span class='ocrx_word' id='word_1_129' title='bbox 1049 542 1178 572; x_wconf 65' lang='lat' dir='ltr'>opprimeret</span> 
     </span>
     <span class='ocr_line' id='line_1_15' title="bbox 406 571 1177 609; baseline -0.009 -9"><span class='ocrx_word' id='word_1_130' title='bbox 406 580 481 600; x_wconf 71' lang='lat' dir='ltr'>(alnes</span> <span class='ocrx_word' id='word_1_131' title='bbox 489 578 626 609; x_wconf 60' lang='lat' dir='ltr'>(Popillium.</span> <span class='ocrx_word' id='word_1_132' title='bbox 640 585 693 600; x_wconf 85' lang='lat' dir='ltr'>nam</span> <span class='ocrx_word' id='word_1_133' title='bbox 703 594 708 603; x_wconf 86' lang='lat'>,</span> <span class='ocrx_word' id='word_1_134' title='bbox 721 576 745 599; x_wconf 75' lang='lat' dir='ltr'>id</span> <span class='ocrx_word' id='word_1_135' title='bbox 754 576 783 599; x_wconf 77' lang='lat' dir='ltr'>de</span> <span class='ocrx_word' id='word_1_136' title='bbox 792 578 813 599; x_wconf 82' lang='lat' dir='ltr'>P.</span> <span class='ocrx_word' id='word_1_137' title='bbox 823 575 927 605; x_wconf 84' lang='lat' dir='ltr'>Popillio</span> <span class='ocrx_word' id='word_1_138' title='bbox 935 574 1025 597; x_wconf 70' lang='lat' dir='ltr'>distum</span> <span class='ocrx_word' id='word_1_139' title='bbox 1033 571 1076 596; x_wconf 79' lang='lat' dir='ltr'>effe</span> <span class='ocrx_word' id='word_1_140' title='bbox 1084 588 1090 598; x_wconf 87' lang='lat'>‚</span> <span class='ocrx_word' id='word_1_141' title='bbox 1104 578 1177 605; x_wconf 62' lang='lat' dir='ltr'>quem</span> 
     </span>
     <span class='ocr_line' id='line_1_16' title="bbox 402 604 1174 634; baseline -0.009 -3"><span class='ocrx_word' id='word_1_142' title='bbox 402 611 432 632; x_wconf 89' lang='lat' dir='ltr'>C.</span> <span class='ocrx_word' id='word_1_143' title='bbox 441 609 554 631; x_wconf 78' lang='lat' dir='ltr'>Gracchus</span> <span class='ocrx_word' id='word_1_144' title='bbox 563 609 659 631; x_wconf 82' lang='lat' dir='ltr'>Metello</span> <span class='ocrx_word' id='word_1_145' title='bbox 668 610 690 631; x_wconf 67' lang='grc' dir='ltr'>ὃς</span> <span class='ocrx_word' id='word_1_146' title='bbox 698 607 816 631; x_wconf 74' lang='lat' dir='ltr'>Flaminio</span> <span class='ocrx_word' id='word_1_147' title='bbox 823 606 877 631; x_wconf 74' lang='lat' dir='ltr'>coil‘.</span> <span class='ocrx_word' id='word_1_148' title='bbox 885 605 991 629; x_wconf 82' lang='lat' dir='ltr'>tribunus</span> <span class='ocrx_word' id='word_1_149' title='bbox 998 604 1073 634; x_wconf 73' lang='lat' dir='ltr'>plebis</span> <span class='ocrx_word' id='word_1_150' title='bbox 1086 604 1110 626; x_wconf 88' lang='lat' dir='ltr'>in</span> <span class='ocrx_word' id='word_1_151' title='bbox 1118 605 1174 625; x_wconf 58' lang='lat' dir='ltr'>cxii&gt;</span> 
     </span>
     <span class='ocr_line' id='line_1_17' title="bbox 402 634 1178 671; baseline -0.009 -8"><span class='ocrx_word' id='word_1_152' title='bbox 402 641 462 663; x_wconf 71' lang='lat' dir='ltr'>lium</span> <span class='ocrx_word' id='word_1_153' title='bbox 471 641 546 667; x_wconf 67' lang='lat' dir='ltr'>eiecit,</span> <span class='ocrx_word' id='word_1_154' title='bbox 553 640 643 663; x_wconf 87' lang='lat' dir='ltr'>videtur</span> <span class='ocrx_word' id='word_1_155' title='bbox 651 639 843 671; x_wconf 80' lang='lat' dir='ltr'>intelligendum.</span> <span class='ocrx_word' id='word_1_156' title='bbox 857 645 881 661; x_wconf 92' lang='lat' dir='ltr'>ut</span> <span class='ocrx_word' id='word_1_157' title='bbox 888 638 936 667; x_wconf 73' lang='lat' dir='ltr'>ejus</span> <span class='ocrx_word' id='word_1_158' title='bbox 943 637 1023 665; x_wconf 76' lang='lat' dir='ltr'>iudicii</span> <span class='ocrx_word' id='word_1_159' title='bbox 1030 634 1100 661; x_wconf 82' lang='lat' dir='ltr'>caussa</span> <span class='ocrx_word' id='word_1_160' title='bbox 1110 650 1115 659; x_wconf 81' lang='grc'>,</span> <span class='ocrx_word' id='word_1_161' title='bbox 1129 641 1178 667; x_wconf 73' lang='lat' dir='ltr'>quo</span> 
     </span>
     <span class='ocr_line' id='line_1_18' title="bbox 403 666 1177 703; baseline -0.009 -8"><span class='ocrx_word' id='word_1_162' title='bbox 403 673 518 703; x_wconf 75' lang='lat' dir='ltr'>Popillius</span> <span class='ocrx_word' id='word_1_163' title='bbox 527 690 532 698; x_wconf 88' lang='lat'><em>‚</em></span> <span class='ocrx_word' id='word_1_164' title='bbox 541 671 638 695; x_wconf 84' lang='lat' dir='ltr'>tribuno</span> <span class='ocrx_word' id='word_1_165' title='bbox 646 672 719 703; x_wconf 82' lang='lat' dir='ltr'>plebis</span> <span class='ocrx_word' id='word_1_166' title='bbox 727 671 829 694; x_wconf 64' lang='lat' dir='ltr'>(Ji-accito</span> <span class='ocrx_word' id='word_1_167' title='bbox 838 687 845 697; x_wconf 81' lang='grc'>,</span> <span class='ocrx_word' id='word_1_168' title='bbox 856 669 887 693; x_wconf 88' lang='lat' dir='ltr'>est</span> <span class='ocrx_word' id='word_1_169' title='bbox 894 667 1011 700; x_wconf 70' lang='lat' dir='ltr'>oppressus</span> <span class='ocrx_word' id='word_1_170' title='bbox 1019 684 1025 694; x_wconf 85' lang='lat'>,</span> <span class='ocrx_word' id='word_1_171' title='bbox 1040 667 1134 690; x_wconf 78' lang='lat' dir='ltr'>Coelius</span> <span class='ocrx_word' id='word_1_172' title='bbox 1141 666 1177 688; x_wconf 85' lang='lat' dir='ltr'>iua</span> 
     </span>
     <span class='ocr_line' id='line_1_19' title="bbox 404 698 1177 735; baseline -0.01 -8"><span class='ocrx_word' id='word_1_173' title='bbox 404 704 457 735; x_wconf 79' lang='lat' dir='ltr'>lege</span> <span class='ocrx_word' id='word_1_174' title='bbox 465 703 572 727; x_wconf 80' lang='lat' dir='ltr'>tabellam</span> <span class='ocrx_word' id='word_1_175' title='bbox 579 703 677 726; x_wconf 74' lang='lat' dir='ltr'>dederit.</span> <span class='ocrx_word' id='word_1_176' title='bbox 691 701 729 727; x_wconf 85' lang='lat' dir='ltr'>sed</span> <span class='ocrx_word' id='word_1_177' title='bbox 736 703 781 726; x_wconf 88' lang='lat' dir='ltr'>hoc</span> <span class='ocrx_word' id='word_1_178' title='bbox 789 720 795 729; x_wconf 85' lang='lat'>,</span> <span class='ocrx_word' id='word_1_179' title='bbox 809 703 864 734; x_wconf 88' lang='lat' dir='ltr'>quia</span> <span class='ocrx_word' id='word_1_180' title='bbox 871 708 920 724; x_wconf 86' lang='lat' dir='ltr'>non</span> <span class='ocrx_word' id='word_1_181' title='bbox 928 701 994 731; x_wconf 84' lang='lat' dir='ltr'>plane</span> <span class='ocrx_word' id='word_1_182' title='bbox 1007 699 1082 732; x_wconf 73' lang='lat' dir='ltr'>firmis</span> <span class='ocrx_word' id='word_1_183' title='bbox 1095 698 1177 721; x_wconf 85' lang='lat' dir='ltr'>nititur</span> 
     </span>
     <span class='ocr_line' id='line_1_20' title="bbox 405 728 1179 763; baseline -0.01 -4"><span class='ocrx_word' id='word_1_184' title='bbox 405 736 546 763; x_wconf 58' lang='lat' dir='ltr'>conjecturis</span> <span class='ocrx_word' id='word_1_185' title='bbox 554 752 560 762; x_wconf 89' lang='lat'>,</span> <span class='ocrx_word' id='word_1_186' title='bbox 574 736 633 758; x_wconf 85' lang='lat' dir='ltr'>inter</span> <span class='ocrx_word' id='word_1_187' title='bbox 641 735 710 758; x_wconf 89' lang='lat' dir='ltr'>dubia</span> <span class='ocrx_word' id='word_1_188' title='bbox 717 734 834 758; x_wconf 71' lang='lat' dir='ltr'>referatur.</span> <span class='ocrx_word' id='word_1_189' title='bbox 852 733 929 756; x_wconf 79' lang='lat' dir='ltr'>Etiam</span> <span class='ocrx_word' id='word_1_190' title='bbox 937 733 961 755; x_wconf 90' lang='lat' dir='ltr'>in</span> <span class='ocrx_word' id='word_1_191' title='bbox 969 739 998 754; x_wconf 91' lang='lat' dir='ltr'>eo</span> <span class='ocrx_word' id='word_1_192' title='bbox 1006 731 1140 754; x_wconf 81' lang='lat' dir='ltr'>coniulium</span> <span class='ocrx_word' id='word_1_193' title='bbox 1147 728 1179 752; x_wconf 79' lang='lat' dir='ltr'>est</span> 
     </span>
     <span class='ocr_line' id='line_1_21' title="bbox 406 762 1178 798; baseline -0.01 -7"><span class='ocrx_word' id='word_1_194' title='bbox 406 767 559 798; x_wconf 72' lang='lat' dir='ltr'>Reipublicae,</span> <span class='ocrx_word' id='word_1_195' title='bbox 568 769 633 798; x_wconf 83' lang='lat' dir='ltr'>quod</span> <span class='ocrx_word' id='word_1_196' title='bbox 641 766 744 790; x_wconf 73' lang='lat' dir='ltr'>adversus</span> <span class='ocrx_word' id='word_1_197' title='bbox 752 765 907 789; x_wconf 82' lang='lat' dir='ltr'>ambitionem</span> <span class='ocrx_word' id='word_1_198' title='bbox 916 763 1002 786; x_wconf 86' lang='lat' dir='ltr'>latalex</span> <span class='ocrx_word' id='word_1_199' title='bbox 1010 780 1015 789; x_wconf 87' lang='lat'>,</span> <span class='ocrx_word' id='word_1_200' title='bbox 1030 769 1058 785; x_wconf 82' lang='lat' dir='ltr'>rie</span> <span class='ocrx_word' id='word_1_201' title='bbox 1066 762 1118 793; x_wconf 86' lang='lat' dir='ltr'>quis</span> <span class='ocrx_word' id='word_1_202' title='bbox 1126 768 1178 783; x_wconf 90' lang='lat' dir='ltr'>can-</span> 
     </span>
     <span class='ocr_line' id='line_1_22' title="bbox 405 796 1179 828; baseline -0.01 -6"><span class='ocrx_word' id='word_1_203' title='bbox 405 799 497 822; x_wconf 85' lang='lat' dir='ltr'>didatus</span> <span class='ocrx_word' id='word_1_204' title='bbox 504 800 680 822; x_wconf 74' lang='lat' dir='ltr'>nomenclatore</span> <span class='ocrx_word' id='word_1_205' title='bbox 687 799 710 821; x_wconf 89' lang='lat' dir='ltr'>in</span> <span class='ocrx_word' id='word_1_206' title='bbox 719 797 860 828; x_wconf 78' lang='lat' dir='ltr'>magistratus</span> <span class='ocrx_word' id='word_1_207' title='bbox 867 796 982 827; x_wconf 77' lang='lat' dir='ltr'>petitione</span> <span class='ocrx_word' id='word_1_208' title='bbox 989 800 1091 817; x_wconf 85' lang='lat' dir='ltr'>uteretur</span> <span class='ocrx_word' id='word_1_209' title='bbox 1098 809 1104 820; x_wconf 54' lang='lat'>2</span> <span class='ocrx_word' id='word_1_210' title='bbox 1111 799 1140 816; x_wconf 89' lang='lat' dir='ltr'>eo</span> <span class='ocrx_word' id='word_1_211' title='bbox 1147 798 1179 815; x_wconf 90' lang='lat' dir='ltr'>ta-</span> 
     </span>
     <span class='ocr_line' id='line_1_23' title="bbox 404 825 1178 861; baseline -0.01 -7"><span class='ocrx_word' id='word_1_212' title='bbox 404 837 470 857; x_wconf 78' lang='lat' dir='ltr'>men,</span> <span class='ocrx_word' id='word_1_213' title='bbox 477 837 502 853; x_wconf 92' lang='lat' dir='ltr'>ut</span> <span class='ocrx_word' id='word_1_214' title='bbox 509 829 556 854; x_wconf 84' lang='lat' dir='ltr'>fere</span> <span class='ocrx_word' id='word_1_215' title='bbox 563 830 589 853; x_wconf 88' lang='lat' dir='ltr'>fit</span> <span class='ocrx_word' id='word_1_216' title='bbox 596 846 601 856; x_wconf 88' lang='lat'><em>‚</em></span> <span class='ocrx_word' id='word_1_217' title='bbox 612 829 725 861; x_wconf 77' lang='lat' dir='ltr'>progressa</span> <span class='ocrx_word' id='word_1_218' title='bbox 732 829 876 860; x_wconf 83' lang='lat' dir='ltr'>pedetentim</span> <span class='ocrx_word' id='word_1_219' title='bbox 884 827 977 851; x_wconf 84' lang='lat' dir='ltr'>licentia</span> <span class='ocrx_word' id='word_1_220' title='bbox 983 825 1014 849; x_wconf 72' lang='lat' dir='ltr'>est</span> <span class='ocrx_word' id='word_1_221' title='bbox 1022 843 1027 852; x_wconf 94' lang='lat'>,</span> <span class='ocrx_word' id='word_1_222' title='bbox 1036 831 1061 849; x_wconf 90' lang='lat' dir='ltr'>ut</span> <span class='ocrx_word' id='word_1_223' title='bbox 1069 842 1074 851; x_wconf 85' lang='lat'>,</span> <span class='ocrx_word' id='word_1_224' title='bbox 1082 825 1178 847; x_wconf 87' lang='lat' dir='ltr'>Cicero-</span> 
     </span>
     <span class='ocr_line' id='line_1_24' title="bbox 363 855 1177 893; baseline -0.009 -8"><span class='ocrx_word' id='word_1_225' title='bbox 363 859 367 864; x_wconf 47' lang='lat'><em>*</em></span> <span class='ocrx_word' id='word_1_226' title='bbox 405 863 443 886; x_wconf 86' lang='lat' dir='ltr'>nis</span> <span class='ocrx_word' id='word_1_227' title='bbox 451 868 522 889; x_wconf 70' lang='lat' dir='ltr'>aetate,</span> <span class='ocrx_word' id='word_1_228' title='bbox 531 861 582 885; x_wconf 88' lang='lat' dir='ltr'>suus</span> <span class='ocrx_word' id='word_1_229' title='bbox 589 863 674 893; x_wconf 82' lang='lat' dir='ltr'>cuique</span> <span class='ocrx_word' id='word_1_230' title='bbox 681 861 802 884; x_wconf 82' lang='lat' dir='ltr'>candidato</span> <span class='ocrx_word' id='word_1_231' title='bbox 810 860 980 884; x_wconf 77' lang='lat' dir='ltr'>nomenclator,</span> <span class='ocrx_word' id='word_1_232' title='bbox 988 865 1042 880; x_wconf 90' lang='lat' dir='ltr'>cum</span> <span class='ocrx_word' id='word_1_233' title='bbox 1051 855 1177 887; x_wconf 78' lang='lat' dir='ltr'>prensaret,</span> 
     </span>
     <span class='ocr_line' id='line_1_25' title="bbox 408 888 1180 928; baseline -0.009 -12"><span class='ocrx_word' id='word_1_234' title='bbox 408 900 526 928; x_wconf 71' lang='lat' dir='ltr'>peteretve</span> <span class='ocrx_word' id='word_1_235' title='bbox 534 909 539 919; x_wconf 90' lang='lat'>,</span> <span class='ocrx_word' id='word_1_236' title='bbox 548 892 635 916; x_wconf 76' lang='lat' dir='ltr'>adesset.</span> <span class='ocrx_word' id='word_1_237' title='bbox 643 900 711 925; x_wconf 83' lang='lat' dir='ltr'>atque</span> <span class='ocrx_word' id='word_1_238' title='bbox 718 894 778 916; x_wconf 88' lang='lat' dir='ltr'>inter</span> <span class='ocrx_word' id='word_1_239' title='bbox 785 892 862 915; x_wconf 82' lang='lat' dir='ltr'>laudes</span> <span class='ocrx_word' id='word_1_240' title='bbox 870 893 904 914; x_wconf 90' lang='lat' dir='ltr'>M.</span> <span class='ocrx_word' id='word_1_241' title='bbox 912 890 1010 913; x_wconf 89' lang='lat' dir='ltr'>Catonis</span> <span class='ocrx_word' id='word_1_242' title='bbox 1017 905 1023 915; x_wconf 87' lang='lat'>,</span> <span class='ocrx_word' id='word_1_243' title='bbox 1037 888 1079 920; x_wconf 86' lang='lat' dir='ltr'>qui</span> <span class='ocrx_word' id='word_1_244' title='bbox 1087 888 1180 911; x_wconf 87' lang='lat' dir='ltr'>Uticen-</span> 
     </span>
     <span class='ocr_line' id='line_1_26' title="bbox 408 921 1179 956; baseline -0.008 -8"><span class='ocrx_word' id='word_1_245' title='bbox 408 928 436 948; x_wconf 70' lang='lat' dir='ltr'>trs</span> <span class='ocrx_word' id='word_1_246' title='bbox 444 924 519 956; x_wconf 77' lang='lat' dir='ltr'>postea</span> <span class='ocrx_word' id='word_1_247' title='bbox 527 924 602 948; x_wconf 68' lang='lat' dir='ltr'>dictus</span> <span class='ocrx_word' id='word_1_248' title='bbox 610 924 640 948; x_wconf 85' lang='lat' dir='ltr'>cst</span> <span class='ocrx_word' id='word_1_249' title='bbox 650 942 656 952; x_wconf 86' lang='lat'>,</span> <span class='ocrx_word' id='word_1_250' title='bbox 676 927 733 948; x_wconf 73' lang='lat' dir='ltr'>lianc</span> <span class='ocrx_word' id='word_1_251' title='bbox 745 929 865 948; x_wconf 79' lang='lat' dir='ltr'>enumerat</span> <span class='ocrx_word' id='word_1_252' title='bbox 878 921 1009 946; x_wconf 81' lang='lat' dir='ltr'>Plutarchus</span> <span class='ocrx_word' id='word_1_253' title='bbox 1021 927 1072 951; x_wconf 81' lang='lat' dir='ltr'>pag.</span> <span class='ocrx_word' id='word_1_254' title='bbox 1081 923 1136 945; x_wconf 88' lang='lat'>763.</span> <span class='ocrx_word' id='word_1_255' title='bbox 1151 923 1179 942; x_wconf 84' lang='lat' dir='ltr'>A.</span> 
     </span>
     <span class='ocr_line' id='line_1_27' title="bbox 407 952 1180 988; baseline -0.012 -9"><span class='ocrx_word' id='word_1_256' title='bbox 407 957 611 988; x_wconf 68' lang='lat' dir='ltr'>Qwrltnpelirione</span> <span class='ocrx_word' id='word_1_257' title='bbox 618 956 740 979; x_wconf 67' lang='lat' dir='ltr'>tribunatus</span> <span class='ocrx_word' id='word_1_258' title='bbox 747 958 814 986; x_wconf 81' lang='lat' dir='ltr'>legem</span> <span class='ocrx_word' id='word_1_259' title='bbox 823 972 829 982; x_wconf 85' lang='lat'>,</span> <span class='ocrx_word' id='word_1_260' title='bbox 837 962 881 985; x_wconf 57' lang='lat' dir='ltr'>qur:</span> <span class='ocrx_word' id='word_1_261' title='bbox 889 954 998 975; x_wconf 59' lang='lat' dir='ltr'>candidato</span> <span class='ocrx_word' id='word_1_262' title='bbox 1005 952 1180 974; x_wconf 67' lang='lat' dir='ltr'>nomenclatorem</span> 
     </span>
     <span class='ocr_line' id='line_1_28' title="bbox 407 981 1179 1016; baseline -0.01 -6"><span class='ocrx_word' id='word_1_263' title='bbox 407 988 473 1016; x_wconf 78' lang='lat' dir='ltr'>adeffi:</span> <span class='ocrx_word' id='word_1_264' title='bbox 486 994 548 1010; x_wconf 78' lang='lat' dir='ltr'>vetat</span> <span class='ocrx_word' id='word_1_265' title='bbox 557 1005 563 1014; x_wconf 86' lang='lat'>,</span> <span class='ocrx_word' id='word_1_266' title='bbox 573 988 751 1016; x_wconf 63' lang='lat' dir='ltr'>salussam-uir.</span> <span class='ocrx_word' id='word_1_267' title='bbox 768 990 815 1009; x_wconf 83' lang='lat' dir='ltr'>Lex</span> <span class='ocrx_word' id='word_1_268' title='bbox 830 983 1058 1015; x_wconf 77' lang='lat' dir='ltr'>Mariaipsaquoque</span> <span class='ocrx_word' id='word_1_269' title='bbox 1065 981 1179 1012; x_wconf 77' lang='lat' dir='ltr'>praeclara:</span> 
     </span>
     <span class='ocr_line' id='line_1_29' title="bbox 408 1011 1181 1049; baseline -0.01 -7"><span class='ocrx_word' id='word_1_270' title='bbox 408 1026 480 1049; x_wconf 76' lang='lat' dir='ltr'>quam</span> <span class='ocrx_word' id='word_1_271' title='bbox 488 1019 617 1042; x_wconf 81' lang='lat' dir='ltr'>Plutarchus</span> <span class='ocrx_word' id='word_1_272' title='bbox 626 1017 637 1040; x_wconf 75' lang='lat' dir='ltr'>n</span> <span class='ocrx_word' id='word_1_273' title='bbox 645 1020 673 1041; x_wconf 94' lang='lat' dir='ltr'>C.</span> <span class='ocrx_word' id='word_1_274' title='bbox 683 1018 759 1041; x_wconf 84' lang='lat' dir='ltr'>Mario</span> <span class='ocrx_word' id='word_1_275' title='bbox 768 1034 774 1044; x_wconf 89' lang='lat'>,</span> <span class='ocrx_word' id='word_1_276' title='bbox 788 1017 830 1048; x_wconf 87' lang='lat' dir='ltr'>qui</span> <span class='ocrx_word' id='word_1_277' title='bbox 837 1015 919 1045; x_wconf 88' lang='lat' dir='ltr'>septies</span> <span class='ocrx_word' id='word_1_278' title='bbox 926 1014 1006 1037; x_wconf 84' lang='lat' dir='ltr'>consul</span> <span class='ocrx_word' id='word_1_279' title='bbox 1013 1014 1058 1036; x_wconf 86' lang='lat' dir='ltr'>fuit</span> <span class='ocrx_word' id='word_1_280' title='bbox 1066 1030 1071 1039; x_wconf 89' lang='lat'>,</span> <span class='ocrx_word' id='word_1_281' title='bbox 1084 1011 1181 1035; x_wconf 87' lang='lat' dir='ltr'>tribuno</span> 
     </span>
     <span class='ocr_line' id='line_1_30' title="bbox 407 1044 1182 1081; baseline -0.01 -8"><span class='ocrx_word' id='word_1_282' title='bbox 407 1050 482 1081; x_wconf 81' lang='lat' dir='ltr'>plebis</span> <span class='ocrx_word' id='word_1_283' title='bbox 489 1049 533 1073; x_wconf 73' lang='lat' dir='ltr'>ess&#39;e</span> <span class='ocrx_word' id='word_1_284' title='bbox 539 1050 607 1073; x_wconf 85' lang='lat' dir='ltr'>latam</span> <span class='ocrx_word' id='word_1_285' title='bbox 614 1049 733 1080; x_wconf 76' lang='lat' dir='ltr'>fignificat.</span> <span class='ocrx_word' id='word_1_286' title='bbox 741 1049 788 1077; x_wconf 80' lang='lat' dir='ltr'>ejus</span> <span class='ocrx_word' id='word_1_287' title='bbox 795 1048 853 1079; x_wconf 84' lang='lat' dir='ltr'>legis</span> <span class='ocrx_word' id='word_1_288' title='bbox 861 1048 907 1070; x_wconf 74' lang='lat' dir='ltr'>lraec</span> <span class='ocrx_word' id='word_1_289' title='bbox 913 1044 1084 1070; x_wconf 77' lang='lat' dir='ltr'>sententiasuit,</span> <span class='ocrx_word' id='word_1_290' title='bbox 1092 1049 1117 1066; x_wconf 87' lang='lat' dir='ltr'>ut</span> <span class='ocrx_word' id='word_1_291' title='bbox 1125 1051 1182 1074; x_wconf 82' lang='lat' dir='ltr'>pon-</span> 
     </span>
     <span class='ocr_line' id='line_1_31' title="bbox 408 1074 1183 1113; baseline -0.01 -8"><span class='ocrx_word' id='word_1_292' title='bbox 408 1088 452 1108; x_wconf 78' lang='lat' dir='ltr'>tes,</span> <span class='ocrx_word' id='word_1_293' title='bbox 463 1081 547 1113; x_wconf 87' lang='lat' dir='ltr'>quibus</span> <span class='ocrx_word' id='word_1_294' title='bbox 556 1080 716 1112; x_wconf 77' lang='lat' dir='ltr'>suffragiorum</span> <span class='ocrx_word' id='word_1_295' title='bbox 725 1079 782 1103; x_wconf 74' lang='lat' dir='ltr'>cistae</span> <span class='ocrx_word' id='word_1_296' title='bbox 790 1077 981 1110; x_wconf 78' lang='lat' dir='ltr'>imponebantur,</span> <span class='ocrx_word' id='word_1_297' title='bbox 989 1075 1059 1101; x_wconf 70' lang='lat' dir='ltr'>ess&#39;ent</span> <span class='ocrx_word' id='word_1_298' title='bbox 1067 1074 1183 1109; x_wconf 75' lang='lat' dir='ltr'>angustio-</span> 
     </span>
     <span class='ocr_line' id='line_1_32' title="bbox 409 1106 1183 1143; baseline -0.009 -7"><span class='ocrx_word' id='word_1_299' title='bbox 409 1121 457 1136; x_wconf 82' lang='lat' dir='ltr'>res:</span> <span class='ocrx_word' id='word_1_300' title='bbox 475 1120 504 1136; x_wconf 91' lang='lat' dir='ltr'>ne</span> <span class='ocrx_word' id='word_1_301' title='bbox 512 1112 598 1136; x_wconf 85' lang='lat' dir='ltr'>scilicet</span> <span class='ocrx_word' id='word_1_302' title='bbox 605 1113 694 1135; x_wconf 86' lang='lat' dir='ltr'>multos</span> <span class='ocrx_word' id='word_1_303' title='bbox 701 1119 781 1143; x_wconf 79' lang='lat' dir='ltr'>capere</span> <span class='ocrx_word' id='word_1_304' title='bbox 788 1110 886 1143; x_wconf 73' lang='lat' dir='ltr'>pollent.</span> <span class='ocrx_word' id='word_1_305' title='bbox 900 1116 954 1133; x_wconf 86' lang='lat' dir='ltr'>nam</span> <span class='ocrx_word' id='word_1_306' title='bbox 968 1110 993 1132; x_wconf 92' lang='lat' dir='ltr'>in</span> <span class='ocrx_word' id='word_1_307' title='bbox 1000 1107 1065 1132; x_wconf 91' lang='lat' dir='ltr'>turba</span> <span class='ocrx_word' id='word_1_308' title='bbox 1078 1106 1183 1130; x_wconf 68' lang='lat' dir='ltr'>fraudem</span> 
     </span>
     <span class='ocr_line' id='line_1_33' title="bbox 409 1138 1185 1176; baseline -0.01 -8"><span class='ocrx_word' id='word_1_309' title='bbox 409 1143 782 1176; x_wconf 79' lang='lat' dir='ltr'>aliquam·committere,difficilis</span> <span class='ocrx_word' id='word_1_310' title='bbox 789 1143 880 1174; x_wconf 83' lang='lat' dir='ltr'>negotii</span> <span class='ocrx_word' id='word_1_311' title='bbox 890 1149 939 1165; x_wconf 86' lang='lat' dir='ltr'>non</span> <span class='ocrx_word' id='word_1_312' title='bbox 946 1138 1185 1171; x_wconf 79' lang='lat' dir='ltr'>est,propterea,quod</span> 
     </span>
     <span class='ocr_line' id='line_1_34' title="bbox 410 1170 1185 1207; baseline -0.009 -7"><span class='ocrx_word' id='word_1_313' title='bbox 410 1177 452 1200; x_wconf 81' lang='lat' dir='ltr'>hac</span> <span class='ocrx_word' id='word_1_314' title='bbox 461 1177 511 1207; x_wconf 75' lang='lat' dir='ltr'>lege</span> <span class='ocrx_word' id='word_1_315' title='bbox 519 1175 631 1200; x_wconf 87' lang='lat' dir='ltr'>sancitum</span> <span class='ocrx_word' id='word_1_316' title='bbox 638 1175 682 1202; x_wconf 87' lang='lat' dir='ltr'>est,</span> <span class='ocrx_word' id='word_1_317' title='bbox 696 1177 718 1198; x_wconf 85' lang='lat' dir='ltr'>id</span> <span class='ocrx_word' id='word_1_318' title='bbox 729 1171 844 1204; x_wconf 73' lang='lat' dir='ltr'>ambiiiofis</span> <span class='ocrx_word' id='word_1_319' title='bbox 857 1175 971 1204; x_wconf 73' lang='lat' dir='ltr'>oppostmm</span> <span class='ocrx_word' id='word_1_320' title='bbox 984 1171 1064 1198; x_wconf 75' lang='lat' dir='ltr'>fuisse,</span> <span class='ocrx_word' id='word_1_321' title='bbox 1083 1171 1107 1193; x_wconf 83' lang='lat'>&amp;</span> <span class='ocrx_word' id='word_1_322' title='bbox 1118 1170 1185 1201; x_wconf 89' lang='lat' dir='ltr'>plane</span> 
     </span>
     <span class='ocr_line' id='line_1_35' title="bbox 412 1200 1185 1239; baseline -0.01 -7"><span class='ocrx_word' id='word_1_323' title='bbox 412 1208 499 1232; x_wconf 81' lang='lat' dir='ltr'>Cicero</span> <span class='ocrx_word' id='word_1_324' title='bbox 507 1209 566 1232; x_wconf 82' lang='lat' dir='ltr'>dicit</span> <span class='ocrx_word' id='word_1_325' title='bbox 574 1209 598 1231; x_wconf 88' lang='lat' dir='ltr'>in</span> <span class='ocrx_word' id='word_1_326' title='bbox 606 1211 644 1231; x_wconf 81' lang='lat' dir='ltr'>Ill.</span> <span class='ocrx_word' id='word_1_327' title='bbox 653 1207 681 1230; x_wconf 87' lang='lat' dir='ltr'>de</span> <span class='ocrx_word' id='word_1_328' title='bbox 687 1207 778 1239; x_wconf 85' lang='lat' dir='ltr'>legibus</span> <span class='ocrx_word' id='word_1_329' title='bbox 785 1213 833 1237; x_wconf 85' lang='lat' dir='ltr'>cap.</span> <span class='ocrx_word' id='word_1_330' title='bbox 844 1214 852 1229; x_wconf 86' lang='lat'>1</span> <span class='ocrx_word' id='word_1_331' title='bbox 859 1213 880 1233; x_wconf 87' lang='lat'>7.</span> <span class='ocrx_word' id='word_1_332' title='bbox 893 1205 917 1228; x_wconf 68' lang='grc' dir='ltr'>ὃ(</span> <span class='ocrx_word' id='word_1_333' title='bbox 924 1204 1054 1228; x_wconf 80' lang='lat' dir='ltr'>Plutarchus</span> <span class='ocrx_word' id='word_1_334' title='bbox 1061 1200 1110 1234; x_wconf 81' lang='lat' dir='ltr'>ipse</span> <span class='ocrx_word' id='word_1_335' title='bbox 1117 1202 1185 1233; x_wconf 80' lang='lat' dir='ltr'>figni-</span> 
     </span>
     <span class='ocr_line' id='line_1_36' title="bbox 410 1234 1186 1270; baseline -0.008 -7"><span class='ocrx_word' id='word_1_336' title='bbox 410 1239 495 1263; x_wconf 78' lang='lat' dir='ltr'>ficatin</span> <span class='ocrx_word' id='word_1_337' title='bbox 503 1240 571 1263; x_wconf 86' lang='lat' dir='ltr'>Marii</span> <span class='ocrx_word' id='word_1_338' title='bbox 580 1240 784 1270; x_wconf 78' lang='lat' dir='ltr'>vitapag.407.D.</span> <span class='ocrx_word' id='word_1_339' title='bbox 797 1245 852 1261; x_wconf 86' lang='lat' dir='ltr'>cum</span> <span class='ocrx_word' id='word_1_340' title='bbox 860 1237 902 1260; x_wconf 78' lang='lat' dir='ltr'>ait:</span> <span class='ocrx_word' id='word_1_341' title='bbox 915 1238 937 1259; x_wconf 82' lang='lat' dir='ltr'>in</span> <span class='ocrx_word' id='word_1_342' title='bbox 951 1235 1067 1259; x_wconf 78' lang='lat' dir='ltr'>tribunam</span> <span class='ocrx_word' id='word_1_343' title='bbox 1080 1236 1147 1264; x_wconf 71' lang='lat' dir='ltr'>legem</span> <span class='ocrx_word' id='word_1_344' title='bbox 1160 1234 1186 1257; x_wconf 77' lang='lat' dir='ltr'>de</span> 
     </span>
     <span class='ocr_line' id='line_1_37' title="bbox 405 1266 1185 1303; baseline -0.009 -9"><span class='ocrx_word' id='word_1_345' title='bbox 405 1271 516 1303; x_wconf 65' lang='lat' dir='ltr'>suffragiis</span> <span class='ocrx_word' id='word_1_346' title='bbox 526 1273 598 1302; x_wconf 63' lang='lat' dir='ltr'>tulisse</span> <span class='ocrx_word' id='word_1_347' title='bbox 607 1288 612 1298; x_wconf 87' lang='lat'>‚</span> <span class='ocrx_word' id='word_1_348' title='bbox 626 1280 671 1301; x_wconf 73' lang='lat' dir='ltr'>qna</span> <span class='ocrx_word' id='word_1_349' title='bbox 677 1272 798 1302; x_wconf 78' lang='lat' dir='ltr'>potentium</span> <span class='ocrx_word' id='word_1_350' title='bbox 806 1277 852 1302; x_wconf 78' lang='lat' dir='ltr'>opes</span> <span class='ocrx_word' id='word_1_351' title='bbox 867 1275 916 1291; x_wconf 76' lang='lat' dir='ltr'>tum</span> <span class='ocrx_word' id='word_1_352' title='bbox 928 1269 949 1290; x_wconf 82' lang='lat' dir='ltr'>in</span> <span class='ocrx_word' id='word_1_353' title='bbox 957 1268 1053 1297; x_wconf 72' lang='lat' dir='ltr'>ferendis</span> <span class='ocrx_word' id='word_1_354' title='bbox 1062 1266 1185 1296; x_wconf 76' lang='lat' dir='ltr'>suffragiis,</span> 
     </span>
     <span class='ocr_line' id='line_1_38' title="bbox 411 1297 1187 1333; baseline -0.008 -8"><span class='ocrx_word' id='word_1_355' title='bbox 411 1309 461 1326; x_wconf 74' lang='lat' dir='ltr'>tum</span> <span class='ocrx_word' id='word_1_356' title='bbox 473 1305 594 1325; x_wconf 66' lang='lat' dir='ltr'>mercandis</span> <span class='ocrx_word' id='word_1_357' title='bbox 601 1301 759 1333; x_wconf 73' lang='lat' dir='ltr'>magtflrattbm</span> <span class='ocrx_word' id='word_1_358' title='bbox 772 1302 894 1324; x_wconf 72' lang='lat' dir='ltr'>imminuit.</span> <span class='ocrx_word' id='word_1_359' title='bbox 911 1301 995 1323; x_wconf 78' lang='lat' dir='ltr'>Pontes</span> <span class='ocrx_word' id='word_1_360' title='bbox 1005 1305 1082 1322; x_wconf 86' lang='lat' dir='ltr'>autem</span> <span class='ocrx_word' id='word_1_361' title='bbox 1092 1297 1129 1320; x_wconf 75' lang='lat' dir='ltr'>illi</span> <span class='ocrx_word' id='word_1_362' title='bbox 1137 1304 1187 1327; x_wconf 84' lang='lat' dir='ltr'>per-</span> 
     </span>
     <span class='ocr_line' id='line_1_39' title="bbox 411 1329 1187 1365; baseline -0.009 -7"><span class='ocrx_word' id='word_1_363' title='bbox 411 1334 477 1365; x_wconf 80' lang='lat' dir='ltr'>petui</span> <span class='ocrx_word' id='word_1_364' title='bbox 485 1341 533 1365; x_wconf 85' lang='lat' dir='ltr'>non</span> <span class='ocrx_word' id='word_1_365' title='bbox 540 1341 610 1361; x_wconf 82' lang='lat' dir='ltr'>erant,</span> <span class='ocrx_word' id='word_1_366' title='bbox 619 1333 656 1357; x_wconf 90' lang='lat' dir='ltr'>sed</span> <span class='ocrx_word' id='word_1_367' title='bbox 664 1334 691 1356; x_wconf 90' lang='lat' dir='ltr'>ad</span> <span class='ocrx_word' id='word_1_368' title='bbox 699 1340 791 1365; x_wconf 87' lang='lat' dir='ltr'>tempus</span> <span class='ocrx_word' id='word_1_369' title='bbox 798 1330 1008 1357; x_wconf 76' lang='lat' dir='ltr'>extruebantur,vel</span> <span class='ocrx_word' id='word_1_370' title='bbox 1015 1330 1040 1353; x_wconf 89' lang='lat' dir='ltr'>in</span> <span class='ocrx_word' id='word_1_371' title='bbox 1047 1329 1109 1355; x_wconf 89' lang='lat' dir='ltr'>foro,</span> <span class='ocrx_word' id='word_1_372' title='bbox 1118 1329 1154 1352; x_wconf 87' lang='lat' dir='ltr'>vel</span> <span class='ocrx_word' id='word_1_373' title='bbox 1161 1329 1187 1352; x_wconf 90' lang='lat' dir='ltr'>in</span> 
     </span>
     <span class='ocr_line' id='line_1_40' title="bbox 411 1363 1189 1397; baseline -0.008 -8"><span class='ocrx_word' id='word_1_374' title='bbox 411 1373 504 1396; x_wconf 73' lang='lat' dir='ltr'>campo.</span> <span class='ocrx_word' id='word_1_375' title='bbox 513 1365 640 1397; x_wconf 79' lang='lat' dir='ltr'>utrobique</span> <span class='ocrx_word' id='word_1_376' title='bbox 646 1366 712 1389; x_wconf 91' lang='lat' dir='ltr'>enim</span> <span class='ocrx_word' id='word_1_377' title='bbox 719 1365 816 1389; x_wconf 83' lang='lat' dir='ltr'>comitia</span> <span class='ocrx_word' id='word_1_378' title='bbox 823 1363 973 1387; x_wconf 82' lang='lat' dir='ltr'>habebantur.</span> <span class='ocrx_word' id='word_1_379' title='bbox 986 1369 1028 1386; x_wconf 92' lang='lat' dir='ltr'>nec</span> <span class='ocrx_word' id='word_1_380' title='bbox 1035 1369 1088 1385; x_wconf 86' lang='lat' dir='ltr'>vere</span> <span class='ocrx_word' id='word_1_381' title='bbox 1095 1367 1189 1392; x_wconf 84' lang='lat' dir='ltr'>pontes,</span> 
     </span>
     <span class='ocr_line' id='line_1_41' title="bbox 412 1391 1188 1428; baseline -0.008 -7"><span class='ocrx_word' id='word_1_382' title='bbox 412 1396 451 1421; x_wconf 76' lang='lat' dir='ltr'>sed</span> <span class='ocrx_word' id='word_1_383' title='bbox 459 1397 542 1421; x_wconf 71' lang='lat' dir='ltr'>mensx</span> <span class='ocrx_word' id='word_1_384' title='bbox 550 1397 717 1428; x_wconf 64' lang='lat' dir='ltr'>angussissimx,</span> <span class='ocrx_word' id='word_1_385' title='bbox 724 1396 822 1428; x_wconf 86' lang='lat' dir='ltr'>pedibus</span> <span class='ocrx_word' id='word_1_386' title='bbox 829 1394 959 1421; x_wconf 88' lang='lat' dir='ltr'>altioribus,</span> <span class='ocrx_word' id='word_1_387' title='bbox 966 1393 1038 1420; x_wconf 89' lang='lat' dir='ltr'>fuere,</span> <span class='ocrx_word' id='word_1_388' title='bbox 1046 1393 1138 1424; x_wconf 74' lang='lat' dir='ltr'>fingulae</span> <span class='ocrx_word' id='word_1_389' title='bbox 1146 1391 1188 1415; x_wconf 87' lang='lat' dir='ltr'>[in-</span> 
     </span>
     <span class='ocr_line' id='line_1_42' title="bbox 413 1423 1188 1459; baseline -0.008 -7"><span class='ocrx_word' id='word_1_390' title='bbox 413 1429 475 1459; x_wconf 81' lang='lat' dir='ltr'>gulis</span> <span class='ocrx_word' id='word_1_391' title='bbox 482 1428 587 1452; x_wconf 81' lang='lat' dir='ltr'>tribubus</span> <span class='ocrx_word' id='word_1_392' title='bbox 596 1446 602 1455; x_wconf 92' lang='lat'>,</span> <span class='ocrx_word' id='word_1_393' title='bbox 617 1436 655 1452; x_wconf 89' lang='lat' dir='ltr'>aut</span> <span class='ocrx_word' id='word_1_394' title='bbox 661 1429 772 1453; x_wconf 89' lang='lat' dir='ltr'>centuriis</span> <span class='ocrx_word' id='word_1_395' title='bbox 778 1427 894 1452; x_wconf 71' lang='lat' dir='ltr'>attributa:</span> <span class='ocrx_word' id='word_1_396' title='bbox 901 1444 908 1454; x_wconf 91' lang='lat'>‚</span> <span class='ocrx_word' id='word_1_397' title='bbox 923 1433 1006 1457; x_wconf 88' lang='lat' dir='ltr'>pontes</span> <span class='ocrx_word' id='word_1_398' title='bbox 1012 1424 1024 1448; x_wconf 61' lang='lat' dir='ltr'>{a</span> <span class='ocrx_word' id='word_1_399' title='bbox 1032 1423 1188 1448; x_wconf 80' lang='lat' dir='ltr'>similitudine</span> 
     </span>
     <span class='ocr_line' id='line_1_43' title="bbox 413 1455 1188 1492; baseline -0.008 -8"><span class='ocrx_word' id='word_1_400' title='bbox 413 1460 479 1484; x_wconf 61' lang='lat' dir='ltr'>distat</span> <span class='ocrx_word' id='word_1_401' title='bbox 486 1477 493 1487; x_wconf 74' lang='grc'>,</span> <span class='ocrx_word' id='word_1_402' title='bbox 507 1460 536 1483; x_wconf 88' lang='lat' dir='ltr'>de</span> <span class='ocrx_word' id='word_1_403' title='bbox 544 1460 628 1492; x_wconf 84' lang='lat' dir='ltr'>quibus</span> <span class='ocrx_word' id='word_1_404' title='bbox 636 1460 695 1484; x_wconf 83' lang='lat' dir='ltr'>insi-a</span> <span class='ocrx_word' id='word_1_405' title='bbox 702 1461 770 1491; x_wconf 86' lang='lat' dir='ltr'>paulo</span> <span class='ocrx_word' id='word_1_406' title='bbox 778 1460 872 1483; x_wconf 87' lang='lat' dir='ltr'>uberius</span> <span class='ocrx_word' id='word_1_407' title='bbox 880 1465 983 1489; x_wconf 80' lang='lat' dir='ltr'>agemus,</span> <span class='ocrx_word' id='word_1_408' title='bbox 997 1457 1063 1481; x_wconf 88' lang='lat' dir='ltr'>Tulit</span> <span class='ocrx_word' id='word_1_409' title='bbox 1076 1456 1100 1479; x_wconf 90' lang='lat'>&amp;</span> <span class='ocrx_word' id='word_1_410' title='bbox 1108 1458 1131 1479; x_wconf 86' lang='lat' dir='ltr'>P.</span> <span class='ocrx_word' id='word_1_411' title='bbox 1139 1455 1188 1478; x_wconf 87' lang='lat' dir='ltr'>Sul-</span> 
     </span>
     <span class='ocr_line' id='line_1_44' title="bbox 430 1487 1188 1522; baseline -0.008 -7"><span class='ocrx_word' id='word_1_412' title='bbox 430 1492 488 1515; x_wconf 85' lang='lat' dir='ltr'>icius</span> <span class='ocrx_word' id='word_1_413' title='bbox 494 1492 600 1515; x_wconf 83' lang='lat' dir='ltr'>tribunus</span> <span class='ocrx_word' id='word_1_414' title='bbox 607 1491 680 1522; x_wconf 88' lang='lat' dir='ltr'>plebis</span> <span class='ocrx_word' id='word_1_415' title='bbox 687 1494 714 1515; x_wconf 91' lang='lat' dir='ltr'>L.</span> <span class='ocrx_word' id='word_1_416' title='bbox 723 1492 790 1522; x_wconf 82' lang='lat' dir='ltr'>Sylla.</span> <span class='ocrx_word' id='word_1_417' title='bbox 807 1494 838 1521; x_wconf 79' lang='lat' dir='ltr'>Q</span> <span class='ocrx_word' id='word_1_418' title='bbox 846 1489 959 1520; x_wconf 80' lang='lat' dir='ltr'>Pompeio</span> <span class='ocrx_word' id='word_1_419' title='bbox 971 1488 1026 1512; x_wconf 75' lang='lat' dir='ltr'>coss‘.</span> <span class='ocrx_word' id='word_1_420' title='bbox 1037 1494 1062 1511; x_wconf 89' lang='lat' dir='ltr'>ut</span> <span class='ocrx_word' id='word_1_421' title='bbox 1075 1488 1100 1510; x_wconf 89' lang='lat' dir='ltr'>in</span> <span class='ocrx_word' id='word_1_422' title='bbox 1108 1487 1188 1510; x_wconf 83' lang='lat' dir='ltr'>omni-</span> 
     </span>
     <span class='ocr_line' id='line_1_45' title="bbox 412 1500 1188 1554; baseline -0.008 -8"><span class='ocrx_word' id='word_1_423' title='bbox 412 1500 456 1546; x_wconf 59' lang='lat' dir='ltr'>bus</span> <span class='ocrx_word' id='word_1_424' title='bbox 463 1522 679 1546; x_wconf 84' lang='lat' dir='ltr'>tribubuslibertini</span> <span class='ocrx_word' id='word_1_425' title='bbox 688 1521 819 1554; x_wconf 77' lang='lat' dir='ltr'>strffragium</span> <span class='ocrx_word' id='word_1_426' title='bbox 825 1522 885 1545; x_wconf 87' lang='lat' dir='ltr'>ferre</span> <span class='ocrx_word' id='word_1_427' title='bbox 892 1519 1049 1552; x_wconf 53' lang='lat' dir='ltr'>porsennam</span> <span class='ocrx_word' id='word_1_428' title='bbox 1057 1521 1082 1542; x_wconf 82' lang='lat' dir='ltr'>in</span> <span class='ocrx_word' id='word_1_429' title='bbox 1089 1524 1188 1549; x_wconf 84' lang='lat' dir='ltr'>quatuor</span> 
     </span>
     <span class='ocr_line' id='line_1_46' title="bbox 414 1549 1187 1580; baseline -0.008 -3"><span class='ocrx_word' id='word_1_430' title='bbox 414 1561 503 1577; x_wconf 86' lang='lat' dir='ltr'>rantum</span> <span class='ocrx_word' id='word_1_431' title='bbox 512 1553 603 1577; x_wconf 83' lang='lat' dir='ltr'>urbanis</span> <span class='ocrx_word' id='word_1_432' title='bbox 610 1553 714 1578; x_wconf 82' lang='lat' dir='ltr'>tribubus</span> <span class='ocrx_word' id='word_1_433' title='bbox 721 1561 784 1577; x_wconf 87' lang='lat' dir='ltr'>antea</span> <span class='ocrx_word' id='word_1_434' title='bbox 791 1550 1033 1577; x_wconf 80' lang='lat' dir='ltr'>ferteconsueviffent.</span> <span class='ocrx_word' id='word_1_435' title='bbox 1047 1549 1103 1573; x_wconf 86' lang='lat' dir='ltr'>hanc</span> <span class='ocrx_word' id='word_1_436' title='bbox 1109 1549 1187 1580; x_wconf 83' lang='lat' dir='ltr'>legem</span> 
     </span>
     <span class='ocr_line' id='line_1_47' title="bbox 415 1582 1188 1617; baseline -0.008 -8"><span class='ocrx_word' id='word_1_437' title='bbox 415 1593 472 1617; x_wconf 73' lang='lat' dir='ltr'>puto</span> <span class='ocrx_word' id='word_1_438' title='bbox 479 1585 492 1608; x_wconf 60' lang='lat' dir='ltr'>‘a</span> <span class='ocrx_word' id='word_1_439' title='bbox 499 1586 587 1609; x_wconf 71' lang='lat' dir='ltr'>vissore</span> <span class='ocrx_word' id='word_1_440' title='bbox 594 1587 661 1616; x_wconf 81' lang='lat' dir='ltr'>Sylla,</span> <span class='ocrx_word' id='word_1_441' title='bbox 668 1586 764 1616; x_wconf 85' lang='lat' dir='ltr'>Sulpicii</span> <span class='ocrx_word' id='word_1_442' title='bbox 770 1585 881 1611; x_wconf 90' lang='lat' dir='ltr'>inimico,</span> <span class='ocrx_word' id='word_1_443' title='bbox 887 1582 932 1607; x_wconf 81' lang='lat' dir='ltr'>effe</span> <span class='ocrx_word' id='word_1_444' title='bbox 939 1582 1079 1613; x_wconf 81' lang='lat' dir='ltr'>abrogatam.</span> <span class='ocrx_word' id='word_1_445' title='bbox 1087 1587 1144 1612; x_wconf 89' lang='lat' dir='ltr'>puto</span> <span class='ocrx_word' id='word_1_446' title='bbox 1151 1588 1188 1604; x_wconf 89' lang='lat' dir='ltr'>au—</span> 
     </span>
     <span class='ocr_line' id='line_1_48' title="bbox 415 1612 1188 1648; baseline -0.006 -8"><span class='ocrx_word' id='word_1_447' title='bbox 415 1625 464 1640; x_wconf 81' lang='lat' dir='ltr'>tem</span> <span class='ocrx_word' id='word_1_448' title='bbox 472 1617 503 1640; x_wconf 91' lang='lat' dir='ltr'>ob</span> <span class='ocrx_word' id='word_1_449' title='bbox 510 1625 561 1641; x_wconf 82' lang='lat' dir='ltr'>eam</span> <span class='ocrx_word' id='word_1_450' title='bbox 568 1617 672 1644; x_wconf 77' lang='lat' dir='ltr'>caussam,</span> <span class='ocrx_word' id='word_1_451' title='bbox 681 1618 734 1648; x_wconf 80' lang='lat' dir='ltr'>quia</span> <span class='ocrx_word' id='word_1_452' title='bbox 748 1619 778 1640; x_wconf 92' lang='lat' dir='ltr'>C.</span> <span class='ocrx_word' id='word_1_453' title='bbox 788 1614 1009 1640; x_wconf 83' lang='lat' dir='ltr'>Maniliustribunus</span> <span class='ocrx_word' id='word_1_454' title='bbox 1016 1612 1090 1645; x_wconf 83' lang='lat' dir='ltr'>plebis</span> <span class='ocrx_word' id='word_1_455' title='bbox 1097 1613 1188 1644; x_wconf 87' lang='lat' dir='ltr'>aliquot</span> 
     </span>
     <span class='ocr_line' id='line_1_49' title="bbox 416 1643 1186 1680; baseline -0.004 -9"><span class='ocrx_word' id='word_1_456' title='bbox 416 1648 468 1680; x_wconf 84' lang='lat' dir='ltr'>post</span> <span class='ocrx_word' id='word_1_457' title='bbox 477 1649 541 1672; x_wconf 90' lang='lat' dir='ltr'>annis</span> <span class='ocrx_word' id='word_1_458' title='bbox 547 1648 645 1673; x_wconf 82' lang='lat' dir='ltr'>eandem</span> <span class='ocrx_word' id='word_1_459' title='bbox 653 1649 731 1679; x_wconf 80' lang='lat' dir='ltr'>legem</span> <span class='ocrx_word' id='word_1_460' title='bbox 739 1647 798 1671; x_wconf 89' lang='lat' dir='ltr'>ferre</span> <span class='ocrx_word' id='word_1_461' title='bbox 805 1653 899 1671; x_wconf 87' lang='lat' dir='ltr'>conatus</span> <span class='ocrx_word' id='word_1_462' title='bbox 906 1645 938 1669; x_wconf 88' lang='lat' dir='ltr'>est</span> <span class='ocrx_word' id='word_1_463' title='bbox 945 1655 950 1668; x_wconf 73' lang='grc' dir='ltr'>ι</span> <span class='ocrx_word' id='word_1_464' title='bbox 960 1646 1073 1676; x_wconf 83' lang='lat' dir='ltr'>idemque</span> <span class='ocrx_word' id='word_1_465' title='bbox 1080 1643 1155 1675; x_wconf 85' lang='lat' dir='ltr'>postea</span> <span class='ocrx_word' id='word_1_466' title='bbox 1162 1645 1186 1668; x_wconf 73' lang='grc' dir='ltr'>δε</span> 
     </span>
     <span class='ocr_line' id='line_1_50' title="bbox 414 1675 1188 1711; baseline -0.008 -8"><span class='ocrx_word' id='word_1_467' title='bbox 414 1683 439 1703; x_wconf 78' lang='lat' dir='ltr'>P.</span> <span class='ocrx_word' id='word_1_468' title='bbox 446 1680 546 1703; x_wconf 83' lang='lat' dir='ltr'>Clodius</span> <span class='ocrx_word' id='word_1_469' title='bbox 553 1680 673 1711; x_wconf 81' lang='lat' dir='ltr'>cogitavit.</span> <span class='ocrx_word' id='word_1_470' title='bbox 683 1679 745 1703; x_wconf 84' lang='lat' dir='ltr'>testis</span> <span class='ocrx_word' id='word_1_471' title='bbox 752 1680 837 1703; x_wconf 87' lang='lat' dir='ltr'>Cicero</span> <span class='ocrx_word' id='word_1_472' title='bbox 844 1680 868 1702; x_wconf 90' lang='lat' dir='ltr'>in</span> <span class='ocrx_word' id='word_1_473' title='bbox 877 1678 964 1701; x_wconf 89' lang='lat' dir='ltr'>duabus</span> <span class='ocrx_word' id='word_1_474' title='bbox 971 1675 1118 1700; x_wconf 87' lang='lat' dir='ltr'>orationibus</span> <span class='ocrx_word' id='word_1_475' title='bbox 1125 1691 1132 1700; x_wconf 49' lang='grc' dir='ltr'>ι</span> <span class='ocrx_word' id='word_1_476' title='bbox 1145 1682 1188 1705; x_wconf 87' lang='lat' dir='ltr'>pro</span> 
     </span>
     <span class='ocr_line' id='line_1_51' title="bbox 413 1706 1189 1743; baseline -0.008 -8"><span class='ocrx_word' id='word_1_477' title='bbox 413 1714 443 1735; x_wconf 92' lang='lat' dir='ltr'>C.</span> <span class='ocrx_word' id='word_1_478' title='bbox 451 1713 578 1739; x_wconf 78' lang='lat' dir='ltr'>cornelio,</span> <span class='ocrx_word' id='word_1_479' title='bbox 594 1713 618 1735; x_wconf 64' lang='grc' dir='ltr'><strong>ἃ</strong></span> <span class='ocrx_word' id='word_1_480' title='bbox 626 1718 669 1743; x_wconf 87' lang='lat' dir='ltr'>pro</span> <span class='ocrx_word' id='word_1_481' title='bbox 677 1711 776 1735; x_wconf 84' lang='lat' dir='ltr'>Milone.</span> <span class='ocrx_word' id='word_1_482' title='bbox 791 1712 909 1734; x_wconf 88' lang='lat' dir='ltr'>Sancitum</span> <span class='ocrx_word' id='word_1_483' title='bbox 916 1709 939 1732; x_wconf 73' lang='grc' dir='ltr'>δι</span> <span class='ocrx_word' id='word_1_484' title='bbox 947 1708 1038 1740; x_wconf 83' lang='lat' dir='ltr'>legibus</span> <span class='ocrx_word' id='word_1_485' title='bbox 1046 1706 1105 1731; x_wconf 90' lang='lat' dir='ltr'>illud</span> <span class='ocrx_word' id='word_1_486' title='bbox 1113 1706 1189 1730; x_wconf 82' lang='lat' dir='ltr'>existi-</span> 
     </span>
     <span class='ocr_line' id='line_1_52' title="bbox 414 1737 1190 1775; baseline -0.009 -8"><span class='ocrx_word' id='word_1_487' title='bbox 414 1751 466 1771; x_wconf 77' lang='lat' dir='ltr'>mo,</span> <span class='ocrx_word' id='word_1_488' title='bbox 474 1743 538 1775; x_wconf 88' lang='lat' dir='ltr'>quod</span> <span class='ocrx_word' id='word_1_489' title='bbox 546 1743 605 1773; x_wconf 82' lang='lat' dir='ltr'>apud</span> <span class='ocrx_word' id='word_1_490' title='bbox 612 1744 753 1767; x_wconf 83' lang='lat' dir='ltr'>Ciceronem</span> <span class='ocrx_word' id='word_1_491' title='bbox 759 1742 822 1766; x_wconf 89' lang='lat' dir='ltr'>libro</span> <span class='ocrx_word' id='word_1_492' title='bbox 829 1745 859 1765; x_wconf 86' lang='lat' dir='ltr'>ll.</span> <span class='ocrx_word' id='word_1_493' title='bbox 866 1741 894 1766; x_wconf 87' lang='lat' dir='ltr'>de</span> <span class='ocrx_word' id='word_1_494' title='bbox 901 1739 993 1772; x_wconf 83' lang='lat' dir='ltr'>legibus</span> <span class='ocrx_word' id='word_1_495' title='bbox 999 1738 1110 1771; x_wconf 88' lang='lat' dir='ltr'>scriptum</span> <span class='ocrx_word' id='word_1_496' title='bbox 1116 1737 1155 1764; x_wconf 86' lang='lat' dir='ltr'>est,</span> <span class='ocrx_word' id='word_1_497' title='bbox 1164 1744 1190 1761; x_wconf 81' lang='lat' dir='ltr'>ut</span> 
     </span>
     <span class='ocr_line' id='line_1_53' title="bbox 416 1770 1190 1807; baseline -0.009 -8"><span class='ocrx_word' id='word_1_498' title='bbox 416 1783 529 1807; x_wconf 79' lang='lat' dir='ltr'>augurum</span> <span class='ocrx_word' id='word_1_499' title='bbox 538 1775 645 1798; x_wconf 82' lang='lat' dir='ltr'>arbitratu</span> <span class='ocrx_word' id='word_1_500' title='bbox 652 1775 786 1798; x_wconf 74' lang='lat' dir='ltr'>comitiatus</span> <span class='ocrx_word' id='word_1_501' title='bbox 792 1774 816 1797; x_wconf 63' lang='grc' dir='ltr'>ὅ(</span> <span class='ocrx_word' id='word_1_502' title='bbox 823 1773 923 1797; x_wconf 81' lang='lat' dir='ltr'>concilia</span> <span class='ocrx_word' id='word_1_503' title='bbox 930 1772 966 1795; x_wconf 88' lang='lat' dir='ltr'>vel</span> <span class='ocrx_word' id='word_1_504' title='bbox 978 1771 1081 1795; x_wconf 81' lang='lat' dir='ltr'>instituta</span> <span class='ocrx_word' id='word_1_505' title='bbox 1093 1770 1190 1793; x_wconf 84' lang='lat' dir='ltr'>dirime-</span> 
     </span>
     <span class='ocr_line' id='line_1_54' title="bbox 415 1800 1190 1836; baseline -0.01 -5"><span class='ocrx_word' id='word_1_506' title='bbox 415 1813 496 1831; x_wconf 78' lang='lat' dir='ltr'>rentur</span> <span class='ocrx_word' id='word_1_507' title='bbox 503 1824 509 1834; x_wconf 90' lang='lat'>,</span> <span class='ocrx_word' id='word_1_508' title='bbox 523 1807 559 1830; x_wconf 86' lang='lat' dir='ltr'>vel</span> <span class='ocrx_word' id='word_1_509' title='bbox 567 1806 642 1830; x_wconf 87' lang='lat' dir='ltr'>habita</span> <span class='ocrx_word' id='word_1_510' title='bbox 649 1805 840 1829; x_wconf 83' lang='lat' dir='ltr'>rescinderentur.</span> <span class='ocrx_word' id='word_1_511' title='bbox 858 1804 930 1836; x_wconf 84' lang='lat' dir='ltr'>Qod</span> <span class='ocrx_word' id='word_1_512' title='bbox 937 1809 1015 1827; x_wconf 78' lang='lat' dir='ltr'>autem</span> <span class='ocrx_word' id='word_1_513' title='bbox 1027 1803 1053 1825; x_wconf 89' lang='lat' dir='ltr'>in</span> <span class='ocrx_word' id='word_1_514' title='bbox 1060 1800 1190 1825; x_wconf 81' lang='lat' dir='ltr'>eorundem</span> 
     </span>
     <span class='ocr_line' id='line_1_55' title="bbox 418 1834 1191 1870; baseline -0.009 -8"><span class='ocrx_word' id='word_1_515' title='bbox 418 1846 531 1870; x_wconf 85' lang='lat' dir='ltr'>augurum</span> <span class='ocrx_word' id='word_1_516' title='bbox 538 1838 716 1862; x_wconf 88' lang='lat' dir='ltr'>commentariis</span> <span class='ocrx_word' id='word_1_517' title='bbox 723 1836 834 1861; x_wconf 87' lang='lat' dir='ltr'>traditum</span> <span class='ocrx_word' id='word_1_518' title='bbox 841 1843 887 1860; x_wconf 88' lang='lat' dir='ltr'>erat</span> <span class='ocrx_word' id='word_1_519' title='bbox 896 1852 902 1862; x_wconf 83' lang='lat'>,</span> <span class='ocrx_word' id='word_1_520' title='bbox 915 1836 974 1867; x_wconf 85' lang='lat' dir='ltr'>Jove</span> <span class='ocrx_word' id='word_1_521' title='bbox 982 1834 1086 1865; x_wconf 85' lang='lat' dir='ltr'>fulgente</span> <span class='ocrx_word' id='word_1_522' title='bbox 1095 1838 1191 1856; x_wconf 87' lang='lat' dir='ltr'>tonante</span> 
     </span>
     <span class='ocr_line' id='line_1_56' title="bbox 417 1862 1189 1894; baseline -0.01 0"><span class='ocrx_word' id='word_1_523' title='bbox 417 1871 513 1894; x_wconf 85' lang='lat' dir='ltr'>comitia</span> <span class='ocrx_word' id='word_1_524' title='bbox 521 1870 598 1894; x_wconf 84' lang='lat' dir='ltr'>haberi</span> <span class='ocrx_word' id='word_1_525' title='bbox 607 1867 732 1893; x_wconf 83' lang='lat' dir='ltr'>nefasess&#39;e:</span> <span class='ocrx_word' id='word_1_526' title='bbox 746 1867 836 1892; x_wconf 84' lang='lat' dir='ltr'>&amp;illud</span> <span class='ocrx_word' id='word_1_527' title='bbox 844 1866 959 1891; x_wconf 77' lang='lat' dir='ltr'>sinistrum</span> <span class='ocrx_word' id='word_1_528' title='bbox 965 1865 1057 1889; x_wconf 84' lang='lat' dir='ltr'>fulmen</span> <span class='ocrx_word' id='word_1_529' title='bbox 1069 1862 1189 1888; x_wconf 84' lang='lat' dir='ltr'>adversum</span> 
     </span>
     <span class='ocr_line' id='line_1_57' title="bbox 416 1894 1188 1933; baseline -0.009 -8"><span class='ocrx_word' id='word_1_530' title='bbox 416 1901 588 1933; x_wconf 83' lang='lat' dir='ltr'>infaustumque</span> <span class='ocrx_word' id='word_1_531' title='bbox 595 1901 701 1925; x_wconf 87' lang='lat' dir='ltr'>comitiis</span> <span class='ocrx_word' id='word_1_532' title='bbox 713 1898 757 1924; x_wconf 79' lang='lat' dir='ltr'>eise</span> <span class='ocrx_word' id='word_1_533' title='bbox 769 1899 874 1931; x_wconf 80' lang='lat' dir='ltr'>lignum:</span> <span class='ocrx_word' id='word_1_534' title='bbox 893 1899 952 1922; x_wconf 88' lang='lat' dir='ltr'>item</span> <span class='ocrx_word' id='word_1_535' title='bbox 960 1896 1019 1921; x_wconf 91' lang='lat' dir='ltr'>illud</span> <span class='ocrx_word' id='word_1_536' title='bbox 1028 1914 1034 1924; x_wconf 90' lang='lat'>,</span> <span class='ocrx_word' id='word_1_537' title='bbox 1047 1894 1188 1920; x_wconf 89' lang='lat' dir='ltr'>dimittenda</span> 
     </span>
     <span class='ocr_line' id='line_1_58' title="bbox 415 1926 1191 1965; baseline -0.009 -9"><span class='ocrx_word' id='word_1_538' title='bbox 415 1933 460 1958; x_wconf 81' lang='lat' dir='ltr'>esse</span> <span class='ocrx_word' id='word_1_539' title='bbox 467 1933 564 1957; x_wconf 83' lang='lat' dir='ltr'>comitia</span> <span class='ocrx_word' id='word_1_540' title='bbox 571 1951 577 1961; x_wconf 89' lang='lat'>,</span> <span class='ocrx_word' id='word_1_541' title='bbox 594 1941 648 1957; x_wconf 89' lang='lat' dir='ltr'>cum</span> <span class='ocrx_word' id='word_1_542' title='bbox 655 1933 708 1965; x_wconf 88' lang='lat' dir='ltr'>quis</span> <span class='ocrx_word' id='word_1_543' title='bbox 715 1939 744 1956; x_wconf 89' lang='lat' dir='ltr'>eo</span> <span class='ocrx_word' id='word_1_544' title='bbox 752 1930 838 1955; x_wconf 91' lang='lat' dir='ltr'>morbo</span> <span class='ocrx_word' id='word_1_545' title='bbox 846 1947 852 1958; x_wconf 93' lang='lat'>,</span> <span class='ocrx_word' id='word_1_546' title='bbox 859 1931 901 1962; x_wconf 92' lang='lat' dir='ltr'>qui</span> <span class='ocrx_word' id='word_1_547' title='bbox 914 1928 1050 1960; x_wconf 83' lang='lat' dir='ltr'>insputatur,</span> <span class='ocrx_word' id='word_1_548' title='bbox 1056 1926 1177 1951; x_wconf 74' lang='lat' dir='ltr'>corruiss&#39;et</span> <span class='ocrx_word' id='word_1_549' title='bbox 1184 1944 1191 1954; x_wconf 95' lang='lat'>,</span> 
     </span>
     <span class='ocr_line' id='line_1_59' title="bbox 417 1960 1190 1996; baseline -0.009 -8"><span class='ocrx_word' id='word_1_550' title='bbox 417 1972 446 1988; x_wconf 81' lang='lat' dir='ltr'>ex</span> <span class='ocrx_word' id='word_1_551' title='bbox 454 1972 501 1996; x_wconf 85' lang='lat' dir='ltr'>quo</span> <span class='ocrx_word' id='word_1_552' title='bbox 508 1966 623 1988; x_wconf 71' lang='lat' dir='ltr'>comitialis</span> <span class='ocrx_word' id='word_1_553' title='bbox 630 1964 716 1988; x_wconf 72' lang='lat' dir='ltr'>morbus</span> <span class='ocrx_word' id='word_1_554' title='bbox 729 1963 805 1987; x_wconf 62' lang='lat' dir='ltr'>dietus</span> <span class='ocrx_word' id='word_1_555' title='bbox 811 1963 855 1986; x_wconf 88' lang='lat' dir='ltr'>est:</span> <span class='ocrx_word' id='word_1_556' title='bbox 872 1962 917 1985; x_wconf 71' lang='lat' dir='ltr'>haec</span> <span class='ocrx_word' id='word_1_557' title='bbox 925 1962 1006 1984; x_wconf 86' lang='lat' dir='ltr'>omnia</span> <span class='ocrx_word' id='word_1_558' title='bbox 1013 1960 1069 1983; x_wconf 88' lang='lat' dir='ltr'>&amp;in</span> <span class='ocrx_word' id='word_1_559' title='bbox 1076 1965 1190 1990; x_wconf 83' lang='lat' dir='ltr'>augurum</span> 
     </span>
     <span class='ocr_line' id='line_1_60' title="bbox 417 1989 1192 2025; baseline -0.009 -5"><span class='ocrx_word' id='word_1_560' title='bbox 417 1996 483 2020; x_wconf 84' lang='lat' dir='ltr'>libris</span> <span class='ocrx_word' id='word_1_561' title='bbox 491 2003 575 2024; x_wconf 85' lang='lat' dir='ltr'>notata,</span> <span class='ocrx_word' id='word_1_562' title='bbox 582 1997 615 2023; x_wconf 85' lang='lat'>&amp;,</span> <span class='ocrx_word' id='word_1_563' title='bbox 623 2003 648 2020; x_wconf 90' lang='lat' dir='ltr'>ut</span> <span class='ocrx_word' id='word_1_564' title='bbox 654 1995 803 2021; x_wconf 77' lang='lat' dir='ltr'>servarentur,</span> <span class='ocrx_word' id='word_1_565' title='bbox 811 1993 1000 2025; x_wconf 87' lang='lat' dir='ltr'>legibuscautum</span> <span class='ocrx_word' id='word_1_566' title='bbox 1006 1990 1058 2019; x_wconf 83' lang='lat' dir='ltr'>esse,</span> <span class='ocrx_word' id='word_1_567' title='bbox 1067 1998 1116 2014; x_wconf 92' lang='lat' dir='ltr'>non</span> <span class='ocrx_word' id='word_1_568' title='bbox 1124 1989 1192 2014; x_wconf 87' lang='lat' dir='ltr'>dubi-</span> 
     </span>
     <span class='ocr_line' id='line_1_61' title="bbox 418 2024 1191 2059; baseline -0.006 -9"><span class='ocrx_word' id='word_1_569' title='bbox 418 2034 452 2051; x_wconf 86' lang='lat' dir='ltr'>to.</span> <span class='ocrx_word' id='word_1_570' title='bbox 469 2030 547 2059; x_wconf 84' lang='lat' dir='ltr'>Atque</span> <span class='ocrx_word' id='word_1_571' title='bbox 554 2028 601 2051; x_wconf 80' lang='lat' dir='ltr'>lraec</span> <span class='ocrx_word' id='word_1_572' title='bbox 609 2044 615 2055; x_wconf 88' lang='lat'>,</span> <span class='ocrx_word' id='word_1_573' title='bbox 630 2036 680 2059; x_wconf 75' lang='lat' dir='ltr'>quae</span> <span class='ocrx_word' id='word_1_574' title='bbox 694 2027 720 2050; x_wconf 89' lang='lat' dir='ltr'>ad</span> <span class='ocrx_word' id='word_1_575' title='bbox 728 2025 879 2057; x_wconf 83' lang='lat' dir='ltr'>impedienda</span> <span class='ocrx_word' id='word_1_576' title='bbox 892 2024 989 2048; x_wconf 87' lang='lat' dir='ltr'>comitia</span> <span class='ocrx_word' id='word_1_577' title='bbox 996 2024 1115 2055; x_wconf 86' lang='lat' dir='ltr'>pertinent</span> <span class='ocrx_word' id='word_1_578' title='bbox 1122 2039 1128 2049; x_wconf 88' lang='lat'>,</span> <span class='ocrx_word' id='word_1_579' title='bbox 1142 2029 1191 2045; x_wconf 90' lang='lat' dir='ltr'>non</span> 
     </span>
     <span class='ocr_line' id='line_1_62' title="bbox 419 2053 1191 2090; baseline -0.009 -7"><span class='ocrx_word' id='word_1_580' title='bbox 419 2065 466 2082; x_wconf 75' lang='lat' dir='ltr'>tam</span> <span class='ocrx_word' id='word_1_581' title='bbox 474 2060 596 2090; x_wconf 76' lang='lat' dir='ltr'>religionis</span> <span class='ocrx_word' id='word_1_582' title='bbox 602 2059 671 2083; x_wconf 81' lang='lat' dir='ltr'>caussa</span> <span class='ocrx_word' id='word_1_583' title='bbox 679 2076 685 2087; x_wconf 93' lang='lat'>,</span> <span class='ocrx_word' id='word_1_584' title='bbox 700 2059 811 2083; x_wconf 86' lang='lat' dir='ltr'>homines</span> <span class='ocrx_word' id='word_1_585' title='bbox 818 2055 977 2089; x_wconf 81' lang='lat' dir='ltr'>sapientiffimi</span> <span class='ocrx_word' id='word_1_586' title='bbox 983 2054 1074 2087; x_wconf 84' lang='lat' dir='ltr'>legibus</span> <span class='ocrx_word' id='word_1_587' title='bbox 1080 2053 1191 2078; x_wconf 85' lang='lat' dir='ltr'>constitui</span> 
     </span>
     <span class='ocr_line' id='line_1_63' title="bbox 419 2080 1192 2122; baseline -0.005 -10"><span class='ocrx_word' id='word_1_588' title='bbox 419 2091 544 2114; x_wconf 76' lang='lat' dir='ltr'>volucrunt</span> <span class='ocrx_word' id='word_1_589' title='bbox 552 2107 557 2116; x_wconf 84' lang='lat'>,</span> <span class='ocrx_word' id='word_1_590' title='bbox 567 2098 639 2122; x_wconf 88' lang='lat' dir='ltr'>quam</span> <span class='ocrx_word' id='word_1_591' title='bbox 646 2097 678 2117; x_wconf 83' lang='lat' dir='ltr'>ut,</span> <span class='ocrx_word' id='word_1_592' title='bbox 687 2090 704 2114; x_wconf 86' lang='lat' dir='ltr'>si</span> <span class='ocrx_word' id='word_1_593' title='bbox 711 2090 807 2122; x_wconf 87' lang='lat' dir='ltr'>quando</span> <span class='ocrx_word' id='word_1_594' title='bbox 814 2087 943 2121; x_wconf 79' lang='lat' dir='ltr'>perniciosa</span> <span class='ocrx_word' id='word_1_595' title='bbox 952 2087 1093 2118; x_wconf 82' lang='lat' dir='ltr'>Reipublica:</span> <span class='ocrx_word' id='word_1_596' title='bbox 1102 2080 1192 2117; x_wconf 75' lang='lat' dir='ltr'>ro&#39;gatio</span> 
     </span>
     <span class='ocr_line' id='line_1_64' title="bbox 418 2117 1193 2154; baseline -0.006 -10"><span class='ocrx_word' id='word_1_597' title='bbox 418 2121 514 2145; x_wconf 80' lang='lat' dir='ltr'>ferretur</span> <span class='ocrx_word' id='word_1_598' title='bbox 523 2139 529 2148; x_wconf 93' lang='lat'>,</span> <span class='ocrx_word' id='word_1_599' title='bbox 542 2122 619 2145; x_wconf 80' lang='lat' dir='ltr'>obfisti</span> <span class='ocrx_word' id='word_1_600' title='bbox 627 2130 667 2154; x_wconf 88' lang='lat' dir='ltr'>per</span> <span class='ocrx_word' id='word_1_601' title='bbox 673 2122 776 2153; x_wconf 85' lang='lat' dir='ltr'>aliquem</span> <span class='ocrx_word' id='word_1_602' title='bbox 784 2128 894 2152; x_wconf 79' lang='lat' dir='ltr'>augurem</span> <span class='ocrx_word' id='word_1_603' title='bbox 903 2119 968 2143; x_wconf 87' lang='lat' dir='ltr'>facile</span> <span class='ocrx_word' id='word_1_604' title='bbox 974 2117 1056 2150; x_wconf 71' lang='lat' dir='ltr'>posset.</span> <span class='ocrx_word' id='word_1_605' title='bbox 1074 2125 1145 2149; x_wconf 87' lang='lat' dir='ltr'>quam</span> <span class='ocrx_word' id='word_1_606' title='bbox 1156 2123 1193 2140; x_wconf 92' lang='lat' dir='ltr'>to-</span> 
     </span>
     <span class='ocr_line' id='line_1_65' title="bbox 418 2148 1193 2185; baseline -0.006 -9"><span class='ocrx_word' id='word_1_607' title='bbox 418 2160 465 2176; x_wconf 85' lang='lat' dir='ltr'>tam</span> <span class='ocrx_word' id='word_1_608' title='bbox 474 2153 588 2177; x_wconf 86' lang='lat' dir='ltr'>rationem</span> <span class='ocrx_word' id='word_1_609' title='bbox 596 2156 625 2177; x_wconf 89' lang='lat' dir='ltr'>C.</span> <span class='ocrx_word' id='word_1_610' title='bbox 634 2153 706 2177; x_wconf 69' lang='lat' dir='ltr'>star</span> <span class='ocrx_word' id='word_1_611' title='bbox 715 2171 721 2181; x_wconf 93' lang='lat'>,</span> <span class='ocrx_word' id='word_1_612' title='bbox 729 2154 771 2185; x_wconf 86' lang='lat' dir='ltr'>qui</span> <span class='ocrx_word' id='word_1_613' title='bbox 778 2153 839 2176; x_wconf 88' lang='lat' dir='ltr'>nihil</span> <span class='ocrx_word' id='word_1_614' title='bbox 847 2169 853 2180; x_wconf 91' lang='lat'>,</span> <span class='ocrx_word' id='word_1_615' title='bbox 861 2151 902 2176; x_wconf 79' lang='lat' dir='ltr'>nili</span> <span class='ocrx_word' id='word_1_616' title='bbox 909 2152 1018 2182; x_wconf 76' lang='lat' dir='ltr'>potentiae</span> <span class='ocrx_word' id='word_1_617' title='bbox 1025 2148 1067 2173; x_wconf 80' lang='lat' dir='ltr'>snae</span> <span class='ocrx_word' id='word_1_618' title='bbox 1073 2148 1152 2175; x_wconf 83' lang='lat' dir='ltr'>cauffa,</span> <span class='ocrx_word' id='word_1_619' title='bbox 1159 2148 1193 2172; x_wconf 89' lang='lat' dir='ltr'>fe-</span> 
     </span>
     <span class='ocr_line' id='line_1_66' title="bbox 419 2180 1195 2216; baseline -0.006 -8"><span class='ocrx_word' id='word_1_620' title='bbox 419 2185 466 2211; x_wconf 87' lang='lat' dir='ltr'>cit,</span> <span class='ocrx_word' id='word_1_621' title='bbox 476 2185 499 2207; x_wconf 91' lang='lat' dir='ltr'>in</span> <span class='ocrx_word' id='word_1_622' title='bbox 507 2185 624 2208; x_wconf 77' lang='lat' dir='ltr'>consulatu</span> <span class='ocrx_word' id='word_1_623' title='bbox 632 2186 734 2216; x_wconf 81' lang='lat' dir='ltr'>neglexit</span> <span class='ocrx_word' id='word_1_624' title='bbox 742 2203 748 2213; x_wconf 88' lang='lat'>‚</span> <span class='ocrx_word' id='word_1_625' title='bbox 763 2184 922 2215; x_wconf 80' lang='lat' dir='ltr'>Bibulumque</span> <span class='ocrx_word' id='word_1_626' title='bbox 928 2183 1043 2213; x_wconf 79' lang='lat' dir='ltr'>collegam</span> <span class='ocrx_word' id='word_1_627' title='bbox 1050 2180 1195 2205; x_wconf 86' lang='lat' dir='ltr'>obnuncian—</span> 
     </span>
     <span class='ocr_line' id='line_1_67' title="bbox 420 2213 1194 2247; baseline -0.005 -8"><span class='ocrx_word' id='word_1_628' title='bbox 420 2222 470 2239; x_wconf 89' lang='lat' dir='ltr'>tem</span> <span class='ocrx_word' id='word_1_629' title='bbox 477 2216 546 2239; x_wconf 87' lang='lat' dir='ltr'>armis</span> <span class='ocrx_word' id='word_1_630' title='bbox 553 2215 605 2238; x_wconf 88' lang='lat' dir='ltr'>foro</span> <span class='ocrx_word' id='word_1_631' title='bbox 612 2218 711 2247; x_wconf 81' lang='lat' dir='ltr'>expulit.</span> <span class='ocrx_word' id='word_1_632' title='bbox 727 2217 841 2240; x_wconf 82' lang='lat' dir='ltr'>Pertinere</span> <span class='ocrx_word' id='word_1_633' title='bbox 848 2215 938 2239; x_wconf 77' lang='lat' dir='ltr'>&amp;illud</span> <span class='ocrx_word' id='word_1_634' title='bbox 946 2214 972 2237; x_wconf 91' lang='lat' dir='ltr'>ad</span> <span class='ocrx_word' id='word_1_635' title='bbox 980 2216 1030 2237; x_wconf 88' lang='lat' dir='ltr'>vim</span> <span class='ocrx_word' id='word_1_636' title='bbox 1037 2213 1194 2237; x_wconf 89' lang='lat' dir='ltr'>comitiorum</span> 
     </span>
     <span class='ocr_line' id='line_1_68' title="bbox 422 2243 1191 2278; baseline -0.008 -5"><span class='ocrx_word' id='word_1_637' title='bbox 422 2249 521 2274; x_wconf 74' lang='lat' dir='ltr'>videtur,</span> <span class='ocrx_word' id='word_1_638' title='bbox 528 2246 593 2278; x_wconf 89' lang='lat' dir='ltr'>quod</span> <span class='ocrx_word' id='word_1_639' title='bbox 601 2248 624 2269; x_wconf 89' lang='lat' dir='ltr'>in</span> <span class='ocrx_word' id='word_1_640' title='bbox 634 2250 680 2271; x_wconf 77' lang='grc' dir='ltr'>ΧΗ.</span> <span class='ocrx_word' id='word_1_641' title='bbox 688 2247 757 2271; x_wconf 70' lang='lat' dir='ltr'>zabul.</span> <span class='ocrx_word' id='word_1_642' title='bbox 766 2254 860 2272; x_wconf 83' lang='lat' dir='ltr'>cautum</span> <span class='ocrx_word' id='word_1_643' title='bbox 868 2247 966 2271; x_wconf 81' lang='lat' dir='ltr'>invenio</span> <span class='ocrx_word' id='word_1_644' title='bbox 973 2263 980 2273; x_wconf 85' lang='lat'>,</span> <span class='ocrx_word' id='word_1_645' title='bbox 987 2252 1013 2269; x_wconf 88' lang='lat' dir='ltr'>ut</span> <span class='ocrx_word' id='word_1_646' title='bbox 1022 2262 1028 2272; x_wconf 92' lang='lat'>,</span> <span class='ocrx_word' id='word_1_647' title='bbox 1035 2245 1100 2276; x_wconf 83' lang='lat' dir='ltr'>quod</span> <span class='ocrx_word' id='word_1_648' title='bbox 1109 2243 1191 2276; x_wconf 76' lang='lat' dir='ltr'>postre-</span> 
     </span>
     <span class='ocr_line' id='line_1_69' title="bbox 421 2276 1192 2310; baseline -0.006 -7"><span class='ocrx_word' id='word_1_649' title='bbox 421 2286 490 2303; x_wconf 90' lang='lat' dir='ltr'>mum</span> <span class='ocrx_word' id='word_1_650' title='bbox 498 2277 707 2310; x_wconf 81' lang='lat' dir='ltr'>populusjuffiffet,</span> <span class='ocrx_word' id='word_1_651' title='bbox 728 2280 751 2303; x_wconf 89' lang='lat' dir='ltr'>id</span> <span class='ocrx_word' id='word_1_652' title='bbox 759 2280 793 2308; x_wconf 86' lang='lat' dir='ltr'>jus</span> <span class='ocrx_word' id='word_1_653' title='bbox 800 2286 874 2303; x_wconf 83' lang='lat' dir='ltr'>ratum</span> <span class='ocrx_word' id='word_1_654' title='bbox 881 2277 943 2302; x_wconf 79' lang='lat' dir='ltr'>esset.</span> <span class='ocrx_word' id='word_1_655' title='bbox 958 2280 1018 2301; x_wconf 89' lang='lat' dir='ltr'>Item</span> <span class='ocrx_word' id='word_1_656' title='bbox 1031 2278 1069 2300; x_wconf 86' lang='lat' dir='ltr'>lex</span> <span class='ocrx_word' id='word_1_657' title='bbox 1078 2276 1116 2299; x_wconf 91' lang='lat' dir='ltr'>illa</span> <span class='ocrx_word' id='word_1_658' title='bbox 1125 2293 1132 2304; x_wconf 86' lang='lat'>‚</span> <span class='ocrx_word' id='word_1_659' title='bbox 1149 2283 1192 2308; x_wconf 88' lang='lat' dir='ltr'>qua</span> 
     </span>
     <span class='ocr_line' id='line_1_70' title="bbox 421 2309 1191 2341; baseline -0.005 -7"><span class='ocrx_word' id='word_1_660' title='bbox 421 2317 514 2334; x_wconf 85' lang='lat' dir='ltr'>cautum</span> <span class='ocrx_word' id='word_1_661' title='bbox 522 2309 554 2334; x_wconf 75' lang='lat' dir='ltr'>cst</span> <span class='ocrx_word' id='word_1_662' title='bbox 561 2327 567 2337; x_wconf 93' lang='lat'>,</span> <span class='ocrx_word' id='word_1_663' title='bbox 574 2316 604 2333; x_wconf 90' lang='lat' dir='ltr'>ne</span> <span class='ocrx_word' id='word_1_664' title='bbox 611 2310 731 2341; x_wconf 77' lang='lat' dir='ltr'>privilegia</span> <span class='ocrx_word' id='word_1_665' title='bbox 740 2328 745 2337; x_wconf 91' lang='lat'>,</span> <span class='ocrx_word' id='word_1_666' title='bbox 754 2311 796 2334; x_wconf 76' lang='lat' dir='ltr'>nili</span> <span class='ocrx_word' id='word_1_667' title='bbox 803 2311 936 2334; x_wconf 84' lang='lat' dir='ltr'>centuriatis</span> <span class='ocrx_word' id='word_1_668' title='bbox 942 2309 1056 2335; x_wconf 82' lang='lat' dir='ltr'>comitiis,</span> <span class='ocrx_word' id='word_1_669' title='bbox 1065 2309 1191 2339; x_wconf 82' lang='lat' dir='ltr'>irrogaren-</span> 
     </span>
     <span class='ocr_line' id='line_1_71' title="bbox 420 2340 1191 2372; baseline -0.005 -6"><span class='ocrx_word' id='word_1_670' title='bbox 420 2349 465 2366; x_wconf 69' lang='lat' dir='ltr'>tur.</span> <span class='ocrx_word' id='word_1_671' title='bbox 479 2343 542 2370; x_wconf 86' lang='lat' dir='ltr'>cujus</span> <span class='ocrx_word' id='word_1_672' title='bbox 551 2342 698 2365; x_wconf 85' lang='lat' dir='ltr'>mentionem</span> <span class='ocrx_word' id='word_1_673' title='bbox 707 2340 758 2364; x_wconf 85' lang='lat' dir='ltr'>facit</span> <span class='ocrx_word' id='word_1_674' title='bbox 766 2343 852 2365; x_wconf 85' lang='lat' dir='ltr'>Cicero</span> <span class='ocrx_word' id='word_1_675' title='bbox 860 2343 884 2365; x_wconf 91' lang='lat' dir='ltr'>in</span> <span class='ocrx_word' id='word_1_676' title='bbox 892 2342 999 2365; x_wconf 82' lang='lat' dir='ltr'>oratione</span> <span class='ocrx_word' id='word_1_677' title='bbox 1012 2347 1054 2372; x_wconf 86' lang='lat' dir='ltr'>pro</span> <span class='ocrx_word' id='word_1_678' title='bbox 1062 2340 1138 2363; x_wconf 87' lang='lat' dir='ltr'>domo</span> <span class='ocrx_word' id='word_1_679' title='bbox 1146 2356 1152 2365; x_wconf 89' lang='lat'><strong><em>‚</em></strong></span> <span class='ocrx_word' id='word_1_680' title='bbox 1168 2340 1191 2362; x_wconf 65' lang='grc' dir='ltr'>ὅ(</span> 
     </span>
     <span class='ocr_line' id='line_1_72' title="bbox 421 2370 1192 2405; baseline -0.006 -6"><span class='ocrx_word' id='word_1_681' title='bbox 421 2373 445 2399; x_wconf 72' lang='lat' dir='ltr'>in</span> <span class='ocrx_word' id='word_1_682' title='bbox 453 2381 477 2398; x_wconf 69' lang='lat' dir='ltr'>ea</span> <span class='ocrx_word' id='word_1_683' title='bbox 483 2380 526 2405; x_wconf 84' lang='lat' dir='ltr'>pro</span> <span class='ocrx_word' id='word_1_684' title='bbox 534 2373 621 2402; x_wconf 78' lang='lat' dir='ltr'>sextio,</span> <span class='ocrx_word' id='word_1_685' title='bbox 629 2372 721 2398; x_wconf 83' lang='lat' dir='ltr'>&amp;libro</span> <span class='ocrx_word' id='word_1_686' title='bbox 727 2375 764 2398; x_wconf 71' lang='lat' dir='ltr'>ul.</span> <span class='ocrx_word' id='word_1_687' title='bbox 774 2373 803 2397; x_wconf 88' lang='lat' dir='ltr'>de</span> <span class='ocrx_word' id='word_1_688' title='bbox 809 2373 907 2404; x_wconf 75' lang='lat' dir='ltr'>legibus.</span> <span class='ocrx_word' id='word_1_689' title='bbox 919 2375 969 2398; x_wconf 83' lang='lat' dir='ltr'>Nec</span> <span class='ocrx_word' id='word_1_690' title='bbox 976 2371 1108 2398; x_wconf 78' lang='lat' dir='ltr'>excluditur</span> <span class='ocrx_word' id='word_1_691' title='bbox 1114 2370 1140 2395; x_wconf 88' lang='lat' dir='ltr'>ab</span> <span class='ocrx_word' id='word_1_692' title='bbox 1147 2370 1192 2395; x_wconf 87' lang='lat' dir='ltr'>hoc</span> 
     </span>
    </p>
   </div>
   <div class='ocr_carea' id='block_1_2' title="bbox 661 157 1174 192">
    <p class='ocr_par' dir='ltr' id='par_1_2' title="bbox 661 157 1174 192">
     <span class='ocr_line' id='line_1_73' title="bbox 661 157 1174 192; baseline -0.016 -3"><span class='ocrx_word' id='word_1_693' title='bbox 661 164 686 188; x_wconf 87' lang='lat' dir='ltr'>ui</span> <span class='ocrx_word' id='word_1_694' title='bbox 692 161 717 188; x_wconf 89' lang='lat' dir='ltr'>in</span> <span class='ocrx_word' id='word_1_695' title='bbox 725 162 838 188; x_wconf 81' lang='lat' dir='ltr'>omnibus</span> <span class='ocrx_word' id='word_1_696' title='bbox 843 158 922 185; x_wconf 76' lang='lat' dir='ltr'>caustis</span> <span class='ocrx_word' id='word_1_697' title='bbox 928 166 1030 192; x_wconf 78' lang='lat' dir='ltr'>quaerete</span> <span class='ocrx_word' id='word_1_698' title='bbox 1037 157 1131 186; x_wconf 83' lang='lat' dir='ltr'>solebat,</span> <span class='ocrx_word' id='word_1_699' title='bbox 1137 159 1174 181; x_wconf 80' lang='lat' dir='ltr'>cui</span> 
     </span>
    </p>
   </div>
   <div class='ocr_carea' id='block_1_3' title="bbox 945 104 1407 137">
    <p class='ocr_par' dir='ltr' id='par_1_3' title="bbox 945 104 1407 137">
     <span class='ocr_line' id='line_1_74' title="bbox 945 104 1407 137; baseline -0.004 0"><span class='ocrx_word' id='word_1_700' title='bbox 945 104 1112 137; x_wconf 63' lang='lat' dir='ltr'>Pauri</span> <span class='ocrx_word' id='word_1_701' title='bbox 1157 106 1407 135; x_wconf 69' lang='lat' dir='ltr'>Manui-11</span> 
     </span>
    </p>
   </div>
   <div class='ocr_carea' id='block_1_4' title="bbox 1194 152 1984 632">
    <p class='ocr_par' dir='ltr' id='par_1_4' title="bbox 1201 152 1982 346">
     <span class='ocr_line' id='line_1_75' title="bbox 1201 152 1979 189; baseline 0.004 -8"><span class='ocrx_word' id='word_1_702' title='bbox 1201 163 1286 189; x_wconf 84' lang='lat' dir='ltr'>genere</span> <span class='ocrx_word' id='word_1_703' title='bbox 1293 156 1332 180; x_wconf 85' lang='lat' dir='ltr'>illa</span> <span class='ocrx_word' id='word_1_704' title='bbox 1339 155 1376 180; x_wconf 86' lang='lat' dir='ltr'>lex</span> <span class='ocrx_word' id='word_1_705' title='bbox 1385 172 1392 183; x_wconf 94' lang='lat'>,</span> <span class='ocrx_word' id='word_1_706' title='bbox 1399 154 1470 186; x_wconf 75' lang='lat' dir='ltr'>quana</span> <span class='ocrx_word' id='word_1_707' title='bbox 1476 152 1589 179; x_wconf 82' lang='lat' dir='ltr'>renovare</span> <span class='ocrx_word' id='word_1_708' title='bbox 1594 152 1676 178; x_wconf 74' lang='lat' dir='ltr'>inultis</span> <span class='ocrx_word' id='word_1_709' title='bbox 1682 152 1733 186; x_wconf 84' lang='lat' dir='ltr'>post</span> <span class='ocrx_word' id='word_1_710' title='bbox 1740 153 1804 178; x_wconf 82' lang='lat' dir='ltr'>annia</span> <span class='ocrx_word' id='word_1_711' title='bbox 1817 157 1844 180; x_wconf 87' lang='lat' dir='ltr'>c.</span> <span class='ocrx_word' id='word_1_712' title='bbox 1852 158 1979 184; x_wconf 71' lang='lat' dir='ltr'>cornelius</span> 
     </span>
     <span class='ocr_line' id='line_1_76' title="bbox 1201 185 1975 221; baseline 0.003 -9"><span class='ocrx_word' id='word_1_713' title='bbox 1201 189 1309 212; x_wconf 84' lang='lat' dir='ltr'>tribunus</span> <span class='ocrx_word' id='word_1_714' title='bbox 1316 187 1391 219; x_wconf 84' lang='lat' dir='ltr'>plebis</span> <span class='ocrx_word' id='word_1_715' title='bbox 1398 194 1471 218; x_wconf 88' lang='lat' dir='ltr'>quem</span> <span class='ocrx_word' id='word_1_716' title='bbox 1478 187 1563 210; x_wconf 90' lang='lat' dir='ltr'>Cicero</span> <span class='ocrx_word' id='word_1_717' title='bbox 1570 185 1677 210; x_wconf 87' lang='lat' dir='ltr'>defendit</span> <span class='ocrx_word' id='word_1_718' title='bbox 1684 202 1690 213; x_wconf 88' lang='lat'><strong>‚</strong></span> <span class='ocrx_word' id='word_1_719' title='bbox 1706 193 1801 210; x_wconf 86' lang='lat' dir='ltr'>conatus</span> <span class='ocrx_word' id='word_1_720' title='bbox 1808 186 1840 210; x_wconf 84' lang='lat' dir='ltr'>est</span> <span class='ocrx_word' id='word_1_721' title='bbox 1848 204 1854 214; x_wconf 90' lang='lat'><em>‚</em></span> <span class='ocrx_word' id='word_1_722' title='bbox 1869 196 1900 212; x_wconf 87' lang='lat' dir='ltr'>ne</span> <span class='ocrx_word' id='word_1_723' title='bbox 1907 191 1959 221; x_wconf 84' lang='lat' dir='ltr'>quis</span> <span class='ocrx_word' id='word_1_724' title='bbox 1967 208 1975 219; x_wconf 87' lang='lat'>,</span> 
     </span>
     <span class='ocr_line' id='line_1_77' title="bbox 1202 216 1978 252; baseline 0.001 -8"><span class='ocrx_word' id='word_1_725' title='bbox 1202 219 1245 244; x_wconf 81' lang='lat' dir='ltr'>nili</span> <span class='ocrx_word' id='word_1_726' title='bbox 1253 227 1292 252; x_wconf 85' lang='lat' dir='ltr'>per</span> <span class='ocrx_word' id='word_1_727' title='bbox 1300 220 1415 251; x_wconf 85' lang='lat' dir='ltr'>populum</span> <span class='ocrx_word' id='word_1_728' title='bbox 1424 235 1430 246; x_wconf 89' lang='lat'>,</span> <span class='ocrx_word' id='word_1_729' title='bbox 1438 218 1529 249; x_wconf 85' lang='lat' dir='ltr'>legibus</span> <span class='ocrx_word' id='word_1_730' title='bbox 1537 216 1673 242; x_wconf 85' lang='lat' dir='ltr'>solveretur.</span> <span class='ocrx_word' id='word_1_731' title='bbox 1681 218 1759 249; x_wconf 86' lang='lat' dir='ltr'>itaque</span> <span class='ocrx_word' id='word_1_732' title='bbox 1767 219 1791 242; x_wconf 89' lang='lat' dir='ltr'>in</span> <span class='ocrx_word' id='word_1_733' title='bbox 1799 220 1910 244; x_wconf 81' lang='lat' dir='ltr'>omnibus</span> <span class='ocrx_word' id='word_1_734' title='bbox 1917 224 1938 245; x_wconf 87' lang='lat' dir='ltr'>S.</span> <span class='ocrx_word' id='word_1_735' title='bbox 1947 224 1978 248; x_wconf 89' lang='lat' dir='ltr'>C.</span> 
     </span>
     <span class='ocr_line' id='line_1_78' title="bbox 1202 249 1978 283; baseline 0.003 -8"><span class='ocrx_word' id='word_1_736' title='bbox 1202 252 1288 283; x_wconf 86' lang='lat' dir='ltr'>quibus</span> <span class='ocrx_word' id='word_1_737' title='bbox 1294 258 1346 275; x_wconf 90' lang='lat' dir='ltr'>tum</span> <span class='ocrx_word' id='word_1_738' title='bbox 1353 252 1456 283; x_wconf 83' lang='lat' dir='ltr'>aliquem</span> <span class='ocrx_word' id='word_1_739' title='bbox 1464 249 1556 282; x_wconf 82' lang='lat' dir='ltr'>legibus</span> <span class='ocrx_word' id='word_1_740' title='bbox 1563 250 1622 273; x_wconf 89' lang='lat' dir='ltr'>solvi</span> <span class='ocrx_word' id='word_1_741' title='bbox 1628 249 1737 282; x_wconf 79' lang='lat' dir='ltr'>placebat,</span> <span class='ocrx_word' id='word_1_742' title='bbox 1745 250 1812 279; x_wconf 86' lang='lat' dir='ltr'>adjici</span> <span class='ocrx_word' id='word_1_743' title='bbox 1819 257 1865 274; x_wconf 86' lang='lat' dir='ltr'>erat</span> <span class='ocrx_word' id='word_1_744' title='bbox 1872 250 1978 282; x_wconf 72' lang='lat' dir='ltr'>solitum,</span> 
     </span>
     <span class='ocr_line' id='line_1_79' title="bbox 1204 281 1980 314; baseline 0.004 -8"><span class='ocrx_word' id='word_1_745' title='bbox 1204 290 1229 306; x_wconf 88' lang='lat' dir='ltr'>ut</span> <span class='ocrx_word' id='word_1_746' title='bbox 1242 283 1271 307; x_wconf 89' lang='lat' dir='ltr'>de</span> <span class='ocrx_word' id='word_1_747' title='bbox 1284 290 1309 306; x_wconf 86' lang='lat' dir='ltr'>ea</span> <span class='ocrx_word' id='word_1_748' title='bbox 1321 290 1347 306; x_wconf 86' lang='lat' dir='ltr'>re</span> <span class='ocrx_word' id='word_1_749' title='bbox 1359 283 1386 306; x_wconf 88' lang='lat' dir='ltr'>ad</span> <span class='ocrx_word' id='word_1_750' title='bbox 1401 283 1516 314; x_wconf 84' lang='lat' dir='ltr'>populum</span> <span class='ocrx_word' id='word_1_751' title='bbox 1529 281 1639 306; x_wconf 86' lang='lat' dir='ltr'>ferretur:</span> <span class='ocrx_word' id='word_1_752' title='bbox 1655 281 1692 305; x_wconf 91' lang='lat' dir='ltr'>sed</span> <span class='ocrx_word' id='word_1_753' title='bbox 1701 283 1811 313; x_wconf 82' lang='lat' dir='ltr'>paulatim</span> <span class='ocrx_word' id='word_1_754' title='bbox 1819 282 1980 309; x_wconf 83' lang='lat' dir='ltr'>ferridefitum</span> 
     </span>
     <span class='ocr_line' id='line_1_80' title="bbox 1204 313 1982 346; baseline -0.004 -8"><span class='ocrx_word' id='word_1_755' title='bbox 1204 314 1248 339; x_wconf 85' lang='lat' dir='ltr'>est:</span> <span class='ocrx_word' id='word_1_756' title='bbox 1259 314 1340 346; x_wconf 84' lang='lat' dir='ltr'>resque</span> <span class='ocrx_word' id='word_1_757' title='bbox 1348 315 1373 338; x_wconf 86' lang='lat' dir='ltr'>iu</span> <span class='ocrx_word' id='word_1_758' title='bbox 1380 321 1431 338; x_wconf 86' lang='lat' dir='ltr'>eam</span> <span class='ocrx_word' id='word_1_759' title='bbox 1437 314 1635 338; x_wconf 86' lang='lat' dir='ltr'>consuetudinem</span> <span class='ocrx_word' id='word_1_760' title='bbox 1642 315 1716 340; x_wconf 83' lang='lat' dir='ltr'>venit,</span> <span class='ocrx_word' id='word_1_761' title='bbox 1728 321 1752 337; x_wconf 87' lang='lat' dir='ltr'>ut</span> <span class='ocrx_word' id='word_1_762' title='bbox 1758 313 1879 345; x_wconf 78' lang='lat' dir='ltr'>postremo</span> <span class='ocrx_word' id='word_1_763' title='bbox 1887 323 1918 339; x_wconf 89' lang='lat' dir='ltr'>ne</span> <span class='ocrx_word' id='word_1_764' title='bbox 1925 317 1982 344; x_wconf 81' lang='lat' dir='ltr'>adii-</span> 
     </span>
    </p>

    <p class='ocr_par' dir='ltr' id='par_1_5' title="bbox 1194 329 1984 632">
     <span class='ocr_line' id='line_1_81' title="bbox 1194 329 1980 378; baseline 0.001 -8"><span class='ocrx_word' id='word_1_765' title='bbox 1194 329 1294 370; x_wconf 64' lang='lat' dir='ltr'>iceretut</span> <span class='ocrx_word' id='word_1_766' title='bbox 1307 346 1405 377; x_wconf 87' lang='lat' dir='ltr'>quidem</span> <span class='ocrx_word' id='word_1_767' title='bbox 1419 346 1443 369; x_wconf 91' lang='lat' dir='ltr'>in</span> <span class='ocrx_word' id='word_1_768' title='bbox 1456 349 1477 370; x_wconf 90' lang='lat' dir='ltr'>S.</span> <span class='ocrx_word' id='word_1_769' title='bbox 1487 348 1516 370; x_wconf 92' lang='lat' dir='ltr'>C.</span> <span class='ocrx_word' id='word_1_770' title='bbox 1527 346 1558 369; x_wconf 85' lang='lat' dir='ltr'>de</span> <span class='ocrx_word' id='word_1_771' title='bbox 1571 346 1694 377; x_wconf 84' lang='lat' dir='ltr'>rogatione</span> <span class='ocrx_word' id='word_1_772' title='bbox 1706 345 1733 368; x_wconf 86' lang='lat' dir='ltr'>ad</span> <span class='ocrx_word' id='word_1_773' title='bbox 1747 346 1862 378; x_wconf 87' lang='lat' dir='ltr'>populum</span> <span class='ocrx_word' id='word_1_774' title='bbox 1872 347 1980 371; x_wconf 81' lang='lat' dir='ltr'>ferenda:</span> 
     </span>
     <span class='ocr_line' id='line_1_82' title="bbox 1204 377 1981 410; baseline 0.001 -8"><span class='ocrx_word' id='word_1_775' title='bbox 1204 386 1277 410; x_wconf 85' lang='lat' dir='ltr'>eaque</span> <span class='ocrx_word' id='word_1_776' title='bbox 1283 378 1329 408; x_wconf 88' lang='lat' dir='ltr'>ipsa</span> <span class='ocrx_word' id='word_1_777' title='bbox 1336 379 1357 401; x_wconf 88' lang='lat' dir='ltr'>S.</span> <span class='ocrx_word' id='word_1_778' title='bbox 1364 379 1394 402; x_wconf 87' lang='lat' dir='ltr'>C.</span> <span class='ocrx_word' id='word_1_779' title='bbox 1402 384 1441 408; x_wconf 89' lang='lat' dir='ltr'>per</span> <span class='ocrx_word' id='word_1_780' title='bbox 1448 378 1558 409; x_wconf 85' lang='lat' dir='ltr'>pauculos</span> <span class='ocrx_word' id='word_1_781' title='bbox 1564 378 1694 401; x_wconf 86' lang='lat' dir='ltr'>admodum</span> <span class='ocrx_word' id='word_1_782' title='bbox 1702 377 1794 402; x_wconf 78' lang='lat' dir='ltr'>fiebant.</span> <span class='ocrx_word' id='word_1_783' title='bbox 1802 385 1873 409; x_wconf 90' lang='lat' dir='ltr'>quam</span> <span class='ocrx_word' id='word_1_784' title='bbox 1880 378 1912 402; x_wconf 86' lang='lat' dir='ltr'>ob</span> <span class='ocrx_word' id='word_1_785' title='bbox 1919 378 1981 403; x_wconf 89' lang='lat' dir='ltr'>caus-</span> 
     </span>
     <span class='ocr_line' id='line_1_83' title="bbox 1205 410 1983 441; baseline 0.003 -8"><span class='ocrx_word' id='word_1_786' title='bbox 1205 410 1252 434; x_wconf 86' lang='lat' dir='ltr'>sam</span> <span class='ocrx_word' id='word_1_787' title='bbox 1260 410 1348 433; x_wconf 80' lang='lat' dir='ltr'>fetente</span> <span class='ocrx_word' id='word_1_788' title='bbox 1354 410 1432 440; x_wconf 86' lang='lat' dir='ltr'>legem</span> <span class='ocrx_word' id='word_1_789' title='bbox 1440 410 1566 437; x_wconf 83' lang='lat' dir='ltr'>Cornelio,</span> <span class='ocrx_word' id='word_1_790' title='bbox 1574 416 1599 433; x_wconf 90' lang='lat' dir='ltr'>ut</span> <span class='ocrx_word' id='word_1_791' title='bbox 1606 410 1730 441; x_wconf 85' lang='lat' dir='ltr'>antiquum</span> <span class='ocrx_word' id='word_1_792' title='bbox 1737 410 1772 438; x_wconf 87' lang='lat' dir='ltr'>jus</span> <span class='ocrx_word' id='word_1_793' title='bbox 1778 416 1905 438; x_wconf 85' lang='lat' dir='ltr'>renovaret,</span> <span class='ocrx_word' id='word_1_794' title='bbox 1912 411 1983 435; x_wconf 84' lang='lat' dir='ltr'>indu-</span> 
     </span>
     <span class='ocr_line' id='line_1_84' title="bbox 1205 440 1982 473; baseline 0.003 -8"><span class='ocrx_word' id='word_1_795' title='bbox 1205 443 1255 466; x_wconf 66' lang='lat' dir='ltr'>Ctus</span> <span class='ocrx_word' id='word_1_796' title='bbox 1261 440 1274 465; x_wconf 67' lang='lat' dir='ltr'>a</span> <span class='ocrx_word' id='word_1_797' title='bbox 1282 440 1358 465; x_wconf 74' lang='lat' dir='ltr'>sermm</span> <span class='ocrx_word' id='word_1_798' title='bbox 1371 444 1393 465; x_wconf 92' lang='lat' dir='ltr'>P.</span> <span class='ocrx_word' id='word_1_799' title='bbox 1401 441 1509 465; x_wconf 85' lang='lat' dir='ltr'>Servilius</span> <span class='ocrx_word' id='word_1_800' title='bbox 1516 441 1633 465; x_wconf 82' lang='lat' dir='ltr'>Globulus</span> <span class='ocrx_word' id='word_1_801' title='bbox 1645 441 1756 465; x_wconf 65' lang='lat' dir='ltr'>tribunus</span> <span class='ocrx_word' id='word_1_802' title='bbox 1763 440 1837 473; x_wconf 87' lang='lat' dir='ltr'>plebis</span> <span class='ocrx_word' id='word_1_803' title='bbox 1848 442 1982 467; x_wconf 82' lang='lat' dir='ltr'>interceffit.</span> 
     </span>
     <span class='ocr_line' id='line_1_85' title="bbox 1206 472 1983 504; baseline 0.001 -7"><span class='ocrx_word' id='word_1_804' title='bbox 1206 474 1393 497; x_wconf 83' lang='lat' dir='ltr'>Firmavitetiam</span> <span class='ocrx_word' id='word_1_805' title='bbox 1401 473 1484 503; x_wconf 83' lang='lat' dir='ltr'>populi</span> <span class='ocrx_word' id='word_1_806' title='bbox 1494 472 1586 501; x_wconf 79' lang='lat' dir='ltr'>iudicia,</span> <span class='ocrx_word' id='word_1_807' title='bbox 1598 480 1649 504; x_wconf 84' lang='lat' dir='ltr'>quae</span> <span class='ocrx_word' id='word_1_808' title='bbox 1655 474 1811 497; x_wconf 76' lang='lat' dir='ltr'>comitiorum</span> <span class='ocrx_word' id='word_1_809' title='bbox 1820 475 1919 497; x_wconf 84' lang='lat' dir='ltr'>nomine</span> <span class='ocrx_word' id='word_1_810' title='bbox 1925 481 1983 498; x_wconf 88' lang='lat' dir='ltr'>con-</span> 
     </span>
     <span class='ocr_line' id='line_1_86' title="bbox 1207 503 1980 531; baseline 0 -2"><span class='ocrx_word' id='word_1_811' title='bbox 1207 506 1320 531; x_wconf 85' lang='lat' dir='ltr'>tinentur,</span> <span class='ocrx_word' id='word_1_812' title='bbox 1336 503 1408 528; x_wconf 81' lang='lat' dir='ltr'>Caffia</span> <span class='ocrx_word' id='word_1_813' title='bbox 1415 504 1452 527; x_wconf 80' lang='lat' dir='ltr'>lex</span> <span class='ocrx_word' id='word_1_814' title='bbox 1460 521 1467 530; x_wconf 89' lang='lat'><strong>‚</strong></span> <span class='ocrx_word' id='word_1_815' title='bbox 1476 506 1506 528; x_wconf 93' lang='lat' dir='ltr'>C.</span> <span class='ocrx_word' id='word_1_816' title='bbox 1514 505 1591 528; x_wconf 89' lang='lat' dir='ltr'>Mario</span> <span class='ocrx_word' id='word_1_817' title='bbox 1599 521 1606 531; x_wconf 86' lang='lat'>‚</span> <span class='ocrx_word' id='word_1_818' title='bbox 1613 507 1642 529; x_wconf 90' lang='lat' dir='ltr'>C.</span> <span class='ocrx_word' id='word_1_819' title='bbox 1650 506 1728 528; x_wconf 85' lang='lat' dir='ltr'>Flavio</span> <span class='ocrx_word' id='word_1_820' title='bbox 1734 504 1788 528; x_wconf 81' lang='lat' dir='ltr'>coss.</span> <span class='ocrx_word' id='word_1_821' title='bbox 1796 513 1807 528; x_wconf 94' lang='lat' dir='ltr'>a</span> <span class='ocrx_word' id='word_1_822' title='bbox 1815 507 1844 528; x_wconf 88' lang='lat' dir='ltr'>C.</span> <span class='ocrx_word' id='word_1_823' title='bbox 1852 505 1928 529; x_wconf 72' lang='lat' dir='ltr'>Canio</span> <span class='ocrx_word' id='word_1_824' title='bbox 1938 506 1980 529; x_wconf 85' lang='lat' dir='ltr'>tri-</span> 
     </span>
     <span class='ocr_line' id='line_1_87' title="bbox 1208 534 1983 569; baseline 0.001 -10"><span class='ocrx_word' id='word_1_825' title='bbox 1208 536 1272 560; x_wconf 87' lang='lat' dir='ltr'>buno</span> <span class='ocrx_word' id='word_1_826' title='bbox 1282 535 1356 567; x_wconf 88' lang='lat' dir='ltr'>plebis</span> <span class='ocrx_word' id='word_1_827' title='bbox 1369 539 1395 559; x_wconf 92' lang='lat' dir='ltr'>L.</span> <span class='ocrx_word' id='word_1_828' title='bbox 1404 534 1473 559; x_wconf 84' lang='lat' dir='ltr'>Caffii</span> <span class='ocrx_word' id='word_1_829' title='bbox 1480 536 1575 559; x_wconf 76' lang='lat' dir='ltr'>Raviliae</span> <span class='ocrx_word' id='word_1_830' title='bbox 1582 536 1633 560; x_wconf 86' lang='lat' dir='ltr'>filio</span> <span class='ocrx_word' id='word_1_831' title='bbox 1641 553 1648 564; x_wconf 90' lang='lat'>‚</span> <span class='ocrx_word' id='word_1_832' title='bbox 1669 537 1698 560; x_wconf 89' lang='lat' dir='ltr'>de</span> <span class='ocrx_word' id='word_1_833' title='bbox 1705 544 1754 569; x_wconf 85' lang='lat' dir='ltr'>quo</span> <span class='ocrx_word' id='word_1_834' title='bbox 1762 537 1870 568; x_wconf 80' lang='lat' dir='ltr'>proxime</span> <span class='ocrx_word' id='word_1_835' title='bbox 1876 537 1983 560; x_wconf 84' lang='lat' dir='ltr'>mentio-</span> 
     </span>
     <span class='ocr_line' id='line_1_88' title="bbox 1208 566 1984 602; baseline 0.004 -10"><span class='ocrx_word' id='word_1_836' title='bbox 1208 576 1263 592; x_wconf 88' lang='lat' dir='ltr'>nem</span> <span class='ocrx_word' id='word_1_837' title='bbox 1270 568 1369 592; x_wconf 82' lang='lat' dir='ltr'>fecimus</span> <span class='ocrx_word' id='word_1_838' title='bbox 1377 584 1383 595; x_wconf 75' lang='lat'>,</span> <span class='ocrx_word' id='word_1_839' title='bbox 1391 573 1469 602; x_wconf 68' lang='lat' dir='ltr'>rogata</span> <span class='ocrx_word' id='word_1_840' title='bbox 1477 584 1483 594; x_wconf 87' lang='lat'>‚</span> <span class='ocrx_word' id='word_1_841' title='bbox 1497 573 1522 591; x_wconf 90' lang='lat' dir='ltr'>ut</span> <span class='ocrx_word' id='word_1_842' title='bbox 1529 574 1601 599; x_wconf 87' lang='lat' dir='ltr'>quem</span> <span class='ocrx_word' id='word_1_843' title='bbox 1608 569 1709 599; x_wconf 87' lang='lat' dir='ltr'>populus</span> <span class='ocrx_word' id='word_1_844' title='bbox 1715 566 1841 594; x_wconf 75' lang='lat' dir='ltr'>damnass&#39;et</span> <span class='ocrx_word' id='word_1_845' title='bbox 1847 585 1854 597; x_wconf 88' lang='lat'>,</span> <span class='ocrx_word' id='word_1_846' title='bbox 1861 569 1927 595; x_wconf 86' lang='lat' dir='ltr'>cuive</span> <span class='ocrx_word' id='word_1_847' title='bbox 1937 569 1984 594; x_wconf 87' lang='lat' dir='ltr'>im-</span> 
     </span>
     <span class='ocr_line' id='line_1_89' title="bbox 1207 597 1666 632; baseline -0.004 -7"><span class='ocrx_word' id='word_1_848' title='bbox 1207 601 1300 632; x_wconf 85' lang='lat' dir='ltr'>perium</span> <span class='ocrx_word' id='word_1_849' title='bbox 1306 600 1440 631; x_wconf 81' lang='lat' dir='ltr'>abrogasset,</span> <span class='ocrx_word' id='word_1_850' title='bbox 1448 599 1473 624; x_wconf 89' lang='lat' dir='ltr'>in</span> <span class='ocrx_word' id='word_1_851' title='bbox 1481 597 1559 624; x_wconf 79' lang='lat' dir='ltr'>senatu</span> <span class='ocrx_word' id='word_1_852' title='bbox 1566 607 1597 624; x_wconf 88' lang='lat' dir='ltr'>ne</span> <span class='ocrx_word' id='word_1_853' title='bbox 1604 598 1666 624; x_wconf 72' lang='lat' dir='ltr'>esset.</span> 
     </span>
    </p>
   </div>
   <div class='ocr_carea' id='block_1_5' title="bbox 1441 676 1752 783">
    <p class='ocr_par' dir='ltr' id='par_1_6' title="bbox 1441 676 1752 783">
     <span class='ocr_line' id='line_1_90' title="bbox 1470 676 1724 704; baseline -0.004 0"><span class='ocrx_word' id='word_1_854' title='bbox 1470 677 1494 704; x_wconf 92' lang='lat' dir='ltr'>C</span> <span class='ocrx_word' id='word_1_855' title='bbox 1515 687 1533 704; x_wconf 77' lang='lat' dir='ltr'>A</span> <span class='ocrx_word' id='word_1_856' title='bbox 1554 686 1569 704; x_wconf 76' lang='grc' dir='ltr'><strong>Ρ</strong></span> <span class='ocrx_word' id='word_1_857' title='bbox 1590 685 1609 703; x_wconf 83' lang='grc' dir='ltr'>υ</span> <span class='ocrx_word' id='word_1_858' title='bbox 1629 685 1647 702; x_wconf 77' lang='grc' dir='ltr'>ἰ-</span> <span class='ocrx_word' id='word_1_859' title='bbox 1685 676 1724 703; x_wconf 84' lang='grc' dir='ltr'>Χ.</span> 
     </span>
     <span class='ocr_line' id='line_1_91' title="bbox 1441 742 1752 783; baseline -0.006 -10"><span class='ocrx_word' id='word_1_860' title='bbox 1441 749 1517 783; x_wconf 85' lang='lat' dir='ltr'>Leges</span> <span class='ocrx_word' id='word_1_861' title='bbox 1548 745 1580 772; x_wconf 81' lang='lat' dir='ltr'>de</span> <span class='ocrx_word' id='word_1_862' title='bbox 1608 742 1752 779; x_wconf 72' lang='lat' dir='ltr'>provinciis.</span> 
     </span>
    </p>
   </div>
   <div class='ocr_carea' id='block_1_6' title="bbox 1208 818 1992 1705">
    <p class='ocr_par' dir='ltr' id='par_1_7' title="bbox 1208 818 1992 1705">
     <span class='ocr_line' id='line_1_92' title="bbox 1212 818 1985 883; baseline -0.004 -36"><span class='ocrx_word' id='word_1_863' title='bbox 1212 823 1392 883; x_wconf 80' lang='lat' dir='ltr'>Migremus</span> <span class='ocrx_word' id='word_1_864' title='bbox 1399 828 1462 846; x_wconf 88' lang='lat' dir='ltr'>nunc</span> <span class='ocrx_word' id='word_1_865' title='bbox 1469 820 1582 853; x_wconf 85' lang='lat' dir='ltr'>paulisper</span> <span class='ocrx_word' id='word_1_866' title='bbox 1587 828 1615 844; x_wconf 81' lang='lat' dir='ltr'>ex</span> <span class='ocrx_word' id='word_1_867' title='bbox 1622 820 1679 844; x_wconf 87' lang='lat' dir='ltr'>urbe</span> <span class='ocrx_word' id='word_1_868' title='bbox 1686 820 1710 843; x_wconf 91' lang='lat' dir='ltr'>in</span> <span class='ocrx_word' id='word_1_869' title='bbox 1717 819 1854 850; x_wconf 67' lang='lat' dir='ltr'>provincias,</span> <span class='ocrx_word' id='word_1_870' title='bbox 1866 818 1932 843; x_wconf 81' lang='lat' dir='ltr'>Tulit</span> <span class='ocrx_word' id='word_1_871' title='bbox 1938 820 1985 851; x_wconf 80' lang='lat' dir='ltr'>pri·</span> 
     </span>
     <span class='ocr_line' id='line_1_93' title="bbox 1304 850 1983 883; baseline -0.004 -5"><span class='ocrx_word' id='word_1_872' title='bbox 1304 862 1346 878; x_wconf 92' lang='lat' dir='ltr'>mo</span> <span class='ocrx_word' id='word_1_873' title='bbox 1354 855 1383 878; x_wconf 88' lang='lat' dir='ltr'>de</span> <span class='ocrx_word' id='word_1_874' title='bbox 1390 853 1517 883; x_wconf 87' lang='lat' dir='ltr'>provinciis</span> <span class='ocrx_word' id='word_1_875' title='bbox 1524 854 1554 876; x_wconf 89' lang='lat' dir='ltr'>C.</span> <span class='ocrx_word' id='word_1_876' title='bbox 1562 853 1677 876; x_wconf 85' lang='lat' dir='ltr'>Gracchus</span> <span class='ocrx_word' id='word_1_877' title='bbox 1684 851 1792 875; x_wconf 78' lang='lat' dir='ltr'>tribunus</span> <span class='ocrx_word' id='word_1_878' title='bbox 1804 850 1878 883; x_wconf 86' lang='lat' dir='ltr'>plebis</span> <span class='ocrx_word' id='word_1_879' title='bbox 1891 850 1983 875; x_wconf 84' lang='lat' dir='ltr'>Tiberii</span> 
     </span>
     <span class='ocr_line' id='line_1_94' title="bbox 1208 883 1986 916; baseline -0.005 -7"><span class='ocrx_word' id='word_1_880' title='bbox 1208 886 1289 912; x_wconf 69' lang='lat' dir='ltr'>frater,</span> <span class='ocrx_word' id='word_1_881' title='bbox 1304 885 1465 909; x_wconf 86' lang='lat' dir='ltr'>utconsulares</span> <span class='ocrx_word' id='word_1_882' title='bbox 1472 884 1598 916; x_wconf 82' lang='lat' dir='ltr'>provincia:</span> <span class='ocrx_word' id='word_1_883' title='bbox 1605 892 1645 915; x_wconf 85' lang='lat' dir='ltr'>per</span> <span class='ocrx_word' id='word_1_884' title='bbox 1652 883 1757 907; x_wconf 84' lang='lat' dir='ltr'>senatum</span> <span class='ocrx_word' id='word_1_885' title='bbox 1769 883 1895 913; x_wconf 86' lang='lat' dir='ltr'>quorannis</span> <span class='ocrx_word' id='word_1_886' title='bbox 1907 883 1986 906; x_wconf 83' lang='lat' dir='ltr'>decer-</span> 
     </span>
     <span class='ocr_line' id='line_1_95' title="bbox 1210 914 1986 946; baseline -0.004 -6"><span class='ocrx_word' id='word_1_887' title='bbox 1210 923 1327 941; x_wconf 83' lang='lat' dir='ltr'>nerentur.</span> <span class='ocrx_word' id='word_1_888' title='bbox 1345 917 1420 941; x_wconf 85' lang='lat' dir='ltr'>Postea</span> <span class='ocrx_word' id='word_1_889' title='bbox 1427 918 1457 940; x_wconf 86' lang='lat' dir='ltr'>C.</span> <span class='ocrx_word' id='word_1_890' title='bbox 1469 914 1547 942; x_wconf 71' lang='lat' dir='ltr'>Coesar,</span> <span class='ocrx_word' id='word_1_891' title='bbox 1556 914 1598 946; x_wconf 87' lang='lat' dir='ltr'>qui</span> <span class='ocrx_word' id='word_1_892' title='bbox 1606 915 1704 938; x_wconf 70' lang='lat' dir='ltr'>dictator</span> <span class='ocrx_word' id='word_1_893' title='bbox 1710 914 1756 937; x_wconf 87' lang='lat' dir='ltr'>fuit</span> <span class='ocrx_word' id='word_1_894' title='bbox 1764 930 1770 941; x_wconf 93' lang='lat'>,</span> <span class='ocrx_word' id='word_1_895' title='bbox 1778 921 1807 937; x_wconf 91' lang='lat' dir='ltr'>ne</span> <span class='ocrx_word' id='word_1_896' title='bbox 1813 914 1923 945; x_wconf 75' lang='lat' dir='ltr'>praetoria:</span> <span class='ocrx_word' id='word_1_897' title='bbox 1930 921 1986 944; x_wconf 89' lang='lat' dir='ltr'>pro-</span> 
     </span>
     <span class='ocr_line' id='line_1_96' title="bbox 1209 944 1985 979; baseline -0.005 -7"><span class='ocrx_word' id='word_1_898' title='bbox 1209 949 1291 972; x_wconf 65' lang='lat' dir='ltr'>vincis</span> <span class='ocrx_word' id='word_1_899' title='bbox 1299 949 1359 979; x_wconf 86' lang='lat' dir='ltr'>plus,</span> <span class='ocrx_word' id='word_1_900' title='bbox 1369 955 1440 979; x_wconf 88' lang='lat' dir='ltr'>quam</span> <span class='ocrx_word' id='word_1_901' title='bbox 1447 954 1545 973; x_wconf 86' lang='lat' dir='ltr'>annum,</span> <span class='ocrx_word' id='word_1_902' title='bbox 1556 954 1601 970; x_wconf 87' lang='lat' dir='ltr'>neu</span> <span class='ocrx_word' id='word_1_903' title='bbox 1609 947 1668 979; x_wconf 85' lang='lat' dir='ltr'>plus,</span> <span class='ocrx_word' id='word_1_904' title='bbox 1677 952 1748 978; x_wconf 87' lang='lat' dir='ltr'>quam</span> <span class='ocrx_word' id='word_1_905' title='bbox 1755 944 1889 972; x_wconf 87' lang='lat' dir='ltr'>biennium,</span> <span class='ocrx_word' id='word_1_906' title='bbox 1900 946 1985 969; x_wconf 81' lang='lat' dir='ltr'>consu-</span> 
     </span>
     <span class='ocr_line' id='line_1_97' title="bbox 1210 977 1985 1008; baseline -0.004 -5"><span class='ocrx_word' id='word_1_907' title='bbox 1210 980 1266 1003; x_wconf 78' lang='lat' dir='ltr'>lares</span> <span class='ocrx_word' id='word_1_908' title='bbox 1278 979 1448 1004; x_wconf 86' lang='lat' dir='ltr'>obtinerentur.</span> <span class='ocrx_word' id='word_1_909' title='bbox 1466 979 1521 1002; x_wconf 89' lang='lat' dir='ltr'>tulit</span> <span class='ocrx_word' id='word_1_910' title='bbox 1533 985 1609 1002; x_wconf 87' lang='lat' dir='ltr'>autem</span> <span class='ocrx_word' id='word_1_911' title='bbox 1622 978 1680 1002; x_wconf 89' lang='lat' dir='ltr'>hanc</span> <span class='ocrx_word' id='word_1_912' title='bbox 1692 979 1770 1008; x_wconf 88' lang='lat' dir='ltr'>legem</span> <span class='ocrx_word' id='word_1_913' title='bbox 1782 977 1845 1001; x_wconf 69' lang='lat' dir='ltr'>visto</span> <span class='ocrx_word' id='word_1_914' title='bbox 1852 977 1966 1008; x_wconf 78' lang='lat' dir='ltr'>Pompeio</span> <span class='ocrx_word' id='word_1_915' title='bbox 1977 985 1985 1001; x_wconf 74' lang='lat' dir='ltr'>t</span> 
     </span>
     <span class='ocr_line' id='line_1_98' title="bbox 1212 1009 1986 1042; baseline -0.004 -8"><span class='ocrx_word' id='word_1_916' title='bbox 1212 1018 1266 1034; x_wconf 90' lang='lat' dir='ltr'>cnm</span> <span class='ocrx_word' id='word_1_917' title='bbox 1273 1011 1322 1042; x_wconf 86' lang='lat' dir='ltr'>ipse</span> <span class='ocrx_word' id='word_1_918' title='bbox 1335 1012 1379 1038; x_wconf 83' lang='lat' dir='ltr'>iam</span> <span class='ocrx_word' id='word_1_919' title='bbox 1388 1018 1427 1041; x_wconf 90' lang='lat' dir='ltr'>per</span> <span class='ocrx_word' id='word_1_920' title='bbox 1435 1017 1523 1034; x_wconf 86' lang='lat' dir='ltr'>novem</span> <span class='ocrx_word' id='word_1_921' title='bbox 1530 1017 1602 1033; x_wconf 87' lang='lat' dir='ltr'>annos</span> <span class='ocrx_word' id='word_1_922' title='bbox 1608 1010 1711 1033; x_wconf 85' lang='lat' dir='ltr'>Galliam</span> <span class='ocrx_word' id='word_1_923' title='bbox 1717 1014 1797 1032; x_wconf 85' lang='lat' dir='ltr'>contra</span> <span class='ocrx_word' id='word_1_924' title='bbox 1810 1011 1836 1032; x_wconf 90' lang='lat' dir='ltr'>C.</span> <span class='ocrx_word' id='word_1_925' title='bbox 1845 1009 1942 1032; x_wconf 85' lang='lat' dir='ltr'>Gracchi</span> <span class='ocrx_word' id='word_1_926' title='bbox 1951 1009 1986 1032; x_wconf 90' lang='lat' dir='ltr'>le-</span> 
     </span>
     <span class='ocr_line' id='line_1_99' title="bbox 1212 1040 1986 1073; baseline -0.004 -7"><span class='ocrx_word' id='word_1_927' title='bbox 1212 1050 1266 1073; x_wconf 82' lang='lat' dir='ltr'>gem</span> <span class='ocrx_word' id='word_1_928' title='bbox 1273 1042 1410 1067; x_wconf 79' lang='lat' dir='ltr'>obtinuiffet</span> <span class='ocrx_word' id='word_1_929' title='bbox 1417 1058 1423 1069; x_wconf 88' lang='lat'><em>‚</em></span> <span class='ocrx_word' id='word_1_930' title='bbox 1432 1040 1568 1065; x_wconf 89' lang='lat' dir='ltr'>consecutus</span> <span class='ocrx_word' id='word_1_931' title='bbox 1574 1041 1599 1064; x_wconf 91' lang='lat' dir='ltr'>id</span> <span class='ocrx_word' id='word_1_932' title='bbox 1607 1041 1764 1072; x_wconf 82' lang='lat' dir='ltr'>,quodnemo</span> <span class='ocrx_word' id='word_1_933' title='bbox 1771 1046 1833 1064; x_wconf 79' lang='lat' dir='ltr'>antea</span> <span class='ocrx_word' id='word_1_934' title='bbox 1840 1056 1847 1067; x_wconf 84' lang='lat'><em>‚</em></span> <span class='ocrx_word' id='word_1_935' title='bbox 1860 1040 1883 1063; x_wconf 77' lang='grc' dir='ltr'>δι</span> <span class='ocrx_word' id='word_1_936' title='bbox 1892 1042 1912 1063; x_wconf 86' lang='lat' dir='ltr'>S.</span> <span class='ocrx_word' id='word_1_937' title='bbox 1921 1043 1948 1064; x_wconf 89' lang='lat' dir='ltr'>C.</span> <span class='ocrx_word' id='word_1_938' title='bbox 1960 1040 1986 1065; x_wconf 73' lang='grc' dir='ltr'>δε</span> 
     </span>
     <span class='ocr_line' id='line_1_100' title="bbox 1213 1071 1985 1105; baseline -0.003 -8"><span class='ocrx_word' id='word_1_939' title='bbox 1213 1076 1272 1105; x_wconf 84' lang='lat' dir='ltr'>lege.</span> <span class='ocrx_word' id='word_1_940' title='bbox 1290 1074 1342 1100; x_wconf 85' lang='lat' dir='ltr'>Hic,</span> <span class='ocrx_word' id='word_1_941' title='bbox 1349 1073 1445 1105; x_wconf 88' lang='lat' dir='ltr'>quando</span> <span class='ocrx_word' id='word_1_942' title='bbox 1452 1073 1532 1104; x_wconf 86' lang='lat' dir='ltr'>legum</span> <span class='ocrx_word' id='word_1_943' title='bbox 1539 1071 1609 1096; x_wconf 84' lang='lat' dir='ltr'>cauffa</span> <span class='ocrx_word' id='word_1_944' title='bbox 1616 1072 1645 1095; x_wconf 92' lang='lat' dir='ltr'>de</span> <span class='ocrx_word' id='word_1_945' title='bbox 1653 1072 1778 1103; x_wconf 84' lang='lat' dir='ltr'>provinciis</span> <span class='ocrx_word' id='word_1_946' title='bbox 1788 1071 1871 1097; x_wconf 83' lang='lat' dir='ltr'>incidit</span> <span class='ocrx_word' id='word_1_947' title='bbox 1878 1073 1970 1095; x_wconf 89' lang='lat' dir='ltr'>mentio</span> <span class='ocrx_word' id='word_1_948' title='bbox 1977 1088 1985 1099; x_wconf 87' lang='lat'>,</span> 
     </span>
     <span class='ocr_line' id='line_1_101' title="bbox 1215 1102 1987 1136; baseline -0.004 -7"><span class='ocrx_word' id='word_1_949' title='bbox 1215 1113 1264 1129; x_wconf 91' lang='lat' dir='ltr'>non</span> <span class='ocrx_word' id='word_1_950' title='bbox 1271 1106 1374 1130; x_wconf 87' lang='lat' dir='ltr'>alienum</span> <span class='ocrx_word' id='word_1_951' title='bbox 1382 1105 1421 1132; x_wconf 85' lang='lat' dir='ltr'>est,</span> <span class='ocrx_word' id='word_1_952' title='bbox 1430 1105 1454 1128; x_wconf 87' lang='lat'>&amp;</span> <span class='ocrx_word' id='word_1_953' title='bbox 1462 1110 1523 1136; x_wconf 88' lang='lat' dir='ltr'>quot</span> <span class='ocrx_word' id='word_1_954' title='bbox 1529 1104 1631 1127; x_wconf 85' lang='lat' dir='ltr'>omnino</span> <span class='ocrx_word' id='word_1_955' title='bbox 1639 1104 1663 1127; x_wconf 90' lang='lat' dir='ltr'>in</span> <span class='ocrx_word' id='word_1_956' title='bbox 1671 1103 1764 1127; x_wconf 87' lang='lat' dir='ltr'>ditione</span> <span class='ocrx_word' id='word_1_957' title='bbox 1770 1103 1853 1133; x_wconf 87' lang='lat' dir='ltr'>populi</span> <span class='ocrx_word' id='word_1_958' title='bbox 1860 1106 1932 1126; x_wconf 82' lang='lat' dir='ltr'>Rom.</span> <span class='ocrx_word' id='word_1_959' title='bbox 1941 1104 1965 1126; x_wconf 68' lang='grc' dir='ltr'>ὅ(</span> <span class='ocrx_word' id='word_1_960' title='bbox 1972 1102 1987 1126; x_wconf 57' lang='grc' dir='ltr'><strong>ᾖ</strong></span> 
     </span>
     <span class='ocr_line' id='line_1_102' title="bbox 1215 1133 1988 1169; baseline -0.005 -8"><span class='ocrx_word' id='word_1_961' title='bbox 1215 1137 1309 1169; x_wconf 86' lang='lat' dir='ltr'>quibus,</span> <span class='ocrx_word' id='word_1_962' title='bbox 1317 1144 1396 1169; x_wconf 87' lang='lat' dir='ltr'>quove</span> <span class='ocrx_word' id='word_1_963' title='bbox 1403 1144 1464 1160; x_wconf 90' lang='lat' dir='ltr'>anno</span> <span class='ocrx_word' id='word_1_964' title='bbox 1472 1142 1549 1168; x_wconf 83' lang='lat' dir='ltr'>captae,</span> <span class='ocrx_word' id='word_1_965' title='bbox 1556 1141 1617 1163; x_wconf 90' lang='lat' dir='ltr'>tum,</span> <span class='ocrx_word' id='word_1_966' title='bbox 1627 1142 1678 1167; x_wconf 68' lang='lat' dir='ltr'>qux</span> <span class='ocrx_word' id='word_1_967' title='bbox 1684 1133 1822 1160; x_wconf 85' lang='lat' dir='ltr'>consulares,</span> <span class='ocrx_word' id='word_1_968' title='bbox 1828 1141 1926 1165; x_wconf 72' lang='lat' dir='ltr'>quatque</span> <span class='ocrx_word' id='word_1_969' title='bbox 1933 1142 1988 1166; x_wconf 76' lang='lat' dir='ltr'>prae-</span> 
     </span>
     <span class='ocr_line' id='line_1_103' title="bbox 1216 1165 1986 1198; baseline -0.005 -6"><span class='ocrx_word' id='word_1_970' title='bbox 1216 1169 1280 1192; x_wconf 70' lang='lat' dir='ltr'>toriae</span> <span class='ocrx_word' id='word_1_971' title='bbox 1293 1168 1394 1196; x_wconf 84' lang='lat' dir='ltr'>fuerint,</span> <span class='ocrx_word' id='word_1_972' title='bbox 1406 1167 1524 1197; x_wconf 83' lang='lat' dir='ltr'>subjicere.</span> <span class='ocrx_word' id='word_1_973' title='bbox 1541 1169 1598 1198; x_wconf 87' lang='lat' dir='ltr'>Qro</span> <span class='ocrx_word' id='word_1_974' title='bbox 1605 1173 1666 1190; x_wconf 83' lang='lat' dir='ltr'>anno</span> <span class='ocrx_word' id='word_1_975' title='bbox 1676 1169 1712 1190; x_wconf 90' lang='lat' dir='ltr'>M.</span> <span class='ocrx_word' id='word_1_976' title='bbox 1721 1166 1806 1190; x_wconf 79' lang='lat' dir='ltr'>Cicero</span> <span class='ocrx_word' id='word_1_977' title='bbox 1813 1165 1923 1189; x_wconf 88' lang='lat' dir='ltr'>Ciliciam</span> <span class='ocrx_word' id='word_1_978' title='bbox 1932 1173 1986 1197; x_wconf 85' lang='lat' dir='ltr'>pro-</span> 
     </span>
     <span class='ocr_line' id='line_1_104' title="bbox 1215 1197 1985 1230; baseline -0.003 -6"><span class='ocrx_word' id='word_1_979' title='bbox 1215 1200 1296 1224; x_wconf 87' lang='lat' dir='ltr'>consul</span> <span class='ocrx_word' id='word_1_980' title='bbox 1309 1200 1491 1226; x_wconf 81' lang='lat' dir='ltr'>admirn&#39;stravit,</span> <span class='ocrx_word' id='word_1_981' title='bbox 1508 1198 1625 1230; x_wconf 75' lang='lat' dir='ltr'>quodfuit</span> <span class='ocrx_word' id='word_1_982' title='bbox 1632 1197 1659 1222; x_wconf 88' lang='lat' dir='ltr'>ab</span> <span class='ocrx_word' id='word_1_983' title='bbox 1667 1197 1824 1222; x_wconf 81' lang='lat' dir='ltr'>urbecondita</span> <span class='ocrx_word' id='word_1_984' title='bbox 1837 1199 1934 1221; x_wconf 86' lang='lat' dir='ltr'>DCClI.</span> <span class='ocrx_word' id='word_1_985' title='bbox 1949 1199 1985 1222; x_wconf 81' lang='lat' dir='ltr'>M.</span> 
     </span>
     <span class='ocr_line' id='line_1_105' title="bbox 1215 1228 1987 1263; baseline -0.006 -7"><span class='ocrx_word' id='word_1_986' title='bbox 1215 1232 1338 1260; x_wconf 82' lang='lat' dir='ltr'>Marcello,</span> <span class='ocrx_word' id='word_1_987' title='bbox 1348 1235 1394 1256; x_wconf 86' lang='lat' dir='ltr'>Ser.</span> <span class='ocrx_word' id='word_1_988' title='bbox 1401 1231 1504 1263; x_wconf 88' lang='lat' dir='ltr'>Sulpicio</span> <span class='ocrx_word' id='word_1_989' title='bbox 1510 1230 1564 1255; x_wconf 76' lang='lat' dir='ltr'>cors.</span> <span class='ocrx_word' id='word_1_990' title='bbox 1574 1230 1700 1262; x_wconf 76' lang='lat' dir='ltr'>provinciae</span> <span class='ocrx_word' id='word_1_991' title='bbox 1706 1232 1754 1253; x_wconf 88' lang='lat' dir='ltr'>XV.</span> <span class='ocrx_word' id='word_1_992' title='bbox 1760 1229 1854 1252; x_wconf 86' lang='lat' dir='ltr'>fuerunt</span> <span class='ocrx_word' id='word_1_993' title='bbox 1860 1228 1886 1252; x_wconf 85' lang='lat' dir='ltr'>in</span> <span class='ocrx_word' id='word_1_994' title='bbox 1893 1228 1987 1252; x_wconf 88' lang='lat' dir='ltr'>ditione</span> 
     </span>
     <span class='ocr_line' id='line_1_106' title="bbox 1215 1259 1988 1295; baseline -0.006 -7"><span class='ocrx_word' id='word_1_995' title='bbox 1215 1264 1297 1295; x_wconf 85' lang='lat' dir='ltr'>populi</span> <span class='ocrx_word' id='word_1_996' title='bbox 1305 1267 1378 1288; x_wconf 87' lang='lat' dir='ltr'>Rom.</span> <span class='ocrx_word' id='word_1_997' title='bbox 1387 1263 1497 1291; x_wconf 88' lang='lat' dir='ltr'>Sardinia,</span> <span class='ocrx_word' id='word_1_998' title='bbox 1505 1262 1693 1289; x_wconf 78' lang='lat' dir='ltr'>corfica,sicilia‚</span> <span class='ocrx_word' id='word_1_999' title='bbox 1699 1261 1748 1284; x_wconf 81' lang='lat' dir='ltr'>duae</span> <span class='ocrx_word' id='word_1_1000' title='bbox 1756 1259 1877 1292; x_wconf 75' lang='lat' dir='ltr'>ffispaniae,</span> <span class='ocrx_word' id='word_1_1001' title='bbox 1883 1261 1988 1288; x_wconf 85' lang='lat' dir='ltr'>citerior,</span> 
     </span>
     <span class='ocr_line' id='line_1_107' title="bbox 1217 1291 1988 1324; baseline -0.005 -4"><span class='ocrx_word' id='word_1_1002' title='bbox 1217 1297 1314 1320; x_wconf 83' lang='lat' dir='ltr'>ulterior</span> <span class='ocrx_word' id='word_1_1003' title='bbox 1322 1304 1328 1318; x_wconf 75' lang='lat' dir='ltr'><strong><em>z</em></strong></span> <span class='ocrx_word' id='word_1_1004' title='bbox 1339 1295 1397 1323; x_wconf 84' lang='lat' dir='ltr'>Afia,</span> <span class='ocrx_word' id='word_1_1005' title='bbox 1406 1295 1496 1321; x_wconf 78' lang='lat' dir='ltr'>AErolia,</span> <span class='ocrx_word' id='word_1_1006' title='bbox 1505 1294 1651 1320; x_wconf 85' lang='lat' dir='ltr'>Macedonia,</span> <span class='ocrx_word' id='word_1_1007' title='bbox 1660 1293 1777 1324; x_wconf 82' lang='lat' dir='ltr'>Illyrium,</span> <span class='ocrx_word' id='word_1_1008' title='bbox 1786 1292 1900 1316; x_wconf 87' lang='lat' dir='ltr'>Dalmatia</span> <span class='ocrx_word' id='word_1_1009' title='bbox 1907 1308 1914 1319; x_wconf 93' lang='lat'>,</span> <span class='ocrx_word' id='word_1_1010' title='bbox 1925 1291 1988 1316; x_wconf 83' lang='lat' dir='ltr'>Afri-</span> 
     </span>
     <span class='ocr_line' id='line_1_108' title="bbox 1216 1323 1989 1357; baseline -0.006 -6"><span class='ocrx_word' id='word_1_1011' title='bbox 1216 1335 1249 1355; x_wconf 76' lang='lat' dir='ltr'>ca,</span> <span class='ocrx_word' id='word_1_1012' title='bbox 1261 1327 1354 1357; x_wconf 78' lang='lat' dir='ltr'>Achaia,</span> <span class='ocrx_word' id='word_1_1013' title='bbox 1363 1328 1443 1351; x_wconf 76' lang='lat' dir='ltr'>Galliae</span> <span class='ocrx_word' id='word_1_1014' title='bbox 1450 1326 1508 1353; x_wconf 73' lang='lat' dir='ltr'>duce,</span> <span class='ocrx_word' id='word_1_1015' title='bbox 1516 1323 1804 1357; x_wconf 68' lang='lat' dir='ltr'>Cistlpina,”rransalpina,</span> <span class='ocrx_word' id='word_1_1016' title='bbox 1811 1323 1903 1350; x_wconf 85' lang='lat' dir='ltr'>Cilicia,</span> <span class='ocrx_word' id='word_1_1017' title='bbox 1910 1323 1989 1354; x_wconf 86' lang='lat' dir='ltr'>Bithy-</span> 
     </span>
     <span class='ocr_line' id='line_1_109' title="bbox 1217 1354 1990 1388; baseline -0.006 -5"><span class='ocrx_word' id='word_1_1018' title='bbox 1217 1360 1255 1383; x_wconf 87' lang='lat' dir='ltr'>nia</span> <span class='ocrx_word' id='word_1_1019' title='bbox 1263 1376 1269 1387; x_wconf 87' lang='lat'>,</span> <span class='ocrx_word' id='word_1_1020' title='bbox 1278 1362 1367 1382; x_wconf 84' lang='lat' dir='ltr'>Pontus</span> <span class='ocrx_word' id='word_1_1021' title='bbox 1375 1376 1381 1386; x_wconf 90' lang='lat'>,</span> <span class='ocrx_word' id='word_1_1022' title='bbox 1395 1361 1465 1382; x_wconf 88' lang='lat' dir='ltr'>Creta</span> <span class='ocrx_word' id='word_1_1023' title='bbox 1473 1375 1479 1385; x_wconf 87' lang='lat'>,</span> <span class='ocrx_word' id='word_1_1024' title='bbox 1488 1358 1549 1388; x_wconf 88' lang='lat' dir='ltr'>Syria</span> <span class='ocrx_word' id='word_1_1025' title='bbox 1558 1375 1566 1385; x_wconf 83' lang='lat'>,</span> <span class='ocrx_word' id='word_1_1026' title='bbox 1577 1359 1677 1388; x_wconf 52' lang='lat' dir='ltr'>Cypria,</span> <span class='ocrx_word' id='word_1_1027' title='bbox 1687 1355 1774 1387; x_wconf 88' lang='lat' dir='ltr'>quibus</span> <span class='ocrx_word' id='word_1_1028' title='bbox 1780 1363 1808 1379; x_wconf 81' lang='lat' dir='ltr'>ex</span> <span class='ocrx_word' id='word_1_1029' title='bbox 1815 1354 1927 1379; x_wconf 86' lang='lat' dir='ltr'>omnibus</span> <span class='ocrx_word' id='word_1_1030' title='bbox 1934 1362 1990 1387; x_wconf 86' lang='lat' dir='ltr'>pro-</span> 
     </span>
     <span class='ocr_line' id='line_1_110' title="bbox 1217 1385 1992 1422; baseline -0.006 -8"><span class='ocrx_word' id='word_1_1031' title='bbox 1217 1391 1303 1414; x_wconf 85' lang='lat' dir='ltr'>vinciis</span> <span class='ocrx_word' id='word_1_1032' title='bbox 1316 1391 1415 1422; x_wconf 67' lang='lat' dir='ltr'>vessigal</span> <span class='ocrx_word' id='word_1_1033' title='bbox 1421 1388 1523 1422; x_wconf 86' lang='lat' dir='ltr'>capiebat</span> <span class='ocrx_word' id='word_1_1034' title='bbox 1532 1396 1635 1413; x_wconf 86' lang='lat' dir='ltr'>annuum</span> <span class='ocrx_word' id='word_1_1035' title='bbox 1644 1387 1795 1419; x_wconf 82' lang='lat' dir='ltr'>Respublica,</span> <span class='ocrx_word' id='word_1_1036' title='bbox 1812 1393 1838 1410; x_wconf 89' lang='lat' dir='ltr'>ut</span> <span class='ocrx_word' id='word_1_1037' title='bbox 1850 1385 1992 1410; x_wconf 52' lang='lat' dir='ltr'>{Plutarcho</span> 
     </span>
     <span class='ocr_line' id='line_1_111' title="bbox 1218 1418 1988 1454; baseline -0.006 -8"><span class='ocrx_word' id='word_1_1038' title='bbox 1218 1422 1340 1454; x_wconf 83' lang='lat' dir='ltr'>proditum</span> <span class='ocrx_word' id='word_1_1039' title='bbox 1347 1422 1378 1446; x_wconf 87' lang='lat' dir='ltr'>est</span> <span class='ocrx_word' id='word_1_1040' title='bbox 1388 1439 1394 1450; x_wconf 86' lang='lat'>‚</span> <span class='ocrx_word' id='word_1_1041' title='bbox 1409 1421 1552 1445; x_wconf 90' lang='lat' dir='ltr'>scutatorum</span> <span class='ocrx_word' id='word_1_1042' title='bbox 1561 1438 1568 1448; x_wconf 90' lang='lat'>,</span> <span class='ocrx_word' id='word_1_1043' title='bbox 1582 1428 1642 1452; x_wconf 86' lang='lat' dir='ltr'>quos</span> <span class='ocrx_word' id='word_1_1044' title='bbox 1649 1419 1777 1451; x_wconf 80' lang='lat' dir='ltr'>appellant,</span> <span class='ocrx_word' id='word_1_1045' title='bbox 1792 1418 1911 1449; x_wconf 72' lang='lat' dir='ltr'>ostuagies</span> <span class='ocrx_word' id='word_1_1046' title='bbox 1917 1419 1988 1450; x_wconf 87' lang='lat' dir='ltr'>quin-</span> 
     </span>
     <span class='ocr_line' id='line_1_112' title="bbox 1218 1450 1989 1486; baseline -0.008 -8"><span class='ocrx_word' id='word_1_1047' title='bbox 1218 1455 1386 1486; x_wconf 77' lang='lat' dir='ltr'>quiescentem</span> <span class='ocrx_word' id='word_1_1048' title='bbox 1394 1454 1482 1480; x_wconf 89' lang='lat' dir='ltr'>millia,</span> <span class='ocrx_word' id='word_1_1049' title='bbox 1498 1460 1548 1476; x_wconf 89' lang='lat' dir='ltr'>non</span> <span class='ocrx_word' id='word_1_1050' title='bbox 1555 1452 1682 1476; x_wconf 79' lang='lat' dir='ltr'>excedente</span> <span class='ocrx_word' id='word_1_1051' title='bbox 1693 1450 1780 1474; x_wconf 86' lang='lat' dir='ltr'>scutato</span> <span class='ocrx_word' id='word_1_1052' title='bbox 1792 1450 1894 1481; x_wconf 84' lang='lat' dir='ltr'>pretium</span> <span class='ocrx_word' id='word_1_1053' title='bbox 1906 1450 1989 1473; x_wconf 85' lang='lat' dir='ltr'>decem</span> 
     </span>
     <span class='ocr_line' id='line_1_113' title="bbox 1218 1481 1989 1516; baseline -0.008 -7"><span class='ocrx_word' id='word_1_1054' title='bbox 1218 1486 1384 1509; x_wconf 85' lang='lat' dir='ltr'>Marcellorum</span> <span class='ocrx_word' id='word_1_1055' title='bbox 1397 1491 1560 1516; x_wconf 83' lang='lat' dir='ltr'>argenteorum</span> <span class='ocrx_word' id='word_1_1056' title='bbox 1568 1500 1575 1510; x_wconf 83' lang='lat'>‚</span> <span class='ocrx_word' id='word_1_1057' title='bbox 1591 1484 1634 1514; x_wconf 87' lang='lat' dir='ltr'>qui</span> <span class='ocrx_word' id='word_1_1058' title='bbox 1642 1483 1745 1507; x_wconf 87' lang='lat' dir='ltr'>venetiis</span> <span class='ocrx_word' id='word_1_1059' title='bbox 1751 1482 1921 1511; x_wconf 87' lang='lat' dir='ltr'>imprimuntur</span> <span class='ocrx_word' id='word_1_1060' title='bbox 1928 1497 1934 1507; x_wconf 91' lang='lat'>,</span> <span class='ocrx_word' id='word_1_1061' title='bbox 1952 1481 1989 1504; x_wconf 88' lang='lat' dir='ltr'>vel</span> 
     </span>
     <span class='ocr_line' id='line_1_114' title="bbox 1216 1512 1990 1548; baseline -0.006 -8"><span class='ocrx_word' id='word_1_1062' title='bbox 1216 1517 1335 1547; x_wconf 87' lang='lat' dir='ltr'>Juliorum</span> <span class='ocrx_word' id='word_1_1063' title='bbox 1343 1533 1349 1543; x_wconf 91' lang='lat'>,</span> <span class='ocrx_word' id='word_1_1064' title='bbox 1357 1516 1400 1548; x_wconf 87' lang='lat' dir='ltr'>qui</span> <span class='ocrx_word' id='word_1_1065' title='bbox 1407 1519 1499 1539; x_wconf 78' lang='lat' dir='ltr'>Romae.</span> <span class='ocrx_word' id='word_1_1066' title='bbox 1520 1515 1649 1539; x_wconf 86' lang='lat' dir='ltr'>Sardiniam</span> <span class='ocrx_word' id='word_1_1067' title='bbox 1655 1514 1716 1545; x_wconf 88' lang='lat' dir='ltr'>cepit</span> <span class='ocrx_word' id='word_1_1068' title='bbox 1723 1529 1729 1539; x_wconf 91' lang='lat'><strong>‚</strong></span> <span class='ocrx_word' id='word_1_1069' title='bbox 1741 1513 1802 1536; x_wconf 89' lang='lat' dir='ltr'>inter</span> <span class='ocrx_word' id='word_1_1070' title='bbox 1808 1512 1912 1543; x_wconf 83' lang='lat' dir='ltr'>primum</span> <span class='ocrx_word' id='word_1_1071' title='bbox 1920 1514 1945 1536; x_wconf 91' lang='lat'>&amp;</span> <span class='ocrx_word' id='word_1_1072' title='bbox 1955 1512 1990 1535; x_wconf 87' lang='lat' dir='ltr'>se-</span> 
     </span>
     <span class='ocr_line' id='line_1_115' title="bbox 1216 1544 1990 1574; baseline -0.008 -2"><span class='ocrx_word' id='word_1_1073' title='bbox 1216 1548 1321 1572; x_wconf 88' lang='lat' dir='ltr'>cundum</span> <span class='ocrx_word' id='word_1_1074' title='bbox 1328 1548 1443 1571; x_wconf 87' lang='lat' dir='ltr'>Punicum</span> <span class='ocrx_word' id='word_1_1075' title='bbox 1450 1547 1541 1571; x_wconf 91' lang='lat' dir='ltr'>bellum</span> <span class='ocrx_word' id='word_1_1076' title='bbox 1550 1563 1556 1574; x_wconf 82' lang='lat'>‚</span> <span class='ocrx_word' id='word_1_1077' title='bbox 1568 1545 1650 1570; x_wconf 85' lang='lat' dir='ltr'>consul</span> <span class='ocrx_word' id='word_1_1078' title='bbox 1656 1548 1686 1569; x_wconf 86' lang='lat' dir='ltr'>T.</span> <span class='ocrx_word' id='word_1_1079' title='bbox 1693 1545 1795 1568; x_wconf 78' lang='lat' dir='ltr'>Manlius</span> <span class='ocrx_word' id='word_1_1080' title='bbox 1802 1547 1934 1574; x_wconf 88' lang='lat' dir='ltr'>Torquatus</span> <span class='ocrx_word' id='word_1_1081' title='bbox 1942 1560 1948 1570; x_wconf 94' lang='lat'>,</span> <span class='ocrx_word' id='word_1_1082' title='bbox 1959 1544 1990 1567; x_wconf 89' lang='lat' dir='ltr'>de</span> 
     </span>
     <span class='ocr_line' id='line_1_116' title="bbox 1218 1575 1990 1611; baseline -0.005 -8"><span class='ocrx_word' id='word_1_1083' title='bbox 1218 1587 1262 1611; x_wconf 86' lang='lat' dir='ltr'>qua</span> <span class='ocrx_word' id='word_1_1084' title='bbox 1269 1578 1433 1610; x_wconf 81' lang='lat' dir='ltr'>triumphavit:</span> <span class='ocrx_word' id='word_1_1085' title='bbox 1446 1586 1519 1611; x_wconf 88' lang='lat' dir='ltr'>eaque</span> <span class='ocrx_word' id='word_1_1086' title='bbox 1526 1578 1601 1610; x_wconf 83' lang='lat' dir='ltr'>prima</span> <span class='ocrx_word' id='word_1_1087' title='bbox 1608 1594 1615 1604; x_wconf 84' lang='lat'>‚</span> <span class='ocrx_word' id='word_1_1088' title='bbox 1628 1583 1689 1600; x_wconf 87' lang='lat' dir='ltr'>anno</span> <span class='ocrx_word' id='word_1_1089' title='bbox 1696 1576 1760 1599; x_wconf 89' lang='lat' dir='ltr'>urbis</span> <span class='ocrx_word' id='word_1_1090' title='bbox 1767 1578 1796 1599; x_wconf 92' lang='lat' dir='ltr'>D.</span> <span class='ocrx_word' id='word_1_1091' title='bbox 1804 1577 1885 1598; x_wconf 84' lang='lat' dir='ltr'>xvnt.</span> <span class='ocrx_word' id='word_1_1092' title='bbox 1893 1575 1990 1606; x_wconf 82' lang='lat' dir='ltr'>provin·-</span> 
     </span>
     <span class='ocr_line' id='line_1_117' title="bbox 1217 1606 1989 1642; baseline -0.008 -7"><span class='ocrx_word' id='word_1_1093' title='bbox 1217 1613 1251 1635; x_wconf 83' lang='lat' dir='ltr'>cia</span> <span class='ocrx_word' id='word_1_1094' title='bbox 1258 1612 1340 1642; x_wconf 89' lang='lat' dir='ltr'>populi</span> <span class='ocrx_word' id='word_1_1095' title='bbox 1347 1613 1377 1634; x_wconf 80' lang='lat' dir='ltr'>R.</span> <span class='ocrx_word' id='word_1_1096' title='bbox 1384 1610 1441 1633; x_wconf 75' lang='lat' dir='ltr'>fasta</span> <span class='ocrx_word' id='word_1_1097' title='bbox 1447 1610 1487 1638; x_wconf 86' lang='lat' dir='ltr'>est,</span> <span class='ocrx_word' id='word_1_1098' title='bbox 1494 1609 1567 1634; x_wconf 85' lang='lat' dir='ltr'>miffis</span> <span class='ocrx_word' id='word_1_1099' title='bbox 1574 1609 1601 1632; x_wconf 88' lang='lat' dir='ltr'>ad</span> <span class='ocrx_word' id='word_1_1100' title='bbox 1607 1616 1658 1632; x_wconf 89' lang='lat' dir='ltr'>eam</span> <span class='ocrx_word' id='word_1_1101' title='bbox 1664 1606 1855 1638; x_wconf 82' lang='lat' dir='ltr'>componendam</span> <span class='ocrx_word' id='word_1_1102' title='bbox 1861 1609 1887 1630; x_wconf 88' lang='lat' dir='ltr'>X.</span> <span class='ocrx_word' id='word_1_1103' title='bbox 1895 1607 1989 1637; x_wconf 83' lang='lat' dir='ltr'>legatis:</span> 
     </span>
     <span class='ocr_line' id='line_1_118' title="bbox 1219 1638 1989 1674; baseline -0.003 -10"><span class='ocrx_word' id='word_1_1104' title='bbox 1219 1642 1284 1674; x_wconf 88' lang='lat' dir='ltr'>quod</span> <span class='ocrx_word' id='word_1_1105' title='bbox 1291 1644 1316 1665; x_wconf 87' lang='lat' dir='ltr'>in</span> <span class='ocrx_word' id='word_1_1106' title='bbox 1323 1641 1435 1665; x_wconf 86' lang='lat' dir='ltr'>faciendis</span> <span class='ocrx_word' id='word_1_1107' title='bbox 1443 1641 1573 1673; x_wconf 87' lang='lat' dir='ltr'>provinciis</span> <span class='ocrx_word' id='word_1_1108' title='bbox 1578 1639 1692 1664; x_wconf 89' lang='lat' dir='ltr'>servatum</span> <span class='ocrx_word' id='word_1_1109' title='bbox 1698 1639 1737 1662; x_wconf 81' lang='lat' dir='ltr'>est.</span> <span class='ocrx_word' id='word_1_1110' title='bbox 1756 1638 1875 1662; x_wconf 83' lang='lat' dir='ltr'>corficam</span> <span class='ocrx_word' id='word_1_1111' title='bbox 1882 1638 1938 1661; x_wconf 85' lang='lat' dir='ltr'>vicit</span> <span class='ocrx_word' id='word_1_1112' title='bbox 1945 1655 1951 1665; x_wconf 92' lang='lat'>,</span> <span class='ocrx_word' id='word_1_1113' title='bbox 1964 1645 1989 1662; x_wconf 88' lang='lat' dir='ltr'>ac</span> 
     </span>
     <span class='ocr_line' id='line_1_119' title="bbox 1219 1667 1990 1705; baseline -0.006 -8"><span class='ocrx_word' id='word_1_1114' title='bbox 1219 1674 1367 1705; x_wconf 90' lang='lat' dir='ltr'>provinciam</span> <span class='ocrx_word' id='word_1_1115' title='bbox 1374 1673 1429 1696; x_wconf 87' lang='lat' dir='ltr'>fecit</span> <span class='ocrx_word' id='word_1_1116' title='bbox 1435 1675 1466 1696; x_wconf 91' lang='lat' dir='ltr'>C.</span> <span class='ocrx_word' id='word_1_1117' title='bbox 1472 1673 1574 1704; x_wconf 86' lang='lat' dir='ltr'>Papirius</span> <span class='ocrx_word' id='word_1_1118' title='bbox 1580 1670 1645 1696; x_wconf 86' lang='lat' dir='ltr'>Maso</span> <span class='ocrx_word' id='word_1_1119' title='bbox 1651 1669 1746 1697; x_wconf 86' lang='lat' dir='ltr'>consul,</span> <span class='ocrx_word' id='word_1_1120' title='bbox 1757 1671 1782 1694; x_wconf 86' lang='lat'>&amp;</span> <span class='ocrx_word' id='word_1_1121' title='bbox 1790 1687 1796 1697; x_wconf 93' lang='lat'><strong><em>‚</em></strong></span> <span class='ocrx_word' id='word_1_1122' title='bbox 1805 1667 1817 1692; x_wconf 70' lang='lat' dir='ltr'>a</span> <span class='ocrx_word' id='word_1_1123' title='bbox 1824 1668 1900 1693; x_wconf 87' lang='lat' dir='ltr'>senatu</span> <span class='ocrx_word' id='word_1_1124' title='bbox 1908 1669 1990 1693; x_wconf 79' lang='lat' dir='ltr'>trium-</span> 
     </span>
    </p>
   </div>
   <div class='ocr_carea' id='block_1_7' title="bbox 1219 1700 2003 1736">
    <p class='ocr_par' dir='ltr' id='par_1_8' title="bbox 1219 1700 2003 1736">
     <span class='ocr_line' id='line_1_120' title="bbox 1219 1700 2003 1736; baseline -0.008 -7"><span class='ocrx_word' id='word_1_1125' title='bbox 1219 1705 1266 1736; x_wconf 87' lang='lat' dir='ltr'>pho</span> <span class='ocrx_word' id='word_1_1126' title='bbox 1274 1713 1323 1729; x_wconf 88' lang='lat' dir='ltr'>non</span> <span class='ocrx_word' id='word_1_1127' title='bbox 1331 1705 1464 1736; x_wconf 86' lang='lat' dir='ltr'>impetrato,</span> <span class='ocrx_word' id='word_1_1128' title='bbox 1471 1705 1520 1736; x_wconf 87' lang='lat' dir='ltr'>ipse</span> <span class='ocrx_word' id='word_1_1129' title='bbox 1526 1704 1556 1728; x_wconf 92' lang='lat' dir='ltr'>de</span> <span class='ocrx_word' id='word_1_1130' title='bbox 1562 1703 1598 1727; x_wconf 90' lang='lat' dir='ltr'>sua</span> <span class='ocrx_word' id='word_1_1131' title='bbox 1605 1702 1746 1727; x_wconf 88' lang='lat' dir='ltr'>sententiaiu</span> <span class='ocrx_word' id='word_1_1132' title='bbox 1755 1707 1838 1725; x_wconf 86' lang='lat' dir='ltr'>monte</span> <span class='ocrx_word' id='word_1_1133' title='bbox 1845 1700 1938 1724; x_wconf 81' lang='lat' dir='ltr'>Albano</span> <span class='ocrx_word' id='word_1_1134' title='bbox 1944 1702 1991 1732; x_wconf 85' lang='lat' dir='ltr'>pri·</span> <span class='ocrx_word' id='word_1_1135' title='bbox 1998 1721 2003 1726; x_wconf 78' lang='grc'>,</span> 
     </span>
    </p>
   </div>
   <div class='ocr_carea' id='block_1_8' title="bbox 1208 1732 1993 2083">
    <p class='ocr_par' dir='ltr' id='par_1_9' title="bbox 1208 1732 1993 2083">
     <span class='ocr_line' id='line_1_121' title="bbox 1220 1732 1990 1767; baseline -0.006 -6"><span class='ocrx_word' id='word_1_1136' title='bbox 1220 1745 1273 1761; x_wconf 89' lang='lat' dir='ltr'>mus</span> <span class='ocrx_word' id='word_1_1137' title='bbox 1284 1737 1453 1767; x_wconf 88' lang='lat' dir='ltr'>triumphavit,</span> <span class='ocrx_word' id='word_1_1138' title='bbox 1467 1744 1529 1760; x_wconf 87' lang='lat' dir='ltr'>anno</span> <span class='ocrx_word' id='word_1_1139' title='bbox 1543 1737 1643 1760; x_wconf 81' lang='lat' dir='ltr'>vanr.</span> <span class='ocrx_word' id='word_1_1140' title='bbox 1658 1735 1682 1758; x_wconf 75' lang='grc' dir='ltr'>δε</span> <span class='ocrx_word' id='word_1_1141' title='bbox 1695 1734 1752 1757; x_wconf 79' lang='lat' dir='ltr'>hanc</span> <span class='ocrx_word' id='word_1_1142' title='bbox 1764 1740 1809 1756; x_wconf 84' lang='lat' dir='ltr'>una</span> <span class='ocrx_word' id='word_1_1143' title='bbox 1820 1740 1875 1756; x_wconf 90' lang='lat' dir='ltr'>cum</span> <span class='ocrx_word' id='word_1_1144' title='bbox 1888 1732 1990 1756; x_wconf 86' lang='lat' dir='ltr'>Sardinia</span> 
     </span>
     <span class='ocr_line' id='line_1_122' title="bbox 1219 1765 1992 1800; baseline -0.006 -8"><span class='ocrx_word' id='word_1_1145' title='bbox 1219 1769 1310 1800; x_wconf 86' lang='lat' dir='ltr'>semper</span> <span class='ocrx_word' id='word_1_1146' title='bbox 1324 1776 1382 1792; x_wconf 87' lang='lat' dir='ltr'>unus</span> <span class='ocrx_word' id='word_1_1147' title='bbox 1389 1767 1598 1799; x_wconf 79' lang='lat' dir='ltr'>rexitmagistratus</span> <span class='ocrx_word' id='word_1_1148' title='bbox 1604 1769 1734 1790; x_wconf 82' lang='lat' dir='ltr'>Romanus.</span> <span class='ocrx_word' id='word_1_1149' title='bbox 1751 1765 1853 1788; x_wconf 88' lang='lat' dir='ltr'>Siciliam</span> <span class='ocrx_word' id='word_1_1150' title='bbox 1859 1765 1950 1795; x_wconf 87' lang='lat' dir='ltr'>primus</span> <span class='ocrx_word' id='word_1_1151' title='bbox 1956 1765 1992 1788; x_wconf 85' lang='lat' dir='ltr'>vi-</span> 
     </span>
     <span class='ocr_line' id='line_1_123' title="bbox 1218 1795 1991 1830; baseline -0.006 -7"><span class='ocrx_word' id='word_1_1152' title='bbox 1218 1801 1251 1823; x_wconf 89' lang='lat' dir='ltr'>cit</span> <span class='ocrx_word' id='word_1_1153' title='bbox 1259 1817 1265 1826; x_wconf 83' lang='lat'>,</span> <span class='ocrx_word' id='word_1_1154' title='bbox 1279 1807 1410 1830; x_wconf 77' lang='lat' dir='ltr'>magnaque</span> <span class='ocrx_word' id='word_1_1155' title='bbox 1422 1806 1521 1830; x_wconf 86' lang='lat' dir='ltr'>exparte</span> <span class='ocrx_word' id='word_1_1156' title='bbox 1533 1798 1678 1829; x_wconf 77' lang='lat' dir='ltr'>provinciam</span> <span class='ocrx_word' id='word_1_1157' title='bbox 1691 1796 1745 1819; x_wconf 85' lang='lat' dir='ltr'>fecit</span> <span class='ocrx_word' id='word_1_1158' title='bbox 1759 1798 1793 1825; x_wconf 77' lang='lat' dir='ltr'>Q</span> <span class='ocrx_word' id='word_1_1159' title='bbox 1804 1797 1900 1819; x_wconf 77' lang='lat' dir='ltr'>Catulus</span> <span class='ocrx_word' id='word_1_1160' title='bbox 1909 1795 1991 1826; x_wconf 84' lang='lat' dir='ltr'>primo</span> 
     </span>
     <span class='ocr_line' id='line_1_124' title="bbox 1208 1826 1992 1861; baseline -0.004 -7"><span class='ocrx_word' id='word_1_1161' title='bbox 1208 1844 1209 1849; x_wconf 66' lang='lat'>=</span> <span class='ocrx_word' id='word_1_1162' title='bbox 1219 1831 1307 1855; x_wconf 87' lang='lat' dir='ltr'>Punico</span> <span class='ocrx_word' id='word_1_1163' title='bbox 1313 1829 1391 1854; x_wconf 79' lang='lat' dir='ltr'>bello:</span> <span class='ocrx_word' id='word_1_1164' title='bbox 1406 1829 1457 1860; x_wconf 84' lang='lat' dir='ltr'>post</span> <span class='ocrx_word' id='word_1_1165' title='bbox 1462 1830 1552 1861; x_wconf 88' lang='lat' dir='ltr'>aliquot</span> <span class='ocrx_word' id='word_1_1166' title='bbox 1559 1835 1633 1852; x_wconf 85' lang='lat' dir='ltr'>annos</span> <span class='ocrx_word' id='word_1_1167' title='bbox 1639 1845 1646 1856; x_wconf 91' lang='lat'>,</span> <span class='ocrx_word' id='word_1_1168' title='bbox 1653 1828 1724 1858; x_wconf 85' lang='lat' dir='ltr'>captis</span> <span class='ocrx_word' id='word_1_1169' title='bbox 1732 1826 1840 1857; x_wconf 71' lang='lat' dir='ltr'>Syracusis</span> <span class='ocrx_word' id='word_1_1170' title='bbox 1846 1843 1853 1853; x_wconf 88' lang='lat'>,</span> <span class='ocrx_word' id='word_1_1171' title='bbox 1861 1826 1992 1851; x_wconf 82' lang='lat' dir='ltr'>universam</span> 
     </span>
     <span class='ocr_line' id='line_1_125' title="bbox 1220 1857 1992 1892; baseline -0.008 -6"><span class='ocrx_word' id='word_1_1172' title='bbox 1220 1863 1246 1886; x_wconf 92' lang='lat' dir='ltr'>in</span> <span class='ocrx_word' id='word_1_1173' title='bbox 1253 1861 1487 1892; x_wconf 82' lang='lat' dir='ltr'>provinciaeformam</span> <span class='ocrx_word' id='word_1_1174' title='bbox 1501 1860 1591 1892; x_wconf 83' lang='lat' dir='ltr'>redegit</span> <span class='ocrx_word' id='word_1_1175' title='bbox 1604 1858 1769 1883; x_wconf 89' lang='lat' dir='ltr'>M.Marcellus</span> <span class='ocrx_word' id='word_1_1176' title='bbox 1782 1857 1846 1881; x_wconf 89' lang='lat' dir='ltr'>bello</span> <span class='ocrx_word' id='word_1_1177' title='bbox 1858 1858 1946 1881; x_wconf 78' lang='lat' dir='ltr'>Punico</span> <span class='ocrx_word' id='word_1_1178' title='bbox 1958 1858 1992 1881; x_wconf 84' lang='lat' dir='ltr'>se-</span> 
     </span>
     <span class='ocr_line' id='line_1_126' title="bbox 1218 1889 1993 1924; baseline -0.004 -7"><span class='ocrx_word' id='word_1_1179' title='bbox 1218 1894 1307 1920; x_wconf 83' lang='lat' dir='ltr'>cundo,</span> <span class='ocrx_word' id='word_1_1180' title='bbox 1314 1898 1425 1919; x_wconf 79' lang='lat' dir='ltr'>autcerte,</span> <span class='ocrx_word' id='word_1_1181' title='bbox 1432 1893 1474 1924; x_wconf 87' lang='lat' dir='ltr'>qui</span> <span class='ocrx_word' id='word_1_1182' title='bbox 1482 1893 1505 1916; x_wconf 91' lang='lat' dir='ltr'>ei</span> <span class='ocrx_word' id='word_1_1183' title='bbox 1512 1891 1621 1917; x_wconf 79' lang='lat' dir='ltr'>firceeffir,</span> <span class='ocrx_word' id='word_1_1184' title='bbox 1633 1893 1667 1914; x_wconf 88' lang='lat' dir='ltr'>M.</span> <span class='ocrx_word' id='word_1_1185' title='bbox 1675 1890 1788 1914; x_wconf 69' lang='lat' dir='ltr'>Laevinus.</span> <span class='ocrx_word' id='word_1_1186' title='bbox 1796 1897 1849 1912; x_wconf 83' lang='lat' dir='ltr'>nam</span> <span class='ocrx_word' id='word_1_1187' title='bbox 1858 1889 1888 1912; x_wconf 89' lang='lat' dir='ltr'>de</span> <span class='ocrx_word' id='word_1_1188' title='bbox 1896 1890 1993 1914; x_wconf 86' lang='lat' dir='ltr'>Marcel-</span> 
     </span>
     <span class='ocr_line' id='line_1_127' title="bbox 1219 1919 1993 1955; baseline -0.005 -5"><span class='ocrx_word' id='word_1_1189' title='bbox 1219 1927 1244 1950; x_wconf 92' lang='lat' dir='ltr'>lo</span> <span class='ocrx_word' id='word_1_1190' title='bbox 1252 1925 1352 1955; x_wconf 79' lang='lat' dir='ltr'>velleius</span> <span class='ocrx_word' id='word_1_1191' title='bbox 1359 1925 1428 1948; x_wconf 84' lang='lat' dir='ltr'>tradit</span> <span class='ocrx_word' id='word_1_1192' title='bbox 1437 1933 1443 1946; x_wconf 75' lang='lat' dir='ltr'>r</span> <span class='ocrx_word' id='word_1_1193' title='bbox 1455 1924 1598 1948; x_wconf 87' lang='lat' dir='ltr'>debellatum</span> <span class='ocrx_word' id='word_1_1194' title='bbox 1603 1929 1661 1946; x_wconf 82' lang='lat' dir='ltr'>vero</span> <span class='ocrx_word' id='word_1_1195' title='bbox 1668 1923 1693 1946; x_wconf 91' lang='lat' dir='ltr'>in</span> <span class='ocrx_word' id='word_1_1196' title='bbox 1700 1922 1775 1945; x_wconf 82' lang='lat' dir='ltr'>silicia</span> <span class='ocrx_word' id='word_1_1197' title='bbox 1787 1919 1800 1944; x_wconf 62' lang='lat' dir='ltr'>a</span> <span class='ocrx_word' id='word_1_1198' title='bbox 1808 1922 1901 1944; x_wconf 72' lang='lat' dir='ltr'>chvino</span> <span class='ocrx_word' id='word_1_1199' title='bbox 1912 1922 1993 1952; x_wconf 78' lang='lat' dir='ltr'>potins</span> 
     </span>
     <span class='ocr_line' id='line_1_128' title="bbox 1220 1952 1992 1989; baseline -0.005 -8"><span class='ocrx_word' id='word_1_1200' title='bbox 1220 1964 1319 1989; x_wconf 80' lang='lat' dir='ltr'>praetore</span> <span class='ocrx_word' id='word_1_1201' title='bbox 1326 1974 1333 1984; x_wconf 89' lang='lat'>,</span> <span class='ocrx_word' id='word_1_1202' title='bbox 1346 1964 1417 1988; x_wconf 89' lang='lat' dir='ltr'>quam</span> <span class='ocrx_word' id='word_1_1203' title='bbox 1424 1954 1437 1979; x_wconf 69' lang='lat' dir='ltr'>a</span> <span class='ocrx_word' id='word_1_1204' title='bbox 1445 1956 1555 1980; x_wconf 86' lang='lat' dir='ltr'>Marcello</span> <span class='ocrx_word' id='word_1_1205' title='bbox 1566 1952 1672 1978; x_wconf 90' lang='lat' dir='ltr'>consule.</span> <span class='ocrx_word' id='word_1_1206' title='bbox 1679 1953 1703 1976; x_wconf 71' lang='grc' dir='ltr'>ἃ</span> <span class='ocrx_word' id='word_1_1207' title='bbox 1711 1953 1794 1976; x_wconf 85' lang='lat' dir='ltr'>Cicero</span> <span class='ocrx_word' id='word_1_1208' title='bbox 1806 1953 1831 1976; x_wconf 87' lang='lat' dir='ltr'>in</span> <span class='ocrx_word' id='word_1_1209' title='bbox 1839 1955 1935 1976; x_wconf 88' lang='lat' dir='ltr'>Verrem</span> <span class='ocrx_word' id='word_1_1210' title='bbox 1942 1970 1948 1980; x_wconf 89' lang='lat'>,</span> <span class='ocrx_word' id='word_1_1211' title='bbox 1966 1954 1992 1977; x_wconf 75' lang='grc' dir='ltr'>δε</span> 
     </span>
     <span class='ocr_line' id='line_1_129' title="bbox 1221 1983 1992 2018; baseline -0.006 -6"><span class='ocrx_word' id='word_1_1212' title='bbox 1221 1990 1303 2013; x_wconf 73' lang='lat' dir='ltr'>Livius</span> <span class='ocrx_word' id='word_1_1213' title='bbox 1309 1988 1445 2018; x_wconf 81' lang='lat' dir='ltr'>fignificant.</span> <span class='ocrx_word' id='word_1_1214' title='bbox 1462 1988 1585 2011; x_wconf 90' lang='lat' dir='ltr'>Marcellus</span> <span class='ocrx_word' id='word_1_1215' title='bbox 1591 1985 1690 2018; x_wconf 89' lang='lat' dir='ltr'>quidem</span> <span class='ocrx_word' id='word_1_1216' title='bbox 1696 2001 1703 2012; x_wconf 88' lang='lat'>‚</span> <span class='ocrx_word' id='word_1_1217' title='bbox 1717 1983 1805 2008; x_wconf 87' lang='lat' dir='ltr'>secutus</span> <span class='ocrx_word' id='word_1_1218' title='bbox 1811 1991 1879 2008; x_wconf 82' lang='lat' dir='ltr'>exem</span> <span class='ocrx_word' id='word_1_1219' title='bbox 1897 1985 1947 2008; x_wconf 90' lang='lat' dir='ltr'>lum</span> <span class='ocrx_word' id='word_1_1220' title='bbox 1955 1987 1992 2008; x_wconf 87' lang='lat' dir='ltr'>Pa-</span> 
     </span>
     <span class='ocr_line' id='line_1_130' title="bbox 1222 2016 1991 2052; baseline -0.007 -8"><span class='ocrx_word' id='word_1_1221' title='bbox 1222 2021 1278 2052; x_wconf 88' lang='lat' dir='ltr'>pirii</span> <span class='ocrx_word' id='word_1_1222' title='bbox 1285 2019 1401 2047; x_wconf 85' lang='lat' dir='ltr'>Masonis,</span> <span class='ocrx_word' id='word_1_1223' title='bbox 1411 2020 1436 2043; x_wconf 87' lang='lat' dir='ltr'>in</span> <span class='ocrx_word' id='word_1_1224' title='bbox 1444 2019 1535 2043; x_wconf 85' lang='lat' dir='ltr'>Albano</span> <span class='ocrx_word' id='word_1_1225' title='bbox 1542 2023 1627 2043; x_wconf 82' lang='lat' dir='ltr'>monte</span> <span class='ocrx_word' id='word_1_1226' title='bbox 1636 2016 1784 2047; x_wconf 83' lang='lat' dir='ltr'>triumphum</span> <span class='ocrx_word' id='word_1_1227' title='bbox 1791 2016 1852 2047; x_wconf 78' lang='lat' dir='ltr'>egit,</span> <span class='ocrx_word' id='word_1_1228' title='bbox 1861 2023 1887 2039; x_wconf 85' lang='lat' dir='ltr'>ur</span> <span class='ocrx_word' id='word_1_1229' title='bbox 1905 2023 1991 2048; x_wconf 86' lang='lat' dir='ltr'>emque</span> 
     </span>
     <span class='ocr_line' id='line_1_131' title="bbox 1222 2047 1992 2083; baseline -0.008 -7"><span class='ocrx_word' id='word_1_1230' title='bbox 1222 2060 1294 2076; x_wconf 88' lang='lat' dir='ltr'>ovans</span> <span class='ocrx_word' id='word_1_1231' title='bbox 1305 2050 1462 2083; x_wconf 83' lang='lat' dir='ltr'>estingreffus.</span> <span class='ocrx_word' id='word_1_1232' title='bbox 1480 2050 1594 2082; x_wconf 77' lang='lat' dir='ltr'>Hispaniae</span> <span class='ocrx_word' id='word_1_1233' title='bbox 1603 2055 1654 2073; x_wconf 85' lang='lat' dir='ltr'>tum</span> <span class='ocrx_word' id='word_1_1234' title='bbox 1663 2047 1677 2072; x_wconf 69' lang='grc' dir='ltr'>Ξι</span> <span class='ocrx_word' id='word_1_1235' title='bbox 1686 2048 1796 2079; x_wconf 84' lang='lat' dir='ltr'>Scipione</span> <span class='ocrx_word' id='word_1_1236' title='bbox 1802 2047 1912 2071; x_wconf 83' lang='lat' dir='ltr'>Africano</span> <span class='ocrx_word' id='word_1_1237' title='bbox 1919 2048 1992 2076; x_wconf 77' lang='lat' dir='ltr'>majo-</span> 
     </span>
    </p>
   </div>
   <div class='ocr_carea' id='block_1_9' title="bbox 1221 2079 2002 2135">
    <p class='ocr_par' dir='ltr' id='par_1_10' title="bbox 1221 2079 2002 2135">
     <span class='ocr_line' id='line_1_132' title="bbox 1221 2079 2002 2135; baseline -0.006 -28"><span class='ocrx_word' id='word_1_1238' title='bbox 1221 2091 1253 2111; x_wconf 87' lang='lat' dir='ltr'>re,</span> <span class='ocrx_word' id='word_1_1239' title='bbox 1261 2083 1363 2108; x_wconf 89' lang='lat' dir='ltr'>secundo</span> <span class='ocrx_word' id='word_1_1240' title='bbox 1370 2083 1458 2106; x_wconf 84' lang='lat' dir='ltr'>Punico</span> <span class='ocrx_word' id='word_1_1241' title='bbox 1465 2082 1537 2109; x_wconf 90' lang='lat' dir='ltr'>bello,</span> <span class='ocrx_word' id='word_1_1242' title='bbox 1545 2088 1606 2108; x_wconf 88' lang='lat' dir='ltr'>tum,</span> <span class='ocrx_word' id='word_1_1243' title='bbox 1612 2081 1704 2135; x_wconf 52' lang='lat' dir='ltr'>aliquot</span> <span class='ocrx_word' id='word_1_1244' title='bbox 1710 2079 1760 2110; x_wconf 85' lang='lat' dir='ltr'>post</span> <span class='ocrx_word' id='word_1_1245' title='bbox 1766 2080 1832 2103; x_wconf 82' lang='lat' dir='ltr'>annis</span> <span class='ocrx_word' id='word_1_1246' title='bbox 1839 2096 1846 2107; x_wconf 88' lang='lat'><em>‚</em></span> <span class='ocrx_word' id='word_1_1247' title='bbox 1854 2082 1888 2103; x_wconf 91' lang='lat' dir='ltr'>M.</span> <span class='ocrx_word' id='word_1_1248' title='bbox 1895 2080 2002 2103; x_wconf 69' lang='lat' dir='ltr'>Catonia.</span> 
     </span>
    </p>
   </div>
   <div class='ocr_carea' id='block_1_10' title="bbox 1221 2110 1996 2420">
    <p class='ocr_par' dir='ltr' id='par_1_11' title="bbox 1221 2110 1996 2418">
     <span class='ocr_line' id='line_1_133' title="bbox 1222 2110 1994 2142; baseline -0.006 -3"><span class='ocrx_word' id='word_1_1249' title='bbox 1222 2114 1331 2139; x_wconf 80' lang='lat' dir='ltr'>Censorii</span> <span class='ocrx_word' id='word_1_1250' title='bbox 1338 2115 1431 2141; x_wconf 84' lang='lat' dir='ltr'>virtute,</span> <span class='ocrx_word' id='word_1_1251' title='bbox 1439 2114 1520 2138; x_wconf 84' lang='lat' dir='ltr'>multis</span> <span class='ocrx_word' id='word_1_1252' title='bbox 1526 2112 1632 2138; x_wconf 65' lang='lat' dir='ltr'>vistoriis</span> <span class='ocrx_word' id='word_1_1253' title='bbox 1661 2111 1753 2136; x_wconf 65' lang='lat' dir='ltr'>omitte:</span> <span class='ocrx_word' id='word_1_1254' title='bbox 1771 2112 1827 2135; x_wconf 87' lang='lat' dir='ltr'>&amp;in</span> <span class='ocrx_word' id='word_1_1255' title='bbox 1834 2119 1871 2135; x_wconf 88' lang='lat' dir='ltr'>eas</span> <span class='ocrx_word' id='word_1_1256' title='bbox 1877 2110 1994 2142; x_wconf 85' lang='lat' dir='ltr'>magistra-</span> 
     </span>
     <span class='ocr_line' id='line_1_134' title="bbox 1222 2142 1992 2178; baseline -0.008 -7"><span class='ocrx_word' id='word_1_1257' title='bbox 1222 2154 1259 2171; x_wconf 85' lang='lat' dir='ltr'>tus</span> <span class='ocrx_word' id='word_1_1258' title='bbox 1265 2147 1371 2172; x_wconf 78' lang='lat' dir='ltr'>Romani</span> <span class='ocrx_word' id='word_1_1259' title='bbox 1380 2144 1456 2170; x_wconf 87' lang='lat' dir='ltr'>modo</span> <span class='ocrx_word' id='word_1_1260' title='bbox 1463 2153 1507 2178; x_wconf 84' lang='lat' dir='ltr'>pro</span> <span class='ocrx_word' id='word_1_1261' title='bbox 1512 2144 1647 2169; x_wconf 82' lang='lat' dir='ltr'>consulibus</span> <span class='ocrx_word' id='word_1_1262' title='bbox 1654 2161 1660 2171; x_wconf 90' lang='lat'>,</span> <span class='ocrx_word' id='word_1_1263' title='bbox 1678 2143 1754 2167; x_wconf 87' lang='lat' dir='ltr'>modo</span> <span class='ocrx_word' id='word_1_1264' title='bbox 1762 2150 1803 2174; x_wconf 85' lang='lat' dir='ltr'>pro</span> <span class='ocrx_word' id='word_1_1265' title='bbox 1810 2142 1948 2175; x_wconf 74' lang='lat' dir='ltr'>praetoribus</span> <span class='ocrx_word' id='word_1_1266' title='bbox 1959 2143 1992 2166; x_wconf 82' lang='lat' dir='ltr'>ie-</span> 
     </span>
     <span class='ocr_line' id='line_1_135' title="bbox 1222 2174 1996 2209; baseline -0.005 -7"><span class='ocrx_word' id='word_1_1267' title='bbox 1222 2185 1283 2203; x_wconf 82' lang='lat' dir='ltr'>runt.</span> <span class='ocrx_word' id='word_1_1268' title='bbox 1301 2178 1362 2202; x_wconf 85' lang='lat' dir='ltr'>varie</span> <span class='ocrx_word' id='word_1_1269' title='bbox 1373 2184 1451 2201; x_wconf 87' lang='lat' dir='ltr'>tamen</span> <span class='ocrx_word' id='word_1_1270' title='bbox 1464 2177 1576 2209; x_wconf 80' lang='lat' dir='ltr'>poffeffae,</span> <span class='ocrx_word' id='word_1_1271' title='bbox 1592 2177 1648 2200; x_wconf 89' lang='lat' dir='ltr'>&amp;ut</span> <span class='ocrx_word' id='word_1_1272' title='bbox 1655 2175 1806 2204; x_wconf 81' lang='lat' dir='ltr'>aitvellejus‚</span> <span class='ocrx_word' id='word_1_1273' title='bbox 1823 2174 1882 2206; x_wconf 68' lang='lat' dir='ltr'>saepe</span> <span class='ocrx_word' id='word_1_1274' title='bbox 1890 2174 1996 2206; x_wconf 76' lang='lat' dir='ltr'>partibus·</span> 
     </span>
     <span class='ocr_line' id='line_1_136' title="bbox 1223 2205 1993 2241; baseline -0.006 -7"><span class='ocrx_word' id='word_1_1275' title='bbox 1223 2209 1319 2237; x_wconf 77' lang='lat' dir='ltr'>amiffae,</span> <span class='ocrx_word' id='word_1_1276' title='bbox 1335 2215 1394 2233; x_wconf 86' lang='lat' dir='ltr'>certa</span> <span class='ocrx_word' id='word_1_1277' title='bbox 1401 2217 1425 2232; x_wconf 84' lang='lat' dir='ltr'>:tc</span> <span class='ocrx_word' id='word_1_1278' title='bbox 1432 2208 1568 2234; x_wconf 82' lang='lat' dir='ltr'>stabiliseffe</span> <span class='ocrx_word' id='word_1_1279' title='bbox 1576 2207 1658 2241; x_wconf 81' lang='lat' dir='ltr'>populi</span> <span class='ocrx_word' id='word_1_1280' title='bbox 1666 2210 1696 2231; x_wconf 85' lang='lat' dir='ltr'>R.</span> <span class='ocrx_word' id='word_1_1281' title='bbox 1705 2205 1810 2238; x_wconf 79' lang='lat' dir='ltr'>poffeffio</span> <span class='ocrx_word' id='word_1_1282' title='bbox 1817 2223 1824 2234; x_wconf 82' lang='grc'>,</span> <span class='ocrx_word' id='word_1_1283' title='bbox 1837 2206 1993 2238; x_wconf 84' lang='lat' dir='ltr'>stipendium·-</span> 
     </span>
     <span class='ocr_line' id='line_1_137' title="bbox 1223 2238 1991 2275; baseline -0.007 -9"><span class='ocrx_word' id='word_1_1284' title='bbox 1223 2250 1269 2275; x_wconf 88' lang='lat' dir='ltr'>que</span> <span class='ocrx_word' id='word_1_1285' title='bbox 1276 2241 1375 2273; x_wconf 88' lang='lat' dir='ltr'>pendere</span> <span class='ocrx_word' id='word_1_1286' title='bbox 1382 2248 1432 2265; x_wconf 88' lang='lat' dir='ltr'>non</span> <span class='ocrx_word' id='word_1_1287' title='bbox 1440 2242 1502 2273; x_wconf 81' lang='lat' dir='ltr'>prius</span> <span class='ocrx_word' id='word_1_1288' title='bbox 1509 2259 1516 2269; x_wconf 84' lang='lat'>,</span> <span class='ocrx_word' id='word_1_1289' title='bbox 1529 2248 1600 2273; x_wconf 81' lang='lat' dir='ltr'>quam</span> <span class='ocrx_word' id='word_1_1290' title='bbox 1608 2238 1714 2271; x_wconf 77' lang='lat' dir='ltr'>Augusto</span> <span class='ocrx_word' id='word_1_1291' title='bbox 1727 2238 1832 2270; x_wconf 83' lang='lat' dir='ltr'>principe</span> <span class='ocrx_word' id='word_1_1292' title='bbox 1840 2255 1846 2265; x_wconf 83' lang='lat'>,</span> <span class='ocrx_word' id='word_1_1293' title='bbox 1861 2242 1991 2270; x_wconf 84' lang='lat' dir='ltr'>ccepcrunt.</span> 
     </span>
     <span class='ocr_line' id='line_1_138' title="bbox 1224 2270 1991 2301; baseline -0.008 -3"><span class='ocrx_word' id='word_1_1294' title='bbox 1224 2274 1301 2298; x_wconf 80' lang='lat' dir='ltr'>Asiam</span> <span class='ocrx_word' id='word_1_1295' title='bbox 1309 2273 1341 2297; x_wconf 86' lang='lat' dir='ltr'>cis</span> <span class='ocrx_word' id='word_1_1296' title='bbox 1346 2276 1449 2297; x_wconf 86' lang='lat' dir='ltr'>Taurum</span> <span class='ocrx_word' id='word_1_1297' title='bbox 1459 2279 1568 2297; x_wconf 89' lang='lat' dir='ltr'>montem</span> <span class='ocrx_word' id='word_1_1298' title='bbox 1576 2272 1640 2296; x_wconf 85' lang='lat' dir='ltr'>bello</span> <span class='ocrx_word' id='word_1_1299' title='bbox 1649 2270 1796 2294; x_wconf 75' lang='lat' dir='ltr'>Antiochino</span> <span class='ocrx_word' id='word_1_1300' title='bbox 1806 2272 1832 2294; x_wconf 91' lang='lat' dir='ltr'>L.</span> <span class='ocrx_word' id='word_1_1301' title='bbox 1840 2270 1917 2301; x_wconf 86' lang='lat' dir='ltr'>Scipio</span> <span class='ocrx_word' id='word_1_1302' title='bbox 1925 2286 1931 2297; x_wconf 90' lang='lat'>,</span> <span class='ocrx_word' id='word_1_1303' title='bbox 1942 2276 1991 2292; x_wconf 85' lang='lat' dir='ltr'>ma-</span> 
     </span>
     <span class='ocr_line' id='line_1_139' title="bbox 1223 2300 1991 2337; baseline -0.008 -7"><span class='ocrx_word' id='word_1_1304' title='bbox 1223 2307 1278 2336; x_wconf 83' lang='lat' dir='ltr'>joris</span> <span class='ocrx_word' id='word_1_1305' title='bbox 1285 2304 1475 2332; x_wconf 82' lang='lat' dir='ltr'>Africanifrater,</span> <span class='ocrx_word' id='word_1_1306' title='bbox 1489 2304 1606 2337; x_wconf 73' lang='lat' dir='ltr'>profestos</span> <span class='ocrx_word' id='word_1_1307' title='bbox 1616 2304 1641 2327; x_wconf 88' lang='lat' dir='ltr'>in</span> <span class='ocrx_word' id='word_1_1308' title='bbox 1652 2309 1704 2326; x_wconf 88' lang='lat' dir='ltr'>eam</span> <span class='ocrx_word' id='word_1_1309' title='bbox 1717 2300 1812 2329; x_wconf 89' lang='lat' dir='ltr'>consul,</span> <span class='ocrx_word' id='word_1_1310' title='bbox 1829 2301 1856 2325; x_wconf 89' lang='lat' dir='ltr'>ad</span> <span class='ocrx_word' id='word_1_1311' title='bbox 1863 2301 1991 2333; x_wconf 82' lang='lat' dir='ltr'>imperium</span> 
     </span>
     <span class='ocr_line' id='line_1_140' title="bbox 1222 2331 1990 2368; baseline -0.01 -6"><span class='ocrx_word' id='word_1_1312' title='bbox 1222 2337 1328 2368; x_wconf 80' lang='lat' dir='ltr'>adjunxit</span> <span class='ocrx_word' id='word_1_1313' title='bbox 1341 2354 1348 2365; x_wconf 94' lang='lat'>,</span> <span class='ocrx_word' id='word_1_1314' title='bbox 1374 2344 1483 2368; x_wconf 88' lang='lat' dir='ltr'>annoque</span> <span class='ocrx_word' id='word_1_1315' title='bbox 1496 2336 1547 2368; x_wconf 86' lang='lat' dir='ltr'>post</span> <span class='ocrx_word' id='word_1_1316' title='bbox 1562 2334 1710 2360; x_wconf 83' lang='lat' dir='ltr'>consulatum</span> <span class='ocrx_word' id='word_1_1317' title='bbox 1729 2334 1841 2366; x_wconf 84' lang='lat' dir='ltr'>proximo</span> <span class='ocrx_word' id='word_1_1318' title='bbox 1862 2331 1990 2363; x_wconf 82' lang='lat' dir='ltr'>triumpha—</span> 
     </span>
     <span class='ocr_line' id='line_1_141' title="bbox 1221 2361 1992 2418; baseline -0.019 -19"><span class='ocrx_word' id='word_1_1319' title='bbox 1221 2370 1256 2394; x_wconf 80' lang='lat' dir='ltr'>vit</span> <span class='ocrx_word' id='word_1_1320' title='bbox 1267 2386 1275 2398; x_wconf 75' lang='lat'><em>2</em></span> <span class='ocrx_word' id='word_1_1321' title='bbox 1303 2368 1330 2393; x_wconf 67' lang='lat' dir='ltr'>ab</span> <span class='ocrx_word' id='word_1_1322' title='bbox 1352 2367 1411 2393; x_wconf 80' lang='lat' dir='ltr'>urbe</span> <span class='ocrx_word' id='word_1_1323' title='bbox 1426 2368 1524 2394; x_wconf 78' lang='lat' dir='ltr'>condita</span> <span class='ocrx_word' id='word_1_1324' title='bbox 1540 2369 1642 2394; x_wconf 82' lang='lat' dir='ltr'>DLXlV.</span> <span class='ocrx_word' id='word_1_1325' title='bbox 1671 2364 1722 2398; x_wconf 79' lang='lat' dir='ltr'>post</span> <span class='ocrx_word' id='word_1_1326' title='bbox 1742 2372 1793 2390; x_wconf 88' lang='lat' dir='ltr'>eam</span> <span class='ocrx_word' id='word_1_1327' title='bbox 1817 2361 1992 2418; x_wconf 69' lang='lat' dir='ltr'>poss‘ederefibe-</span> 
     </span>
    </p>

    <p class='ocr_par' dir='ltr' id='par_1_12' title="bbox 1905 2400 1992 2420">
     <span class='ocr_line' id='line_1_142' title="bbox 1905 2400 1992 2420; baseline -0.023 0"><span class='ocrx_word' id='word_1_1328' title='bbox 1905 2401 1934 2420; x_wconf 82' lang='lat' dir='ltr'>ue</span> <span class='ocrx_word' id='word_1_1329' title='bbox 1953 2400 1992 2419; x_wconf 82' lang='lat' dir='ltr'>cro</span> 
     </span>
    </p>
   </div>
   <div class='ocr_carea' id='block_1_11' title="bbox 2034 1382 2075 2144">
    <p class='ocr_par' dir='ltr' id='par_1_13' title="bbox 2034 1382 2075 2144">
     <span class='ocr_line' id='line_1_143' title="bbox 2034 1382 2075 2144; baseline 0 590"><span class='ocrx_word' id='word_1_1330' title='bbox 2034 1382 2075 2144; x_wconf 95' lang='lat' dir='ltr'> </span> 
     </span>
    </p>
   </div>
  </div>
 </body>
</html>
