2075 2734
402 119 458 147 5¹2
682 105 1510 138 Anmquxrarunnomrnanum
1550 109 1706 138 mmvn.

404 160 476 186 haec:
497 159 527 182 L.
542 153 642 192 Junim
658 157 752 181 Brutus
762 175 769 186 ,
789 158 819 182 C.
831 153 939 182 Sicinius
957 156 1086 189 Bellmus,
1106 160 1136 185 C.
1152 157 1186 191 ά·
1203 160 1233 185 l’.
1247 155 1353 186 Licinii,
1374 155 1416 189 ἐς
1428 161 1470 191 Sp.
1488 155 1569 184 Icilius
1583 162 1672 195 Ruga:
1691 158 1825 197 refertque
1838 159 1983 201 Dzbaegyfius,

403 205 449 223 eos
471 194 589 222 comitiis
609 194 714 220 curiatis
735 193 748 220 a
768 192 846 229 plebe
865 202 967 221 creatos
981 215 988 226 ‚
1014 204 1039 221 a.
1050 195 1076 222 d.
1089 204 1116 230 4.
1136 196 1174 223 Id.
1189 195 1320 222 Decemb.
1336 196 1494 231 potestatem
1507 194 1669 222 tribuninam
1681 199 1814 234 accepiss‘e.
1856 199 1981 236 Duplica-

403 240 446 261 tus
459 232 556 260 deinde
570 231 612 259 hic
627 240 753 258 numerus
768 231 817 259 fuit
831 251 839 263 ‚
868 234 894 260 &
907 240 957 268 pro
969 233 1085 269 quinque
1098 234 1180 260 decem
1192 232 1269 260 creati
1282 254 1291 264 ‚
1318 243 1382 261 cum
1397 242 1498 270 magno
1512 233 1676 267 optumatium
1689 235 1839 272 dispendio,
1859 248 1929 266 anno
1947 239 1980 266 ab

403 270 479 298 Urbe
505 271 612 298 condita
632 278 758 296 ccxcvii·
779 269 849 297 Coff.
870 274 909 297 M.
932 270 1037 300 Valerio,
1060 275 1100 305 Sp.
1122 270 1241 308 Virginio.
1282 272 1365 298 Primi
1391 279 1481 299 autem
1505 270 1604 299 tribum·
1622 271 1698 306 plebis
1721 273 1761 301 his
1786 277 1981 304 conditionibus

403 310 486 337 creati
500 308 559 336 sunt
574 319 579 335 ;
605 309 677 335 Cum
691 308 717 334 in
732 307 775 335 illa
788 307 872 344 plebis
885 317 947 335 cum
960 308 1077 345 patribus
1091 309 1266 337 transactione
1279 329 1285 340 ,
1307 308 1403 344 plebeji
1419 317 1583 341 metuerent,
1604 320 1638 338 ne
1652 310 1739 339 soluto
1753 320 1840 343 coetu,
1863 314 1904 341 vel
1917 324 1980 351 pro-

404 348 488 375 missis
509 356 564 374 non
584 346 692 373 staretur
704 366 711 377 ‚
738 345 780 373 vel
799 345 879 383 aliqui
892 346 1077 383 comprehensi
1089 356 1245 384 raperentur
1259 347 1291 374 ad
1307 346 1464 383 supplicium
1479 359 1486 378 5
1513 347 1660 376 securitatis
1673 349 1723 377 suae
1737 349 1811 377 cauta
1823 352 1982 387 potestatem

403 386 477 413 iilam
493 383 656 420 postularunt
670 405 676 414 ,
697 385 724 412 &
737 385 827 420 adepti
840 384 899 412 sunt
912 405 919 417 ,
940 393 969 413 ut
982 385 1028 421 ipfi
1042 383 1057 412 e
1070 385 1118 420 suo
1131 395 1243 422 corpore
1258 393 1350 413 contra
1359 384 1522 419 patriciorum
1535 388 1685 422 potentiam
1701 397 1731 415 ac
1744 388 1800 415 vim
1816 410 1822 419 ‚
1844 398 1934 417 creare
1938 398 1983 424 pe-

402 423 524 450 culiarem
541 420 719 459 magistratum
738 422 843 458 poss‘ent
855 443 864 454 ‚
889 420 903 449 ὲ
921 432 975 460 quo
993 424 1081 451 auxilii
1100 422 1163 452 latio
1180 422 1302 451 adversus
1321 423 1434 457 Conficles
1453 424 1517 451 effer
1530 445 1537 456 ‚
1564 432 1646 462 utque
1664 424 1706 452 hic
1726 425 1886 463 magistratus
1897 429 1982 462 ,βω-ο-

396 460 502 497 fiznc‘ius
521 460 598 492 esset,
618 460 671 487 hoc
690 460 739 491 est,
761 460 833 492 talis,
853 469 935 497 quem
955 461 997 489 vel
1015 462 1056 494 vi,
1078 461 1120 488 vel
1141 462 1229 489 verbis
1243 461 1341 488 violare
1352 461 1462 498 capitale
1476 461 1556 493 effet,
1577 464 1603 491 ὃς
1618 462 1699 490 scelus
1713 464 1883 501 inexpiabile:
1903 473 1932 494 ut
1945 465 1982 494 ita

403 500 491 536 magis
505 499 538 527 ad
553 498 757 535 impediendum
771 519 779 531 ‚
799 507 880 536 quam
894 499 926 527 ad
939 499 1072 536 agendum
1087 500 1164 528 initio
1178 498 1273 527 tribuni
1289 499 1388 527 fuerint
1401 499 1501 531 creati,
1523 499 1575 528 hoc
1590 500 1658 533 fine,
1678 510 1707 529 ut
1721 503 1738 529 li
1753 503 1816 538 quid
1831 503 1872 531 vel
1887 503 1920 531 de
1932 513 1982 539 pu-

402 537 476 565 blico
489 538 616 575 negotiu,
637 536 679 565 vel
694 536 727 564 de
740 537 860 573 privato,
879 537 1127 566 animadverterent
1139 538 1152 566 a
1167 537 1285 574 patribus
1299 539 1356 575 agi,
1376 538 1448 574 quod
1464 537 1550 565 fraudi
1562 539 1648 574 poflet
1661 540 1711 567 efle
1724 540 1808 576 plebi,
1829 543 1982 579 interpone-

402 583 465 603 rent
478 575 551 603 suam
566 575 755 603 authoritatem
764 596 772 607 ,
793 575 894 604 &illud
908 583 1073 606 averterent;
1093 586 1147 604 non
1162 583 1252 605 autem
1268 575 1314 612 ipfi
1326 576 1375 604 alia
1389 577 1416 603 &
1430 585 1500 603 nova
1510 575 1685 609 molirentur,
1704 577 1842 615 ficutfiaepe
1851 579 1980 608 fecerunt.

403 612 471 642 ldeo
490 615 518 642 in
532 611 718 650 Halicarnaffi’o
731 613 868 650 aliquoties
882 614 942 650 ipfis
955 614 1081 650 objicitur
1091 635 1098 646 ‚
1126 615 1198 652 quod
1212 624 1266 642 non
1281 614 1331 642 lint
1348 623 1486 642 memores
1497 634 1504 645 ‚
1532 623 1595 650 quas
1609 622 1694 643 metas
1708 625 1737 644 ea
1754 618 1866 654 potestas
1879 617 1982 646 habeat.

402 653 479 680 Nam
494 653 522 680 in
535 653 620 680 veteri
631 652 692 688 jure
703 661 759 679 non
772 651 919 680 habuerunt
929 651 1027 679 tribuni
1038 653 1198 689 potestatem
1210 653 1337 680 vocandi:
1357 661 1409 689 qua
1422 652 1456 680 de
1468 661 1497 679 re
1510 652 1561 689 legi
1575 654 1660 689 potest
1667 654 1747 691 Agell.
1758 655 1802 682 lib.
1816 666 1856 693 13.
1867 665 1925 693 cap.
1938 666 1980 684 12.

400 693 430 720 ὃς
449 691 530 719 Cicer.
542 701 567 719 2.
585 691 614 719 in
636 689 747 718 Rullum
761 710 768 721 ,
795 693 822 719 ὃς
840 690 885 718 lib.
899 701 922 728 3.
942 690 975 718 de
995 690 1079 728 Legib.
1099 691 1184 723 dicit,
1203 690 1333 718 trtbunam
1345 689 1425 725 plebis
1444 690 1555 726 majoris
1574 691 1711 726 praefidem
1730 692 1875 726 libertatis,
1896 695 1982 722 custo-

401 729 520 767 demque
539 729 590 757 esse
608 728 764 761 voluerunt,
786 730 813 757 ὃς
832 728 891 756 alibi
911 729 944 756 de
962 728 1069 756 trxbums
1088 728 1168 757 verba
1187 728 1300 761 faciens,
1319 730 1389 757 inter
1407 727 1455 756 alia
1470 736 1609 765 comparat
1622 738 1667 757 eos
1682 738 1744 757 cum
1759 730 1885 768 Ephoris,
1907 732 1981 769 quod

400 770 429 797 &
447 768 501 795 Val.
521 766 656 794 Maximus
674 767 720 794 lib.
733 776 760 802 4.
780 775 837 803 cap.
852 777 874 794 1.
896 766 969 795 facit.
1007 772 1048 794 De
1060 766 1181 804 potestate
1199 775 1290 795 autem
1308 767 1465 794 tribunorum
1482 765 1536 795 haec
1556 767 1708 795 invenimus
1723 778 1729 794 :
1757 769 1839 804 Qod
1858 771 1981 806 quemvis

399 806 540 842 potuerint
560 805 628 834 tueri
641 826 648 837 ,
675 813 768 833 contra
790 807 848 833 vim
867 806 1028 833 intentatam
1040 806 1054 833 a
1067 805 1201 842 superiore
1213 826 1219 837 ,
1247 807 1274 833 ὃς
1289 806 1361 843 quod
1375 805 1478 833 licuerit
1491 805 1542 833 illis
1554 804 1688 842 quibusvis
1700 806 1813 834 decretis
1826 827 1834 838 ‚
1860 816 1917 844 quae
1930 808 1982 835 im-

398 844 563 881 probabant,
582 844 761 872 intercedere:
781 842 887 872 licuerit
906 844 987 871 etiam
1007 843 1067 880 ipfis
1087 852 1275 881 quemcunque
1295 843 1392 872 vellent
1405 863 1413 874 ‚
1435 851 1570 879 arreptum
1591 845 1618 871 in
1638 845 1799 872 concionem
1819 846 1982 880 producere,

397 883 429 910 &
449 890 576 920 cogerent
597 881 691 919 quibus
711 882 744 909 de
763 882 840 910 rebus
859 882 923 909 esset
942 883 1121 919 interrogatus
1134 902 1142 914 ,
1169 882 1203 909 de
1221 883 1252 909 iis
1265 881 1443 918 respondere:
1468 880 1517 909 hac
1530 889 1601 910 tanta
1616 883 1736 918 potentia
1750 885 1774 911 ὃ(
1791 883 1982 916 immunitate,

397 925 528 957 tanquam
549 919 605 947 telo
626 920 745 958 quodam
764 921 897 948 acerrimo
918 920 1034 951 armati,
1060 920 1078 947 fi
1098 921 1145 957 qui
1160 928 1252 948 natura
1265 920 1376 957 inquieti
1390 941 1396 951 ‚
1422 926 1466 946 aut
1480 918 1540 947 alias
1548 919 1666 952 patribus
1678 921 1762 958 iniqui
1777 921 1879 954 essent,
1905 922 1981 949 valde

395 957 468 985 abuti
482 958 542 986 sunt
554 957 597 986 sua
612 959 742 994 potestate
756 978 764 990 ,
787 961 814 986 ὅ(
825 957 957 994 paulatim
971 957 1048 984 latius
1058 958 1269 994 progrediendo,
1291 960 1316 985 ὃς
1330 958 1419 986 multo
1432 957 1490 993 plus
1504 957 1551 984 fibi
1562 958 1627 993 juris
1640 959 1815 989 vindicando,
1835 968 1915 996 quam
1931 960 1981 988 ini-

397 996 439 1024 tio
459 995 546 1025 fuerat
565 996 717 1025 concessum
729 1017 737 1028 ,
765 995 884 1023 multum
907 994 1092 1031 labefactarunt
1104 995 1285 1023 authoritatem
1301 996 1435 1030 Confidam
1450 995 1484 1029 ὠ·
1496 996 1597 1026 lenanu
1608 1015 1617 1025 ,
1643 998 1670 1024 sc
1686 998 1809 1024 authores
1825 998 1911 1025 crebri
1925 997 1982 1025 fue.

395 1042 461 1062 runt
479 1035 664 1064 maximorum
684 1034 852 1063 tumultuum
866 1054 874 1065 ,
903 1035 930 1061 ὃ(
944 1032 1079 1060 malorum
1093 1054 1100 1065 ,
1126 1040 1155 1061 ut
1168 1043 1223 1061 non
1236 1042 1297 1061 raro
1309 1034 1386 1070 pestis
1400 1035 1427 1061 ὅ(
1441 1031 1562 1066 pernicies
1573 1032 1705 1068 reipublicae
1719 1036 1904 1063 nominentur.
1945 1037 1980 1064 Et

395 1071 486 1100 ferme
505 1072 611 1110 semper
622 1094 630 1105 ‚
656 1073 760 1110 quoties
780 1072 878 1109 aliquid
900 1070 996 1100 affuffit
1010 1071 1105 1107 quietis
1116 1071 1266 1108 reipublicae
1277 1092 1284 1103 ,
1312 1071 1377 1099 illud
1394 1071 1534 1099 turbarunt
1547 1071 1645 1109 ubique
1658 1074 1823 1109 opponendo
1839 1072 1864 1101 se
1877 1074 1980 1110 impor-

395 1116 463 1138 tune
474 1111 579 1145 senatui
594 1132 601 1143 ,
627 1114 654 1140 &
675 1120 717 1138 res
736 1111 875 1138 movendo
888 1119 972 1137 novas
986 1110 1014 1137 &
1028 1109 1145 1136 rixarum
1162 1110 1384 1137 subministrando
1398 1109 1539 1136 materiam
1554 1117 1710 1145 perpetuam
1728 1122 1735 1137 :
1763 1120 1913 1148 quanquam
1927 1112 1981 1149 ipsa

395 1147 554 1177 tribunorum
571 1148 708 1186 constitutio
720 1170 728 1181 ,
747 1148 766 1176 fi
786 1149 854 1176 intra
873 1148 974 1176 limites
992 1146 1052 1174 suos
1072 1147 1222 1180 manfiffet,
1243 1150 1268 1176 ὃς
1288 1148 1355 1184 juste
1374 1146 1461 1175 fuisset
1480 1147 1677 1179 administrata,
1698 1148 1783 1177 fuisset
1802 1149 1875 1178 saluti
1893 1151 1980 1187 reipu-

394 1185 471 1215 blicae
484 1208 492 1220 ‚
513 1190 539 1216 ὅτ,
551 1187 657 1222 frenum
672 1195 791 1221 patrum,
810 1197 844 1215 ne
863 1186 1030 1215 discederent
1047 1184 1080 1211 ab
1098 1185 1205 1217 officio,
1225 1185 1290 1213 ficut
1310 1188 1337 1214 ὃς
1357 1183 1487 1222 Dionyfius
1505 1194 1563 1213 eam
1582 1184 1660 1214 habet
1679 1196 1729 1224 pro
1748 1187 1932 1220 saluberrima,
1952 1191 1980 1218 ὃς

395 1233 455 1261 quae
476 1226 595 1252 multum
608 1226 640 1252 ad
655 1226 823 1253 inssolentiam
835 1231 940 1262 patrum
953 1224 1156 1260 reprimendam
1171 1224 1288 1260 potuerit
1302 1233 1308 1250 ε
1333 1222 1438 1250 Ibidem
1453 1230 1544 1250 tamen
1558 1223 1632 1250 addit
1644 1244 1651 1255 ,
1678 1226 1705 1252 id
1718 1234 1825 1253 eatenus
1837 1227 1863 1252 le
1876 1226 1980 1262 judica-

394 1271 426 1289 re
438 1284 446 1294 ,
465 1271 594 1299 quatenus
609 1263 652 1291 illa
664 1265 777 1300 potestas
791 1265 866 1292 cadat
879 1265 906 1292 in
920 1264 1006 1291 bonos
1020 1264 1047 1291 δε
1060 1262 1205 1298 prudentes
1220 1262 1291 1288 viros
1305 1281 1313 1293 ,
1335 1261 1396 1298 quia
1411 1259 1541 1298 improbis
1559 1263 1585 1288 &
1600 1260 1699 1288 stolidis
1713 1272 1768 1289 non
1781 1272 1841 1290 raro
1855 1264 1935 1292 fuerit
1945 1265 1978 1292 ad

394 1300 523 1337 pessimos
544 1309 654 1329 conatus
667 1302 779 1330 occasio.
821 1303 871 1331 Sed
887 1305 913 1331 ὃ(
929 1302 981 1330 hoc
994 1301 1028 1328 de
1041 1298 1148 1327 tribunis
1163 1298 1341 1327 memorabile
1355 1299 1390 1326 est
1399 1319 1406 1330 ‚
1428 1299 1500 1335 quod
1513 1299 1532 1326 ii
1546 1307 1612 1326 unus
1626 1307 1784 1328 caeterorum
1798 1302 1981 1338 rogationibus

392 1338 574 1376 refragaretur
588 1360 596 1372 ,
619 1340 751 1376 impedire
775 1348 880 1376 poterat
905 1341 1008 1368 omnia.
1048 1339 1127 1366 Unde
1149 1341 1176 1367 δε
1194 1337 1317 1365 Claudius
1336 1337 1405 1373 apud
1427 1335 1646 1374 Halicarnffizcm
1664 1337 1749 1374 sperat
1768 1339 1827 1366 fore
1840 1360 1848 1371 ,
1875 1347 1906 1368 ut
1925 1340 1980 1376 ipia

393 1375 531 1405 tribunitia
552 1378 589 1405 vis
608 1378 621 1405 ὲ
640 1377 666 1405 se
685 1377 739 1414 ipsa
758 1379 917 1410 destruatur,
937 1378 956 1405 fi
973 1377 1073 1405 scilicet
1092 1377 1172 1404 aneio
1191 1375 1349 1403 tribunorum
1372 1384 1487 1402 numero
1506 1375 1624 1404 incidant
1636 1376 1707 1403 inter
1720 1376 1789 1412 ipsos
1803 1377 1979 1406 diffenfiones.

393 1416 539 1444 Gestarum
557 1414 653 1443 tribuni
666 1415 742 1450 plebis
762 1425 922 1452 purpuram,
944 1422 974 1443 ut
991 1415 1110 1443 affirmat
1129 1419 1213 1441 thero
1232 1423 1283 1449 pro
1303 1413 1428 1440 Cluentio
1441 1433 1448 1444 ,
1467 1422 1617 1450 quanquam
1637 1416 1801 1442 contrarium
1821 1415 1898 1444 affert
1917 1416 1979 1443 Plu-

392 1453 492 1480 tarchus
508 1453 641 1481 Problem.
654 1456 697 1482 81.
729 1458 874 1493 Domquue
885 1453 1020 1481 tribunitm
1034 1463 1084 1479 non
1104 1452 1154 1480 fuit
1167 1453 1248 1485 claquz
1259 1472 1267 1483 ‚
1294 1450 1337 1478 sed
1352 1451 1434 1478 noem
1450 1452 1476 1478 ὃς
1491 1452 1606 1478 interdiu
1621 1450 1726 1487 {emper
1743 1462 1869 1490 tanquam
1885 1462 1979 1489 portus

393 1491 504 1527 quidam
526 1493 553 1519 ὃς
566 1491 720 1528 perfugium
736 1492 764 1518 iis
773 1512 780 1522 ,
800 1493 894 1529 quibus
907 1491 1094 1528 opitulandum
1109 1490 1173 1518 esset
1182 1511 1189 1521 ,
1209 1489 1303 1525 patuit.
1344 1490 1404 1515 Nec
1418 1488 1493 1515 licuit
1508 1487 1606 1514 tribuno
1619 1489 1755 1525 integrum
1768 1492 1841 1518 diem
1855 1491 1888 1517 ab
1903 1491 1978 1519 Urbe

394 1528 496 1560 abesse,
516 1528 564 1555 nifi
579 1530 607 1555 in
624 1529 724 1555 Latinis
738 1529 818 1555 feriis.
844 1528 1014 1565 Halisarna-ff
1026 1528 1071 1555 lib.
1083 1530 1109 1556 8.
1128 1527 1208 1565 Agell.
1223 1527 1268 1554 lib.
1282 1537 1305 1563 3.
1320 1535 1376 1562 cap.
1394 1536 1418 1553 2.
1440 1528 1466 1553 ἃ
1483 1525 1623 1552 Macrobius
1637 1526 1682 1553 lib.
1694 1536 1722 1562 4.
1748 1527 1976 1561 Sammaliorum,

394 1575 453 1602 cap.
464 1576 489 1603 3.
509 1564 619 1606 Potestas
634 1566 715 1593 etiam
729 1564 888 1593 tribunorum
902 1568 1045 1594 terminata
1058 1565 1108 1593 fuit
1122 1565 1271 1596 moenibus,
1292 1573 1342 1591 nec
1354 1572 1428 1592 extra
1442 1562 1546 1590 Urbem
1560 1565 1703 1600 quicquam
1719 1565 1814 1596 valuit,
1835 1573 1864 1593 ut
1876 1567 1976 1595 docent:

394 1602 566 1639 Halicamaff.
587 1603 629 1636 ἐς·
649 1603 737 1630 Lwius
751 1604 796 1630 lib.
812 1614 836 1641 3.
877 1606 1011 1632 Caeterum
1025 1604 1097 1640 quod
1113 1604 1184 1630 Sulla
1198 1602 1315 1631 Dilintor
1328 1610 1415 1630 totam
1428 1601 1496 1628 hanc
1512 1602 1671 1636 potestatem
1687 1602 1847 1632 aboleverit,
1867 1612 1925 1639 quae
1939 1612 1977 1632 ta-

395 1651 461 1669 men
475 1641 488 1668 a
504 1641 637 1677 Pompejo
648 1642 766 1669 restituta
780 1641 822 1672 fit,
844 1642 968 1669 videmus
980 1643 1007 1669 in
1025 1641 1157 1668 Plutarcho
1177 1642 1204 1668 in
1218 1641 1352 1676 Pompejo
1362 1659 1369 1670 ,
1383 1642 1408 1667 ⁸&
1422 1638 1537 1679 Cicerone
1550 1638 1594 1665 lib.
1606 1649 1629 1675 3.
1644 1640 1678 1666 de
1693 1641 1822 1678 Legibus,
1843 1650 1878 1668 ne
1890 1641 1978 1679 plures

393 1689 467 1715 nunc
477 1679 638 1716 producam.
658 1679 710 1707 Sub
726 1680 902 1708 Constantino
912 1688 1005 1708 autem
1019 1682 1188 1716 Imperatore
1202 1680 1229 1707 in
1244 1678 1397 1707 univerrhm
1410 1675 1555 1704 mbunasus
1569 1676 1683 1705 celsavit.

1054 1757 1078 1784 C
1100 1766 1116 1784 Α
1137 1766 1161 1786 1¹.
1201 1757 1326 1785 XXIV.

945 1823 998 1856 De
1022 1818 1159 1854 aedilibus
1179 1820 1278 1869 plebis
1301 1818 1426 1854 duobus.

456 1905 511 1935 uod
531 1905 657 1935 haetenus
675 1905 705 1933 in
715 1905 785 1934 hisce
797 1904 871 1933 libris
885 1899 1009 1940 religio&
1022 1899 1175 1933 observavi,
1197 1908 1227 1929 ut
1241 1899 1340 1938 fingula
1354 1899 1445 1927 munia
1459 1896 1611 1934 reipublicae
1625 1906 1682 1935 quae
1697 1898 1782 1936 aliqua
1797 1909 1829 1928 ex
1844 1907 1919 1938 parte
1932 1903 1973 1931 di-

474 1945 567 1973 stineta
587 1944 709 1975 fuerunt,
729 1944 776 1973 etfi
793 1945 821 1972 in
835 1942 947 1970 nomine
961 1940 1109 1969 similitudo
1121 1939 1241 1976 quaedam
1255 1940 1308 1967 ess‘e
1324 1939 1472 1977 videretur,
1491 1936 1611 1964 distincte
1625 1938 1708 1964 etiam
1721 1939 1855 1966 traderem
1867 1961 1874 1972 ‚
1894 1949 1973 1978 atque

473 1983 646 2020 explicarem:
668 1982 742 2010 idem
758 1982 825 2009 mihi
840 1986 865 2009 ὃς
879 1980 932 2008 hoc
945 1980 1006 2008 loeo
1021 1978 1175 2007 faciendum
1188 1986 1271 2014 puto,
1292 1978 1337 2005 ubi
1353 1977 1386 2004 de
1397 1974 1602 2017 eddium—officim
1614 1975 1793 2004 differendum
1807 1986 1867 2006 erit.
1896 1979 1969 2008 Cum

391 2022 465 2049 enim
477 2029 531 2051 tres
545 2022 651 2049 ordines
665 2030 760 2048 eorum
774 2020 874 2048 fuerint
887 2040 894 2050 ‚
916 2019 960 2046 alii
966 2017 1070 2053 plebeji,
1090 2017 1133 2044 alii
1147 2016 1242 2043 curules
1251 2035 1259 2045 ,
1279 2016 1322 2044 alii
1334 2014 1452 2042 cereales:
1472 2021 1532 2050 qui,
1552 2012 1612 2041 hcet
1627 2023 1711 2042 unum
1725 2024 1826 2043 nomen
1840 2015 1953 2045 habeant
1963 2037 1971 2048 ,

393 2061 480 2095 quoad
492 2060 581 2088 officia
593 2067 683 2087 autem
699 2058 816 2087 multum
830 2059 843 2086 a
857 2057 884 2086 se
896 2059 1013 2086 invicem
1029 2055 1154 2084 differant
1167 2066 1172 2082 :
1195 2055 1228 2082 de
1242 2055 1273 2082 iis
1287 2053 1393 2092 lingulis
1406 2051 1557 2088 singulatim
1571 2051 1660 2092 dicere
1676 2053 1790 2085 institui,
1812 2056 1839 2081 ὃ(
1849 2055 1973 2090 primum

393 2098 504 2133 quidem
523 2099 557 2126 de
575 2096 682 2124 adtlibus
695 2095 781 2131 plebis.
823 2096 916 2125 AEdilis
936 2095 1022 2124 distus
1035 2095 1072 2123 est
1083 2094 1151 2122 teste
1165 2095 1271 2120 Wzrrone
1285 2093 1330 2121 lib.
1341 2102 1370 2128 4.
1387 2092 1421 2120 de
1431 2090 1496 2126 ling.
1512 2091 1572 2129 Lat.
1584 2099 1629 2128 qut
1642 2090 1790 2133 adesfizcrac
1803 2092 1843 2123 ξς
1854 2091 1973 2126 privatas

392 2143 502 2161 curaret.
539 2136 632 2162 AEa'des
651 2143 743 2164 autem
757 2134 834 2170 plebis
852 2135 918 2163 dieti
937 2134 1014 2166 sunt,
1040 2133 1113 2171 quod
1135 2141 1166 2160 ex
1179 2132 1255 2168 plebe
1268 2138 1420 2160 crearentur
1432 2149 1440 2160 ‚
1467 2126 1580 2167 &plebs-r
1592 2137 1693 2164 proprii
1707 2128 1867 2166 magstratus
1878 2130 1971 2170 essent.

394 2172 458 2199 Duo
476 2173 556 2208 igitur
575 2174 654 2200 addes
666 2173 744 2208 plebis
759 2174 878 2210 primum
892 2174 973 2201 creati
987 2172 1047 2200 sunt
1060 2181 1131 2199 anno
1145 2169 1177 2197 ab
1196 2180 1222 2198 υ.
1235 2180 1346 2199 c.cc1,x.
1362 2173 1404 2203 SP-
1417 2167 1497 2210 Caspe
1513 2166 1634 2206 Vfiell'm
1654 2176 1660 2193 ¹
1673 2176 1696 2209 ¹1
1707 2172 1739 2195 A.
1754 2166 1895 2202 '’osthumm
1908 2170 1970 2210 ,ΑΨ

393 2219 469 2237 runco
485 2221 494 2238 ι
504 2221 525 2237 1.
546 2211 716 2242 Consulibus,
736 2212 834 2239 eodem
847 2221 933 2244 anno,
952 2220 1007 2248 quo
1020 2211 1102 2247 primi
1116 2208 1215 2237 tribuni
1230 2209 1322 2246 plebis.
1342 2209 1414 2235 Cum
1423 2214 1512 2246 enim,
1532 2212 1562 2231 ut
1570 2205 1671 2239 Dionys
1680 2204 1724 2232 hb.
1732 2208 1758 2233 6.
1767 2206 1891 2246 testatum.
1905 2212 1971 2233 mita

394 2251 465 2278 inter
477 2255 563 2285 patres
577 2251 603 2276 ὃς
614 2249 720 2283 plebem
736 2251 893 2282 concordia,
912 2249 998 2287 plebs,
1019 2259 1076 2295 quae
1090 2250 1118 2276 in
1130 2255 1256 2275 montem
1271 2247 1373 2275 (herum
1380 2244 1531 2274 secesserat‚
1553 2243 1581 2269 in
1591 2242 1693 2285 Urbem
1702 2243 1830 2285 rediiflet3
1850 2244 1971 2278 &impe-

394 2286 484 2315 trasset
498 2285 512 2314 a
526 2284 614 2313 senatu
623 2306 629 2316 ‚
649 2296 678 2314 ut
696 2287 786 2316 liceret
807 2288 853 2316 fibi
868 2288 1009 2325 quotannis
1021 2297 1036 2315 e
1051 2286 1097 2314 suo
1110 2295 1223 2322 corpore
1237 2294 1326 2314 creare
1339 2282 1449 2311 tribunos
1457 2280 1534 2316 plebis
1545 2300 1553 2310 ,
1573 2280 1606 2308 de
1623 2280 1716 2321 quibu-s
1727 2290 1784 2317 jam
1799 2279 1902 2320 dfflum
1917 2282 1969 2308 est:

393 2326 528 2362 petierunt
547 2323 628 2351 etiam
649 2324 695 2351 fibi
715 2325 728 2352 a
747 2326 837 2353 senatu
857 2327 1003 2363 permitti,
1031 2332 1062 2353 ut
1082 2325 1224 2362 quotannis
1244 2325 1309 2352 duos
1329 2320 1344 2349 ὲ
1363 2321 1439 2358 plebe
1458 2326 1577 2347 crearent
1591 2317 1823 2355 ficbmtmstraturos
1846 2316 1969 2351 trtbunts,

392 2363 520 2402 quicquid
539 2371 606 2399 opus
625 2361 703 2396 esset,
723 2365 750 2392 ὃς
769 2364 827 2392 lites
847 2364 1001 2398 nonnullas,
1022 2372 1117 2393 eorum
1130 2362 1274 2400 permissu,
1292 2361 1498 2398 dijudicaturos,
1518 2357 1668 2395 aediumque
1679 2355 1825 2386 sacrarum.
1845 2354 1970 2432 locpkrlffir

2072 172 2075 181 1

2072 289 2074 308 v

2071 338 2074 374 l

2070 391 2075 405 ‚1
