2075 2734
0 754 3 762 -
0 298 9 712 -ι-υ-ψᾼπυ-ᾼῇ,-μ-

337 72 403 103 De
440 70 785 104 vincturae}
823 72 1183 106 ves-ratinus.
1222 75 1371 118 Cinam:
1589 82 1647 122 gs?

102 129 196 156 Sextius
216 127 346 162 pompejus
366 125 449 165 festus
469 122 550 156 tradit
563 148 571 160 ‚
597 125 751 154 Sceleratum
765 134 892 163 campum
908 125 1032 163 appellari
1046 129 1172 165 proxime
1185 139 1293 167 portam
1305 131 1451 167 Collinam}
1478 134 1505 162 in
1519 141 1573 172 quo
1587 134 1641 163 vir-

60 163 136 202 gines
155 163 262 203 Vestales
273 185 282 197 ,
307 174 365 202 quae
383 166 513 194 incestum
531 164 663 196 fecerint,
691 164 757 191 vivae
778 163 971 206 sunt-defoffie.
1011 166 1106 195 Causas
1126 175 1217 197 autem
1230 190 1238 202 ,
1265 178 1376 206 propter
1397 182 1460 209 quas
1475 171 1581 210 Vestales
1595 174 1640 203 tali

65 203 208 240 supplicio,
227 213 282 232 non
303 204 370 236 alio,
389 203 551 235 afficiantur,
569 203 643 230 idem
663 200 758 229 author
777 202 903 239 inquirit,
924 205 951 230 ὃ(
970 204 1052 233 tradit
1072 204 1132 233 has:
1151 207 1209 239 vel,
1228 209 1302 245 quod
1323 217 1449 239 mortuos
1464 218 1568 239 tantum
1584 221 1642 240 cre-

67 248 159 273 ment,
179 241 304 278 injustum
323 248 414 270 autem
431 241 482 269 esse
500 250 560 268 eam
580 248 714 271 cremare,
736 249 793 277 quae
812 238 916 266 sacrum
935 240 1028 276 ignem
1048 251 1103 270 non
1122 244 1166 280 pie
1185 246 1368 275 custodiverit:
1390 247 1432 275 vel
1453 249 1525 284 quod
1542 258 1639 285 corpus

65 276 178 307 summis
197 279 379 308 consecratum
398 279 557 307 ceremoniis
575 277 723 306 interficere
735 297 755 320 ,Ι
770 279 798 306 δε
818 286 912 320 manus
932 277 1036 306 adferre
1047 281 1123 315 ,βαίνω
1141 282 1264 316 mulieri,
1286 286 1358 312 nefas
1378 286 1500 314 censeant
1515 307 1523 318 ‚
1542 287 1639 322 ipsam-

67 325 119 354 que
134 317 205 345 ultro
219 319 291 346 mori
305 317 441 345 volentem
454 336 462 348 ‚
489 316 558 345 infra
570 323 670 344 terram
683 317 842 346 demittant,
861 325 889 343 m
902 317 1055 345 extrustum
1069 319 1102 345 ad
1114 318 1165 347 hoc
1177 321 1355 350 donucjlium
1397 326 1460 352 Haec
1476 324 1637 353 plutarchus,

66 356 176 382 Morem
195 365 257 383 eum
273 354 287 383 ὲ
306 355 404 383 Graecis
423 354 594 391 desumptum
616 353 668 382 effe
687 353 845 381 Guilhelmus
864 357 990 381 canterus
1010 355 1098 383 docet.
1138 358 1220 394 Qod
1240 359 1258 386 fi
1278 359 1344 397 ignis
1364 362 1526 400 negligentia
1539 371 1634 391 earum

63 393 195 421 extinems
214 393 295 424 efflet,
320 400 488 430 nequaquam
506 402 571 421 eum
590 392 736 421 accendere
755 391 787 419 ab
807 391 858 419 alio
876 391 933 428 igni
952 391 1065 424 licebat,
1085 392 1129 421 sed
1150 396 1312 425 renovabant
1331 408 1395 427 eum
1413 420 1419 430 ,
1440 401 1639 438 flammamque

63 429 203 459 eliciebant
216 431 231 459 a
243 429 308 458 Solis
320 430 399 457 radiis
412 440 507 467 puram
522 433 548 460 ὃς
562 431 701 459 finceram.
743 430 811 457 Eam
825 430 857 457 ad
873 439 933 457 rem
947 431 1128 459 instrumentis
1142 439 1255 461 utuntur
1268 455 1275 466 ‚
1304 444 1361 472 quae
1375 441 1475 472 01⁶1qu
1486 440 1638 467 nominant.

52 470 130 496 ⁴Sunt
144 477 233 497 autem
248 474 370 496 excavata
383 469 410 496 in
424 469 541 497 modum
556 469 669 498 turbinis
682 467 843 505 rectanguli:
863 466 917 495 haec
931 468 950 495 fi
965 468 1077 497 adverso
1089 468 1138 512 soli
1153 479 1335 507 opponantur,
1349 475 1378 502 fit
1387 483 1416 503 ut
1423 476 1488 503 radii
1499 476 1600 504 solares
1609 479 1638 505 in

59 506 302 534 circumferentiam
316 507 434 544 undique
446 508 609 539 incidentes,
628 508 661 535 ad
674 513 798 534 centrum
812 515 909 534 omnes
923 514 1099 538 concurrant,
1118 511 1339 544 itaque&a'e‘rem
1349 520 1459 541 tenuem
1466 515 1594 546 reddant,
1609 518 1637 544 gc

62 544 202 572 materiam
222 546 234 580 (
242 554 298 581 quae
317 544 460 578 levissima,
480 545 669 582 ficciffimaque
688 545 870 572 instrumentis
883 545 1052 581 imponitur)
1067 545 1154 573 statim
1171 546 1345 576 inflamment
1358 571 1365 581 ‚
1386 552 1446 588 quia
1461 552 1583 580 videlicet
1597 563 1638 580 ra-

59 583 97 610 dii
116 582 212 609 solares
230 581 244 610 a
263 592 377 619 corpore
396 584 528 612 renitente
548 584 584 612 ita
598 590 732 620 coguntur
746 604 754 615 ‚
781 585 808 611 ὃς
822 583 950 619 stipantur
961 604 970 615 ,
997 590 1027 610 ut
1040 590 1164 611 naturam
1180 585 1249 622 ignis
1261 587 1381 621 accipiat.
1420 590 1555 617 Hac'tenus
1571 592 1633 617 Plu-

60 620 165 648 archus.
205 620 279 648 Cum
298 630 352 658 quo
371 623 454 650 etiam
474 621 558 659 faestus
573 632 581 648 ι
601 623 674 659 Ignis
694 620 779 658 Vesta,
801 622 901 657 inquit,
921 621 940 648 fi
960 621 1067 657 quando
1087 622 1264 650 interstinCtus
1284 624 1362 656 estet,
1384 627 1496 663 virgines
1517 628 1636 656 verberi-

59 657 107 685 bus
126 658 308 687 afficiebantur
326 659 340 686 ὲ
360 658 492 698 Pontfice,
512 659 605 696 quibus
625 669 686 687 mos
706 667 761 687 erat
781 658 899 687 tabulam
919 657 1002 686 felicis
1022 660 1140 687 materiae
1153 661 1258 688 tamdiu
1272 662 1419 692 terebrare,
1440 665 1574 702 quousque
1589 677 1636 695 ex-

58 704 167 732 ceptum
180 698 273 734 ignem
288 697 377 724 cribro
389 707 462 725 aeneo
474 698 551 735 virgo
565 699 592 725 in
606 699 692 725 aedem
708 697 798 725 ferret.
832 699 958 725 Honores
972 696 1021 724 illis
1033 698 1130 725 redditi
1146 697 1268 731 fuerunt,
1289 707 1319 728 ut
1332 701 1415 728 etiam
1430 703 1492 729 vivo
1507 711 1581 738 patre
1594 712 1635 732 te-

58 733 220 763 stamentum
239 736 355 763 condere
367 755 375 767 ,
401 746 431 764 ac
449 741 542 763 caetera
560 744 653 773 gerere
672 736 726 763 fine
745 742 869 764 curatore
887 735 991 772 posti-’nt
1003 756 1011 767 ,
1037 737 1273 774 quemadmodum
1293 739 1320 766 δε
1340 739 1424 766 trium
1443 739 1558 767 filiorum
1580 753 1636 770 ma-

59 777 127 804 tm,
148 781 177 801 ut
191 782 254 801 curn
269 773 378 801 fascibus
388 794 396 806 ,
415 773 434 801 fi
449 773 602 810 prodirent,
622 774 825 802 deducerentur.
864 774 898 801 Et
911 773 930 800 sl
944 772 1002 801 casu
1018 774 1046 801 in
1060 783 1226 812 quemquam
1240 775 1405 809 incidissent,
1427 779 1472 814 qui
1483 779 1514 805 ad
1529 778 1633 808 lethum

58 817 193 846 ageretur,
213 812 301 839 necari
321 821 382 839 eum
402 821 458 839 non
477 810 586 840 licebat:
608 821 703 839 verum
723 812 844 847 dejerare
862 810 987 848 virginem
1008 813 1164 848 oportebat,
1185 813 1211 841 se
1232 824 1288 841 non
1304 813 1389 846 ultro,
1411 815 1454 843 scd
1470 816 1566 850 forte5v
1578 828 1633 846 non

59 854 150 876 autem
171 850 259 877 dedita
278 858 372 886 opera,
393 852 420 878 ὅτ.
441 850 475 877 de
489 850 615 878 industria
627 850 736 878 obviam
752 849 859 878 theram.
899 850 955 887 Qi
970 856 1062 878 autem
1077 859 1244 883 occurreret,
1265 862 1328 880 cum
1341 852 1398 888 ipso
1413 853 1512 882 feretro
1526 855 1634 884 vehere-

56 891 100 912 tur
113 907 120 918 ‚
146 888 316 915 moriebatur.
341 887 500 915 Plutarchus.
527 888 625 916 Plinius
645 888 735 916 scribit
748 908 755 919 ‚
782 887 888 925 Vestales
901 886 1008 925 virgines
1017 887 1106 917 servos
1119 889 1249 926 fugitivos
1264 911 1271 922 ‚
1295 900 1330 918 ne
1342 891 1408 918 urbe
1421 893 1526 920 exirent
1540 914 1547 924 ‚
1575 903 1635 930 pre-

57 924 203 954 cationibus
221 926 272 954 suis
292 926 406 955 retine-re
419 947 427 958 ‚
453 926 520 954 item
542 928 644 954 crinem
660 926 737 954 suum
752 926 784 953 ad
797 926 863 953 loton
883 925 1008 953 arborem
1024 929 1122 956 Romae
1143 929 1343 956 vetustiffimam
1360 951 1367 962 ‚
1393 939 1580 968 cognomento
1594 942 1636 959 ca-

2 975 5 985 ·
51 960 185 994 pillarum,
205 963 410 992 consecrandam
431 964 535 992 deferre
556 964 631 992 fuiss‘e
651 964 746 993 solitas.
786 965 921 992 Caeterum
942 964 1017 1000 cujus
1037 967 1135 998 aetatis,
1155 976 1187 994 ex
1206 975 1257 1004 qua
1271 966 1384 999 familia,
1405 971 1431 996 ὃ(
1447 978 1501 1006 quo
1517 970 1569 997 ritu
1583 970 1635 997 vir-

49 1008 84 1035 go
101 999 200 1038 Vestalis
219 1003 277 1039 capi
296 1002 369 1030 iolita
390 1001 470 1031 fuerit
482 1023 490 1034 ,
515 1002 650 1040 eleganter
667 1004 747 1031 docet
766 1001 882 1043 Agellius
893 1022 902 1036 ,
930 1003 1005 1043 cujus
1025 1003 1105 1031 verba
1118 1024 1125 1035 ‚
1145 1005 1378 1041 quemadmodum
1397 1005 1410 1034 ἐι
1429 1008 1495 1035 Lud.
1515 1011 1636 1035 Carrmne

57 1037 173 1067 restituta
195 1040 254 1069 sunt
266 1062 272 1072 ‚
291 1040 447 1069 adscribam.
487 1042 542 1078 Qi
556 1061 563 1073 ,
584 1043 671 1079 inquit
685 1062 691 1073 ,
712 1041 746 1068 de
766 1039 856 1078 Vestalt
873 1040 970 1078 virgine
988 1042 1114 1077 capienda
1128 1063 1135 1074 ‚
1155 1042 1312 1079 scripserunt
1333 1045 1468 1082 (quorum
1491 1046 1638 1082 diligentis-

56 1073 122 1102 fime
148 1077 246 1114 scripfit
268 1078 348 1106 Labeo
373 1077 515 1115 Antistius)
540 1081 678 1108 minorem
697 1088 778 1116 quam
799 1088 882 1107 annos
895 1088 938 1107 vr.
958 1080 1093 1115 majorem
1113 1090 1194 1118 quam
1215 1091 1299 1109 annos
1313 1092 1338 1110 x.
1356 1091 1448 1111 natam
1468 1093 1632 1121 negaverunt

17 1133 18 1139 ,
57 1114 114 1148 capi
134 1114 173 1143 fas
191 1116 250 1144 esse.
282 1117 368 1148 Item,
387 1126 444 1154 quae
463 1126 520 1144 non
537 1118 568 1145 fit
583 1119 699 1152 patrima
720 1119 747 1144 &
766 1116 898 1144 matrima.
931 1119 1003 1145 Item
1021 1139 1030 1149 ,
1066 1127 1123 1154 quae
1134 1119 1226 1156 lingua
1239 1120 1319 1148 debili
1340 1120 1446 1149 sensuve
1466 1124 1569 1150 aurium
1589 1125 1636 1150 de-

59 1152 163 1181 minuta
176 1174 183 1185 ,
208 1154 291 1182 aliave
310 1163 400 1190 quavis
420 1156 541 1189 corporis
558 1155 616 1182 labe
634 1155 757 1190 insignita
774 1154 812 1181 fit.
852 1155 924 1181 Item
939 1174 947 1185 ,
974 1163 1031 1189 quae
1048 1156 1101 1190 ip1a
1113 1176 1121 1187 ,
1149 1164 1195 1183 aut
1216 1158 1290 1192 cujus
1301 1167 1377 1194 pater
1390 1161 1572 1196 emancipatus
1583 1161 1633 1197 fit,

59 1189 159 1216 etiamfi
172 1193 235 1218 vivo
249 1199 324 1226 patre
336 1192 364 1217 in
378 1192 420 1217 avi
432 1191 561 1226 potestate
573 1191 614 1218 fit.
646 1192 733 1221 Item,
754 1191 828 1225 cujus
841 1197 963 1226 parentes
974 1192 1039 1218 alter
1051 1192 1167 1219 ambove
1180 1193 1332 1227 strvierint,
1352 1204 1396 1223 aut
1410 1198 1437 1224 in
1451 1198 1566 1234 negotiis
1579 1198 1633 1225 ibr-

59 1227 127 1254 didis
141 1228 319 1255 deservierint.
345 1227 396 1255 Sed
409 1237 469 1256 eam
478 1249 485 1259 ‚
507 1228 581 1264 cujus
595 1227 669 1255 soror
683 1228 714 1255 ad
728 1227 755 1254 id
769 1226 948 1267 sacerdotium
964 1227 1032 1254 lecta
1045 1229 1091 1260 fit,
1114 1229 1311 1259 excusationem
1327 1236 1426 1262 mereri
1438 1235 1520 1270 ajunt.
1545 1237 1614 1263 Item
1624 1257 1633 1267 ‚

60 1265 136 1300 cujus
151 1274 225 1301 pater
240 1267 344 1293 Flamen
358 1286 365 1298 ‚
392 1273 436 1293 aut
454 1272 546 1303 Augur
558 1287 566 1298 ‚
593 1274 638 1294 aut
657 1265 850 1303 Qtindectmmr
864 1265 940 1293 sacris
959 1266 1086 1295 faciundis
1098 1288 1106 1298 ‚
1127 1276 1172 1296 aut
1189 1270 1237 1305 qui
1250 1270 1390 1304 septemvir
1402 1273 1540 1306 Epulomfm
1554 1293 1561 1304 ,
1589 1282 1634 1302 aut

17 1302 19 1308 ⁸
59 1301 143 1329 Salius
155 1303 195 1331 fit.
223 1304 327 1340 Sponsae
339 1312 446 1340 quoque
458 1304 534 1330 Ponti
553 1304 600 1335 cis,
622 1306 648 1332 δε
663 1304 780 1331 tibicinis
795 1302 930 1330 sacrorum
946 1303 1005 1330 filiae
1018 1306 1122 1333 vacatio
1136 1304 1304 1335 &sacerdotio
1319 1309 1367 1336 isto
1381 1311 1460 1338 tribui
1473 1310 1546 1338 iulet.
1568 1312 1634 1340 Pras-

16 1338 19 1377 j
58 1345 129 1368 terea
146 1340 234 1375 Capito
255 1343 361 1375 Attejus
379 1340 506 1377 scriptum
522 1341 628 1378 reliquit
641 1352 646 1368 :
676 1342 772 1377 Neque
786 1341 843 1376 ejus
855 1341 996 1377 legendam
1012 1342 1095 1370 filiam
1111 1363 1118 1374 ,
1144 1345 1191 1380 qui
1205 1345 1375 1374 domicilium
1390 1348 1417 1375 in
1432 1349 1506 1377 Italia
1520 1359 1576 1376 non
1589 1350 1635 1378 ha-

3 1391 18 1412 .3
58 1378 149 1409 beret,
169 1381 195 1407 δε
210 1379 381 1407 excusandam
396 1378 466 1414 ejus,
487 1380 532 1415 qui
546 1379 627 1406 libros
641 1379 704 1406 treis
719 1388 775 1405 non
790 1377 907 1406 haberer.
934 1381 1004 1416 Vaga
1018 1388 1108 1408 autem
1126 1381 1241 1416 testulas,
1263 1384 1349 1420 inquit
1365 1386 1499 1423 Agellius‚
1519 1389 1636 1416 limulat-

16 1418 19 1449 j
56 1425 108 1452 que
131 1424 219 1452 capta,
239 1425 317 1453 atque
337 1418 364 1444 in
376 1417 476 1444 atrium
490 1417 575 1444 Vestae
589 1416 715 1448 deduehi,
738 1418 764 1444 ὅ(
779 1415 939 1454 Pomg'fictbus
951 1418 1047 1446 tradita
1061 1420 1111 1451 est,
1131 1428 1164 1446 eo
1179 1421 1265 1448 [latim
1282 1431 1406 1459 tempore
1416 1424 1469 1452 fine
1484 1427 1634 1462 emancipa-

55 1455 131 1480 tione
144 1474 151 1484 ‚
178 1463 209 1482 ac
220 1455 273 1481 fine
286 1456 377 1491 capitis
390 1454 540 1484 minutione
555 1453 570 1481 ἐ
582 1456 663 1492 patris
673 1454 801 1491 potestate
814 1462 869 1482 exit
882 1474 890 1486 ‚
911 1457 937 1483 ὃ(
950 1455 992 1490 jus
1003 1458 1156 1486 testamenti
1170 1457 1286 1487 faciundi
1299 1461 1458 1497 adipiscitur.
1499 1464 1541 1490 De
1554 1473 1633 1492 more

56 1498 146 1519 autem
160 1512 167 1523 ,
195 1493 301 1529 rituque
312 1493 446 1528 capiundae
460 1493 569 1530 virginis
584 1514 591 1525 ‚
615 1492 696 1521 literae
709 1492 820 1529 quidem
833 1493 995 1530 antiquiores
1009 1505 1064 1523 non
1077 1503 1169 1524 extant
1183 1507 1189 1523 ε
1209 1498 1258 1525 nisi
1271 1501 1342 1534 quod
1359 1499 1460 1532 fertur,
1482 1510 1538 1537 qua:
1554 1511 1631 1537 capta

0 1527 7 1543 '-
55 1529 143 1569 prima
160 1529 197 1556 est
210 1550 217 1561 ,
238 1529 251 1557 ἐι
266 1534 354 1559 Numa
369 1532 445 1575 izege
459 1531 510 1558 esse
523 1539 637 1567 captam.
678 1531 728 1558 Sed
742 1529 849 1565 Papiam
862 1531 940 1567 legem
955 1532 1105 1561 invenimus
1117 1555 1124 1566 ‚
1147 1542 1197 1570 qua
1210 1544 1318 1563 cavetur
1329 1557 1337 1568 ,
1358 1545 1388 1565 ut
1402 1538 1529 1576 Pannjmk
1542 1543 1631 1566 Mixt-

57 1577 93 1593 mi
107 1566 231 1596 arbitratu
242 1567 352 1605 virgi-aes
364 1579 378 1596 e
392 1568 493 1605 populo
506 1570 601 1606 viginti
612 1569 747 1607 legantur:
769 1570 925 1605 iortitioque
938 1570 965 1597 in
979 1573 1110 1599 concione
1123 1584 1155 1601 ex
1170 1582 1203 1599 eo
1217 1583 1333 1602 numero
1348 1574 1408 1607 fiat,
1427 1578 1453 1604 &c
1467 1586 1542 1612 cujus
1551 1579 1631 1615 virgi-

0 1611 18 1641 ,η
56 1606 97 1631 nis
112 1606 191 1633 ducta
206 1607 270 1638 erit,
290 1614 319 1634 ut
333 1616 392 1634 eam
409 1607 526 1643 Pontrsex
542 1612 675 1636 Maximus
689 1607 790 1642 capiat,
812 1617 893 1645 eaque
905 1607 975 1643 Wstae
989 1608 1042 1638 fiat.
1081 1611 1132 1639 Sed
1145 1619 1175 1638 ea
1190 1609 1294 1639 sortitio
1309 1622 1341 1641 ex
1355 1613 1405 1650 lege
1420 1617 1498 1648 Papia
1514 1624 1568 1642 non
1583 1626 1630 1642 ne-

56 1642 160 1670 cess'aria
178 1654 248 1671 nunc
266 1645 350 1672 videri
364 1644 430 1673 solet
444 1655 450 1672 t
476 1655 540 1673 nam
560 1645 579 1672 sl
593 1647 650 1682 quis
662 1644 773 1672 honesto
785 1645 846 1673 loco
860 1652 935 1674 natus
948 1646 1023 1675 adeat
1040 1649 1186 1688 l’ontficem
1200 1649 1348 1678 Maximum
1363 1672 1371 1683 ‚
1396 1660 1474 1688 atque
1489 1654 1583 1680 onerat
1595 1654 1629 1681 ad

54 1680 231 1710 sacerdotium
252 1682 332 1710 filiam
354 1684 442 1714 suam,
463 1684 538 1720 cujus
558 1684 698 1715 duntaxat,
717 1683 790 1710 salvis
808 1683 970 1721 religionum
985 1685 1226 1718 observationibus,
1247 1689 1315 1717 ratio
1327 1689 1416 1717 haberi
1429 1690 1523 1725 follit,
1543 1693 1629 1727 gratia

55 1718 135 1753 Papia
146 1720 206 1757 lega
220 1730 267 1757 per
280 1722 407 1750 Senatum
421 1722 460 1749 fit.
482 1723 549 1758 Capi
561 1731 650 1750 autem
666 1723 742 1758 virgo
755 1728 895 1758 propterea
909 1722 963 1750 dici
977 1724 1083 1753 videtur
1093 1745 1101 1756 ‚
1121 1728 1182 1763 quia
1197 1726 1323 1764 Pontificaes
1336 1727 1462 1756 Maximis
1473 1737 1554 1755 manu
1571 1739 1631 1766 pre-

54 1756 133 1784 hensa
153 1758 185 1785 ab
199 1768 232 1786 eo
244 1768 354 1795 parente
367 1780 374 1791 ,
395 1762 422 1788 in
437 1761 510 1797 cujus
523 1761 652 1797 potestate
666 1760 715 1791 est,
734 1758 817 1788 veluti
830 1760 899 1788 bello
912 1769 987 1797 caPta
1000 1762 1146 1792 abducitur.
1179 1764 1211 1790 In
1225 1763 1270 1792 lib.
1290 1776 1311 1794 1.
1340 1764 1413 1792 Fabiu
1429 1765 1548 1797 pidaras,
1569 1777 1627 1804 quae
1652 1796 1653 1800 Ἰ

56 1795 135 1824 verba
154 1798 297 1835 Pontgficem
317 1798 469 1826 Maximum
484 1799 574 1826 dicere
593 1804 717 1834 oporteat
729 1819 736 1828 ‚
764 1807 826 1825 cum
844 1799 977 1835 virginem
991 1802 1062 1838 capit
1074 1822 1081 1833 ,
1108 1801 1236 1838 scriptum
1251 1803 1296 1831 est.
1337 1803 1374 1830 Ea
1386 1803 1539 1838 hujusmodi
1554 1804 1627 1833 sunt:

0 1843 18 1865 n}
56 1834 379 1864 sACERDOTEM
405 1837 658 1865 VESTALEM.
687 1837 798 1873 QJAE.
824 1839 982 1866 SACRA.
1009 1841 1189 1868 FACIAT.
1217 1841 1329 1877 QJAE.
1360 1843 1479 1878 JOUS.
1515 1844 1627 1872 leT.

0 1884 9 1897 ·.
55 1873 377 1902 SACERDOTEM.
402 1875 658 1903 VESTALEM.
686 1875 872 1903 FACERE.
900 1878 997 1905 PRO.
1023 1879 1216 1905 POPULO.
1242 1880 1455 1907 ROMANO.
1477 1881 1625 1917 QUHU-

58 1910 295 1948 TIBUSQJE.
330 1913 517 1951 UTIQJE.
549 1914 752 1940 OPTUMA.
782 1914 907 1942 LEGE.
933 1916 1049 1944 FIAT.
1075 1917 1162 1944 ITA.
1187 1915 1250 1942 TE.
1283 1917 1449 1945 AMATA.
1477 1919 1624 1957 CAP10.

55 1947 182 1975 Praeterea
195 1950 222 1976 in
237 1952 436 1978 commentariis
448 1950 568 1978 Labeonis
582 1971 589 1981 ‚
616 1959 673 1987 quse
690 1951 722 1977 ad
739 1952 881 1979 duodecim
898 1952 996 1980 tabulas
1011 1953 1175 1990 composuit,
1196 1955 1232 1980 ita
1245 1953 1371 1990 scriptum
1387 1956 1437 1982 est:
1460 1959 1533 1994 Vtrgo
1545 1956 1627 1993 Vesta-

16 2002 17 2018 3
54 1985 86 2011 Its
96 1994 182 2022 neque
195 1986 274 2014 haeres
287 1989 322 2015 est
330 1990 454 2026 cuiquam
464 1990 601 2019 intestato,
611 1998 697 2025 neque
709 1989 834 2017 intestatae
848 1990 984 2026 quisquam
992 2011 999 2021 ,
1009 1990 1052 2019 sed
1066 1991 1136 2018 bona
1147 1992 1204 2027 ejus
1217 1992 1244 2018 in
1252 1992 1388 2027 publicum
1397 1994 1481 2031 redigi
1492 2003 1578 2031 ajunt.
1598 1997 1629 2025 ld

16 2059 17 2062 Ἴ
53 2032 108 2060 quo
120 2024 179 2059 jure
192 2024 252 2057 fiat,
273 2028 403 2063 quaeritur.
422 2030 518 2056 Amata
531 2027 601 2054 inter
616 2026 775 2062 capiendum
789 2026 804 2053 ἐι
819 2028 936 2066 l’onttfice
948 2028 1066 2056 Maximo
1078 2029 1236 2065 appellatur:
1257 2031 1384 2067 quoniam
1394 2040 1451 2068 quae
1457 2034 1544 2068 prima
1552 2041 1629 2070 capta

16 2086 17 2096 ¹
53 2061 103 2092 est,
124 2062 175 2089 hoc
189 2060 261 2089 fuisse
273 2066 396 2098 nomine,
415 2067 544 2094 traditum
558 2066 603 2092 est.
621 2065 756 2092 Hactenus
773 2064 902 2102 Age-llius,
924 2067 968 2103 qui
985 2067 1064 2094 etiam
1079 2068 1140 2094 alibi
1154 2070 1248 2096 recitat
1261 2068 1342 2096 verba
1354 2069 1475 2097 Praetoris
1490 2081 1521 2100 ex
1535 2073 1624 2101 edicto

52 2108 184 2136 perpetuo
205 2101 238 2127 de
256 2101 370 2129 flamine
390 2102 462 2131 Diali
474 2123 482 2133 ,
507 2106 532 2132 ἃ
553 2104 584 2130 de
595 2103 724 2137 smrdote
743 2102 813 2140 Vcstae
825 2122 833 2131 ,
860 2102 915 2131 haec
931 2115 937 2130 z
965 2106 981 2131 S
989 2106 1009 2131 A
1019 2106 1043 2132 C
1054 2106 1074 2131 E
1085 2107 1108 2131 R
1118 2105 1143 2131 D
1151 2108 1176 2133 O
1186 2109 1210 2133 T
1220 2108 1240 2133 E
1250 2108 1281 2134 M
1302 2109 1325 2134 V
1336 2107 1357 2133 E
1366 2108 1383 2134 S
1392 2110 1416 2134 T
1425 2110 1447 2135 A
1457 2110 1479 2136 L
1489 2111 1509 2136 E
1519 2112 1550 2138 M
1570 2111 1590 2137 E
1599 2113 1625 2139 T

16 2168 18 2173 ‚
54 2138 304 2166 FLAMINEM
334 2142 510 2169 DiALEM
544 2143 590 2168 lN
626 2142 747 2168 OMNI
779 2142 871 2169 MEA
906 2144 1280 2179 JURISDICTIONE
1312 2146 1494 2183 JURARE
1524 2148 1624 2176 NON

54 2175 111 2203 CO
120 2177 146 2203 G
155 2177 175 2201 A
186 2177 224 2203 Μ.
251 2176 394 2206 Alcbantur
409 2178 512 2217 Vestales
524 2178 671 2215 sumptibus
684 2179 802 2215 publicis.
828 2180 942 2209 Duravit
953 2188 1044 2209 autem
1057 2178 1148 2209 caium
1161 2181 1339 2210 sacerdotium
1356 2183 1436 2220 usque
1449 2185 1481 2212 ad
1497 2185 1625 2225 Theodosii

50 2212 159 2241 senioris
173 2215 344 2250 Imperatoris
357 2224 493 2253 tempora,
514 2227 568 2255 quo
580 2226 724 2255 regnante,
746 2226 796 2244 una
810 2227 871 2245 cum
886 2218 943 2246 aliis
957 2218 1109 2247 sacerdotiis
1118 2241 1125 2252 ‚
1147 2221 1323 2258 nequicquam
1337 2221 1498 2251 reclamante
1513 2225 1609 2253 Senatu
1618 2246 1626 2257 ‚

16 2287 17 2291 Ἰ
51 2253 165 2281 omnino
179 2252 216 2280 est
230 2253 375 2287 sublatum,
395 2255 422 2284 id
436 2255 508 2292 quod
522 2265 554 2286 ex
570 2256 690 2293 Epistolis
703 2255 857 2295 «fymmachi,
879 2259 905 2286 ὃς
921 2256 1041 2296 Ambrofii
1054 2258 1261 2296 responsionibus
1275 2259 1445 2289 manifestum
1461 2262 1505 2288 cst.

954 2370 1001 2399 Ee
1539 2377 1620 2405 Cam
