2075 2734
383 127 444 167 '¹7⁶
681 115 1677 154 'A‘NMqu-rsrumnomiuinum1:112211.

385 186 479 218 parum
500 170 634 204 inteneaci
656 170 751 198 Galeni
763 170 824 198 loco
837 167 938 200 asserit,
959 175 1042 205 quem
1059 176 1178 196 errorem
1194 169 1298 197 notavit
1312 170 1339 197 δε
1352 166 1521 205 reprehendit
1536 164 1702 205 Hieronymus
1714 165 1873 197 Mercurialis
1888 168 1934 198 lib,
1949 170 1972 200 ιζ

386 217 528 245 Variamm
542 213 705 240 lectionum,
725 217 781 246 cap.
800 214 839 243 13.
878 208 940 235 Hoc
955 204 1027 233 Pacis
1040 205 1161 241 templum
1176 228 1183 238 ‚
1203 208 1275 244 quod
1290 205 1365 245 supra
1379 214 1472 234 caetera
1487 207 1637 234 mximum
1652 204 1793 233 aedificium
1809 209 1835 235 ὃς
1850 209 1972 245 pulcher.

385 255 487 283 rimum
502 260 532 278 ac
545 247 774 288 opulentissimum
789 245 872 273 fuerat
885 265 894 276 ‚
922 244 1055 272 Commodo
1069 245 1218 282 imperante
1231 267 1238 277 ,
1267 245 1392 273 incendio
1406 243 1596 282 consumptum
1613 244 1663 271 effe
1679 264 1686 274 ‚
1708 243 1870 273 Herodianus
1885 247 1930 275 lib,
1950 257 1973 276 1,

386 290 480 319 author
495 289 538 317 est.
559 284 754 316 Simulachrum
770 282 842 310 Pacis
857 283 907 310 fuit
921 283 1043 310 varium:
1064 282 1238 320 effingebatur
1252 292 1446 320 nonnunquam
1462 293 1525 310 cum
1540 282 1631 319 spicis,
1653 281 1789 308 interdum
1807 291 1868 310 cuin
1883 285 1970 316 oliva,

388 330 416 356 &
430 338 494 356 cum
507 327 582 357 lauro
596 322 787 355 coronabatur,
806 321 872 359 quin
887 323 915 350 &
924 331 989 350 cum
1002 319 1073 349 rosa:
1092 331 1288 360 nonnunquam
1302 321 1359 350 solo
1373 322 1487 350 caduceo
1502 318 1704 359 significahatur.
1723 320 1784 347 Fuit
1799 322 1826 349 &
1839 330 1886 348 ara
1899 321 1972 350 Pacis

390 368 497 394 Romae.
1173 370 1178 372 ’

948 416 1037 442 οε
1094 417 1424 452 QUJETE.

431 489 484 526 Q
494 498 503 516 ι
513 497 526 515 E
536 494 576 514 TE
587 495 608 513 M
621 506 628 517 ‚
655 484 742 522 inquit
764 481 884 511 Aurelius
903 481 1058 520 Augustinus
1077 482 1123 510 lib.
1136 489 1162 518 4.
1184 484 1217 510 de
1232 484 1348 511 Civitate
1362 485 1415 512 Dei
1430 505 1437 516 ‚
1464 494 1523 522 cap.
1535 487 1578 512 16.
1590 482 1754 521 appellarunt
1767 503 1774 514 ,
1801 491 1860 520 quae
1874 483 1974 513 faceret

392 528 521 564 quietem.
555 527 620 553 Haec
633 523 719 550 aedem
733 521 845 551 habebat
859 528 933 550 extra
947 529 1054 557 portam
1071 520 1215 549 Collinam.
1251 522 1358 549 Publice
1371 523 1444 550 enim
1458 543 1465 554 ‚
1486 524 1572 559 inquit
1588 521 1743 559 Augustinus
1757 520 1885 557 suscipere
1900 521 1975 550 illam

392 565 543 592 noluerunt.
583 560 675 588 Livias
696 569 804 598 quoque
822 560 868 588 lib.
879 569 908 595 4.
928 559 1018 587 scribit
1033 580 1040 591 ‚
1059 559 1155 595 fimum
1171 559 1273 596 Qciettls
1287 559 1362 587 fuiss'e
1375 561 1417 587 via
1432 561 1569 588 Labicana.
1608 563 1682 587 stes
1696 560 1729 588 ad
1744 559 1885 596 Augustini
1896 559 1974 588 illum

391 602 483 630 locum
506 601 581 639 supra
602 600 714 627 citatum
729 620 736 630 ‚
762 597 853 625 scribit
867 619 874 629 ‚
901 597 927 625 fi:
948 597 1101 633 conjectura
1124 598 1270 625 addue‘tum
1293 599 1443 626 existimare
1456 619 1463 630 ‚
1490 602 1611 637 Qtetem
1625 598 1693 628 hanc
1706 598 1739 626 ad
1753 604 1876 627 mortuos
1889 598 1974 636 perti-

392 640 489 672 nuifl‘e,
511 649 575 668 cum
590 640 618 667 ὃς
631 643 710 665 orcus
723 636 756 664 ab
769 637 895 674 Antiquis
907 635 1036 674 Qietali‘s
1050 636 1136 663 dietus
1150 636 1188 664 fit.

942 707 1434 734 DESALUTE.

433 779 469 808 Et
483 778 550 807 hanc
565 776 683 805 Romani
700 775 787 803 sinete
804 777 831 804 &
844 772 965 812 religiose
979 774 1130 805 coluerunt,
1152 774 1187 801 ita
1202 782 1231 802 ut
1245 774 1315 802 feriae
1329 777 1411 804 etiam
1420 775 1535 812 antiquis
1550 775 1646 808 essent,
1666 775 1770 812 quoties
1785 775 1842 812 quis
1856 773 1972 802 Salutem

397 821 480 846 Deam
495 815 667 846 nominasset,
691 814 755 842 teste
769 812 893 840 Mscrobio
908 812 951 840 lib.
964 820 986 840 1.
1002 813 1128 841 Saturnal.
1141 821 1196 849 cap,
1210 812 1249 841 16,

434 856 505 882 AEdes
526 853 622 881 Salutis
636 851 649 880 ὲ
664 855 696 879 C.
710 856 784 884 Junto
801 850 909 878 Bubulco
925 850 1042 878 Censore
1057 851 1142 878 locata
1158 849 1220 882 fuit,
1242 860 1312 878 anno
1325 851 1405 879 Urbis
1420 859 1539 880 CDXLVI.
1553 859 1584 880 ut
1598 849 1686 879 Livius
1699 850 1716 879 l.
1728 862 1754 888 9.
1770 853 1796 879 ὃ(
1815 861 1858 878 10-
1872 850 1978 886 prodit,

397 903 480 931 quam
495 891 548 930 ipse
563 891 662 920 Consul
677 889 748 918 bello
764 892 917 917 Samnitum
926 898 1051 920 voveiat,
1074 888 1219 915 moxidem
1228 889 1352 917 DiStator
1366 899 1425 917 eam
1434 890 1575 917 dedicavit.
1600 892 1677 917 Hanc
1684 887 1873 917 aedemiafabio
1883 887 1979 914 mesore

397 931 533 967 depiCtam
547 929 597 958 esse
614 928 712 956 Plinius
727 929 814 956 docet.
841 927 882 955 Ab
897 927 946 955 hac
961 928 1015 954 aede
1033 927 1117 954 vicina
1132 936 1233 954 nomen
1248 927 1326 954 habet
1337 931 1416 954 Parta
1431 927 1566 955 Salutaris.
1591 928 1633 955 Sic
1647 928 1720 955 enim
1735 926 1834 965 Festus:
1851 924 1979 953 Salutaris

396 976 474 1007 porta
489 971 586 996 Roma:
599 967 740 1004 appellata,
761 966 834 1003 quod
847 976 878 1003 pr
884 975 930 1003 )pe
944 966 1029 994 aedem
1043 964 1140 991 Salutis
1155 965 1225 993 effer.
1248 969 1276 993 P.
1288 964 1370 992 Μαῖαν
1383 966 1410 993 in
1426 977 1451 994 v.
1466 967 1575 1003 regione
1589 974 1651 993 eam
1666 965 1788 994 collocat.

441 1008 525 1035 Porro
540 1009 567 1034 ὃς
580 1005 676 1033 Salutis
689 1005 831 1042 auguiium
843 1005 913 1040 apud
928 1005 1069 1030 Romanos
1084 1002 1263 1031 celebrabatur
1275 1024 1283 1035 ‚
1311 1003 1385 1039 cujus
1400 1005 1545 1040 Scriptores
1560 1011 1662 1031 veteres
1676 1003 1767 1040 saepius
1783 1006 1977 1032 meminerunt:

402 1044 480 1082 quale
499 1053 589 1072 autem
606 1044 633 1071 id
648 1042 743 1074 suerit,
765 1042 833 1070 solus
843 1062 850 1073 ,
869 1042 942 1079 quod
958 1049 1009 1078 ego
1023 1040 1119 1072 «biam,
1140 1045 1190 1068 Dlo
1206 1041 1251 1068 hb.
1268 1052 1310 1078 37.
1324 1041 1364 1069 his
1378 1042 1463 1070 verbis
1478 1043 1571 1070 docet:
1592 1041 1704 1073 Annum
1723 1042 1824 1079 inquit,
1845 1050 1909 1070 tunc
1924 1041 1983 1078 spa-

402 1083 441 1110 tio
458 1083 575 1110 Romani
589 1081 662 1110 bellis
677 1089 818 1111 vacarunt,
839 1080 876 1107 ita
890 1089 919 1108 ut
935 1079 1017 1116 longo
1032 1087 1156 1115 tempore
1169 1078 1348 1107 intermissum
1363 1081 1505 1118 augurium
1519 1078 1616 1107 salutis
1629 1087 1789 1117 repeterent.
1831 1081 1875 1108 Est
1890 1086 1981 1107 autem

400 1121 539 1157 quoddam
555 1119 724 1148 divinatmnis
736 1127 820 1156 genus
834 1139 842 1149 ‚
871 1126 925 1154 quo
941 1117 1069 1154 probatur
1082 1138 1090 1148 ‚
1116 1119 1299 1146 concedantne
1312 1118 1358 1155 ipsi
1371 1119 1417 1147 Dii
1430 1139 1437 1150 ,
1457 1126 1487 1146 ut
1501 1117 1602 1155 populo
1617 1119 1731 1144 Salutem
1744 1117 1892 1156 postulent,
1912 1117 1982 1155 quasi

403 1158 477 1186 nefas
491 1159 553 1186 esset
568 1167 628 1185 eam
642 1157 728 1192 prius,
751 1165 831 1193 quam
845 1156 1006 1183 concedatur
1019 1162 1119 1193 petere.
1139 1156 1180 1183 Ad
1195 1157 1223 1183 id
1236 1157 1290 1184 dies
1299 1157 1477 1185 destinabatur
1490 1156 1596 1194 singulis
1603 1157 1692 1188 annis,
1712 1157 1744 1184 ad
1753 1165 1835 1193 quam
1843 1157 1916 1184 diem
1925 1156 1982 1183 nul-

402 1194 443 1224 lus
452 1197 581 1224 exercitus
589 1197 621 1223 ad
629 1195 728 1223 bellum
737 1195 800 1221 esset
806 1194 942 1229 profectus
951 1213 958 1224 ,
967 1193 1052 1220 nullus
1059 1193 1139 1219 hostis
1147 1194 1174 1220 in
1182 1195 1267 1222 aciem
1276 1195 1411 1226 eduxisset,
1419 1202 1464 1221 aut
1469 1203 1617 1231 pugnatum
1625 1194 1697 1221 effet.
1718 1197 1795 1222 Hanc
1801 1195 1837 1222 ob
1845 1193 1947 1222 caulam
1954 1194 1982 1221 in

403 1234 602 1263 continentibus
610 1233 684 1260 malis
692 1252 698 1263 ‚
720 1231 893 1267 maximeque
906 1231 1032 1258 intestinis
1046 1239 1103 1257 non
1109 1230 1301 1259 celebrabatur:
1324 1231 1441 1268 alioquin
1454 1232 1535 1258 etiam
1543 1230 1735 1257 difficillimum
1743 1239 1799 1257 erat
1809 1233 1946 1261 Romanis,
1953 1238 1984 1259 ut

405 1281 465 1301 eam
480 1273 553 1299 diem
562 1271 654 1299 ex26te
661 1269 692 1296 ab
702 1269 740 1296 his
748 1267 873 1296 omnibus
888 1277 984 1304 param
992 1269 1139 1296 servarent:
1152 1277 1279 1304 praeterea
1286 1267 1499 1296 absurdiffimum
1506 1289 1513 1300 ,
1523 1268 1596 1306 quod
1605 1277 1668 1295 cum
1676 1267 1723 1304 ipfi
1731 1266 1782 1295 sese
1791 1275 1887 1296 mutuo
1894 1288 1902 1299 ,
1910 1270 1937 1295 in
1945 1267 1982 1295 se-

405 1310 551 1339 ditionibus
559 1309 630 1337 ultro
637 1307 714 1335 malis
721 1306 835 1335 infindis
843 1307 1033 1343 affligerent,ut
1038 1307 1091 1334 five
1099 1307 1277 1338 vincerentur,
1286 1306 1339 1333 five
1346 1307 1412 1335 adeo
1420 1308 1567 1339 vincerent,
1573 1306 1601 1333 in
1610 1305 1722 1334 miseriis
1729 1305 1811 1334 effent
1818 1325 1824 1337 ‚
1834 1307 1925 1341 itafizl..
1931 1314 1985 1333 tem

404 1348 420 1413 2151
434 1350 495 1391 Deo
509 1347 576 1375 velle
589 1347 710 1384 flagitare
718 1344 824 1374 vellent.
843 1345 978 1374 Hauenus
993 1344 1044 1372 ille.
1066 1345 1100 1371 Et
1112 1343 1148 1372 fic
1161 1344 1258 1372 Salutis
1272 1346 1423 1382 Augurium
1437 1345 1550 1383 explicat
1558 1344 1672 1382 Angelus
1686 1343 1830 1372 Politianus
1843 1345 1872 1372 in
1881 1343 1984 1373 Miscel-

417 1396 501 1418 ancrs,
514 1396 570 1425 cap.
583 1395 624 1422 13,

950 1444 1021 1470 DE
1059 1443 1444 1472 FELICITATE.

448 1516 600 1542 Famem-
612 1523 647 1541 ss
671 1513 769 1544 etiarn,
789 1513 826 1540 ait
846 1512 921 1539 divus
943 1509 1114 1549 Augustinus,
1135 1512 1192 1538 Dea
1212 1511 1262 1543 est,
1281 1511 1367 1538 aedem
1388 1510 1506 1546 accepit,
1524 1519 1599 1538 aram
1613 1510 1726 1542 meruit,
1746 1510 1816 1539 sacra
1830 1512 1855 1538 ei
1869 1520 1988 1549 congrua

408 1553 538 1584 vei-ibium
558 1551 626 1579 sunt.
667 1553 709 1578 De
731 1551 844 1578 nomine
863 1559 919 1577 non
938 1558 1004 1584 opus
1026 1549 1061 1576 est
1077 1569 1084 1581 ,
1113 1549 1196 1577 multa
1218 1548 1297 1576 verba
1315 1548 1411 1576 facere.
1451 1547 1648 1577 Simulachrum
1664 1549 1720 1584 ejus
1734 1548 1869 1587 Archesilao
1883 1549 1984 1585 plastae,

411 1585 643 1629 {quemadmodum
657 1588 757 1615 Plinius
771 1587 859 1616 scribit
872 1587 889 1614 l.
901 1594 943 1624 35.
957 1587 1077 1615 locatum
1091 1585 1104 1614 εὶ
1117 1590 1148 1612 L.
1162 1587 1262 1613 Lucullo
1278 1597 1318 1614 Hs.
1334 1597 1377 1614 Lx.
1398 1586 1440 1614 cui
1454 1596 1528 1614 mors
1541 1586 1674 1623 utriusque
1687 1586 1792 1615 invidit.
1826 1588 1858 1614 In
1871 1587 1987 1624 antiquis

412 1627 579 1657 numismatis
598 1627 654 1654 talis
675 1625 813 1653 Felicitatis
829 1627 947 1653 cernitur
961 1624 1061 1662 effigies
1075 1636 1080 1653 ι
1102 1625 1224 1652 Foemina
1238 1625 1264 1652 in
1279 1625 1343 1652 solio
1356 1624 1446 1652 sedens
1461 1645 1468 1656 ,
1486 1625 1578 1652 dextra
1591 1625 1737 1656 caduceum
1752 1645 1759 1656 ‚
1778 1624 1876 1652 sinistra
1888 1626 1988 1662 grande

413 1677 495 1695 cornu
510 1665 592 1701 copizz
605 1673 706 1692 tenens.
728 1665 824 1692 AEdem
841 1665 864 1691 ei
878 1673 948 1690 anno
962 1662 993 1690 ab
1009 1663 1081 1691 Urbe
1095 1664 1203 1691 condita
1220 1671 1348 1692 IDCLXVI.
1367 1667 1399 1693 L.
1417 1663 1533 1689 Lucullus
1548 1657 1649 1690 Conffxl
1661 1671 1725 1690 cum
1740 1666 1778 1689 M.
1792 1667 1867 1690 Cotta
1881 1662 1988 1692 locavit.

414 1703 613 1769 „etigr-astinmm)
620 1703 671 1730 Sed
685 1705 712 1731 ὃς
725 1706 764 1731 Μ.
778 1701 884 1738 Lepidus
899 1702 1024 1740 Magister
1037 1702 1159 1740 equitum
1172 1701 1307 1739 templum
1320 1700 1445 1729 Felicitati
1459 1699 1565 1728 Caesaris
1581 1710 1614 1729 ex
1627 1699 1857 1730 senatusconsulto
1871 1701 1990 1730 constru-

418 1751 464 1780 rit.
484 1747 561 1771 Dion.
617 1762 623 1769 .
636 1750 683 1777 44.

965 1812 1033 1838 DE
1071 1811 1431 1837 LIBERTATE.

458 1886 519 1911 L113
529 1893 542 1910 ε
552 1893 568 1911 R
577 1893 594 1911 τ
603 1890 637 1909 As
657 1880 792 1918 imprimis
810 1879 824 1907 ὲ
846 1880 976 1908 Romanis
992 1882 1048 1907 Dea
1062 1878 1149 1906 habita
1164 1881 1190 1908 δε
1204 1878 1274 1906 culta
1286 1879 1336 1909 est,
1359 1885 1388 1906 ut
1403 1877 1448 1915 qui
1463 1876 1581 1904 maxime
1596 1877 1620 1904 ei
1634 1876 1781 1908 studerent,
1802 1876 1835 1904 ab
1850 1886 1883 1905 eo
1897 1878 1992 1906 videli-

418 1929 459 1949 cet
473 1929 611 1957 tempore,
631 1929 685 1957 quo
704 1919 731 1946 in
744 1919 896 1948 libertatem
911 1918 963 1946 sese
978 1918 1152 1945 vindicavere.
1170 1915 1306 1944 Libertatis
1320 1916 1453 1952 templum
1469 1918 1498 1941 P.
1518 1913 1598 1942 νιέῗαν
1612 1915 1639 1942 in
1653 1915 1789 1953 Aventino
1803 1916 1990 1947 constitum&

418 1959 517 1986 ibidem
531 1960 627 1987 atrium
642 1956 779 1985 Libertatis
793 1977 800 1987 ,
822 1958 896 1993 cujus
909 1957 1000 1985 crebra
1014 1956 1083 1992 apud
1097 1955 1245 1991 Scriptores
1259 1955 1369 1982 nuntio.
1411 1952 1560 1989 Templum
1574 1951 1710 1980 Libertatis
1722 1956 1810 1979 Limus
1831 1963 1862 1981 ex
1877 1954 1990 1982 muleta-

418 1998 475 2025 titia
497 1998 606 2033 pecunia
621 2005 683 2024 cum
697 1996 769 2023 aereis
782 1995 915 2023 columnis
929 2016 936 2028 ,
965 1997 990 2023 ὃ(
1004 1994 1091 2021 statuis
1104 1992 1288 2029 pulcherrimis
1303 1992 1315 2020 a
1329 2000 1403 2028 patre
1424 1990 1480 2019 Tib.
1496 1991 1596 2018 Gracchi
1611 2011 1618 2023 ‚
1645 1993 1671 2019 &
1687 1991 1827 2019 conditum
1844 1993 1871 2020 &
1886 1992 1990 2020 dedica.

421 2042 495 2062 tum:
517 2036 572 2071 ejus
591 2036 688 2062 atrium
709 2034 741 2061 ab
757 2034 818 2060 AElto
834 2034 910 2064 Peto,
931 2036 956 2062 ὃς
971 2031 1082 2060 Cornelio
1097 2032 1217 2069 Cethego,
1240 2031 1401 2059 Cenroribus
1414 2031 1601 2062 instauratum,
1620 2031 1647 2058 &
1663 2029 1786 2061 auftum,
1806 2029 1920 2057 demum
1935 2033 1961 2059 ὃς
1976 2031 1991 2058 ὲ

421 2073 529 2098 Pollione
540 2073 687 2099 restitutum
695 2093 702 2103 ‚
721 2071 855 2099 Suetonius
865 2071 964 2100 scribit.

462 2109 574 2135 Cicerone
593 2110 620 2136 in
640 2109 747 2136 exilium
767 2109 890 2146 profecto
904 2131 910 2141 ,
936 2112 1051 2138 domum
1072 2109 1128 2145 ejus
1149 2109 1176 2135 P.
1193 2107 1294 2134 Clodius
1316 2107 1448 2134 Tribunus
1461 2106 1544 2143 plebis
1557 2105 1682 2133 Libertini
1695 2105 1868 2135 consecravit.
1908 2105 1992 2133 Cicero

424 2156 474 2183 pro
496 2148 589 2173 Domo
602 2148 633 2174 ud
649 2147 796 2174 Pomifices.
824 2148 872 2175 Dio
886 2158 940 2184 quo
951 2158 992 2185 Aus:
1008 2148 1053 2176 lib.
1066 2157 1110 2183 44.
1133 2145 1229 2174 author
1243 2146 1293 2176 est,
1316 2147 1453 2172 Romanos
1467 2147 1494 2172 in
1509 2146 1623 2181 gratiam
1638 2144 1690 2182 Jul.
1705 2144 1809 2171 caetaris
1822 2145 1930 2181 publico
1945 2145 1990 2172 de-

427 2192 500 2212 creto
521 2183 658 2210 Libertatis
680 2184 798 2217 templum
819 2187 994 2214 construxiffe.
1034 2188 1123 2222 Atque
1135 2185 1169 2211 de
1183 2184 1222 2212 his
1236 2184 1370 2212 haelenus.
1412 2183 1525 2211 'flul-ima
1539 2182 1653 2219 templa,
1675 2192 1733 2220 quae
1747 2183 1774 2209 in
1790 2185 1989 2219 Imperatorum

426 2224 616 2250 Rornanoium
634 2222 749 2257 gratiam
770 2224 888 2250 extrusta
902 2226 927 2252 ὅ(
943 2223 1092 2252 consecrata
1106 2223 1224 2253 fuerunt,
1244 2230 1275 2250 ut
1288 2220 1429 2249 Clementia
1444 2222 1564 2252 Caesaris,
1585 2222 1618 2249 de
1632 2230 1687 2258 quo
1702 2220 1865 2248 Plutarchus.-
1884 2219 1989 2258 Justitiae

424 2259 548 2298 Augusti,
568 2259 600 2285 de
620 2268 674 2295 quo
692 2257 812 2285 Ovidius.-
835 2262 1010 2289 Foecunditatis
1026 2263 1129 2295 Poppae,
1150 2261 1184 2287 de
1205 2270 1257 2297 quo
1273 2265 1386 2290 Tacitus,
1408 2261 1434 2287 δε
1456 2260 1541 2288 multa
1554 2259 1616 2287 alia.
1638 2260 1670 2287 de
1685 2258 1793 2296 quibus,
1814 2266 1908 2294 praeter
1924 2259 1990 2286 Poe-

421 2306 458 2326 ΜΞ
471 2319 478 2330 ,
505 2300 531 2326 &
552 2296 614 2324 3Ῑίοὸ
635 2303 737 2323 veteres
758 2298 902 2333 Scriptores
917 2319 924 2329 ,
951 2300 1078 2327 Hubertus
1097 2297 1217 2326 Goltzius
1235 2299 1263 2325 in
1278 2296 1413 2325 Thesauro
1427 2299 1597 2335 Antiquitatis
1611 2319 1617 2329 ‚
1644 2299 1670 2326 ὅ(
1684 2296 1764 2327 alibi,
1792 2296 1915 2330 Adolphus
1929 2300 1990 2323 Osco

424 2337 541 2364 Medicus
560 2333 717 2370 Augustanus
732 2334 760 2360 in
775 2334 987 2365 Numismatibus
1003 2341 1191 2365 Romanorum
1208 2337 1361 2372 Principum
1376 2357 1383 2367 ‚
1410 2339 1497 2363 Aine-,u
1515 2340 1583 2362 νειιικ
1596 2357 1603 2367 ,
1625 2338 1651 2364 &
1666 2335 1708 2363 alii
1722 2343 1771 2362 nos
1785 2335 1883 2361 docent
1896 2355 1904 2366 ‚
1924 2344 1990 2372 prat-

420 2374 553 2402 mimine.
576 2374 649 2399 Nam
664 2371 785 2399 transsata
799 2373 832 2399 ad
847 2382 929 2400 unum
946 2376 1055 2411 Imperii
1069 2375 1212 2412 potestate,
1231 2373 1404 2411 superstitiosa
1418 2374 1555 2403 assentatio
1569 2374 1685 2402 modum
1698 2382 1753 2401 non
1766 2372 1878 2400 invenit.

1820 2409 1993 2439 CAPUT
