2075 2734
367 122 416 148 526
656 108 1484 149 Aurinmii-unlzoniniiun
1526 110 1657 140 Lien.

362 169 459 196 dicitur
474 187 481 196 ›
509 167 543 193 de
564 173 618 201 quo
638 163 773 200 eleganter
794 161 904 190 Galenus
925 162 1105 199 Pergamenus
1126 158 1154 187 in
1174 156 1292 186 Suasoris.
1314 157 1344 192 (si
1365 155 1467 184 libellus
1488 157 1524 184 est
1538 156 1688 194 legitimus)
1701 159 1859 189 Mercurium
1873 183 1879 194 ,
1910 163 1949 191 in.

363 207 420 232 nuit
435 225 441 235 ‚
469 210 498 230 ut
513 203 640 230 orationis
654 208 793 238 parentem
809 203 836 228 ὃς
849 201 948 227 artium
965 200 1092 227 omnium
1106 196 1246 225 :merorem
1262 217 1270 228 ,
1297 196 1324 223 in
1338 195 1418 223 aliam
1433 195 1553 233 effigiem
1568 216 1575 227 ‚
1604 204 1685 233 quam
1701 198 1823 227 Fortuna:
1839 200 1949 230 effinxe-

364 227 439 273 rlunt,
461 248 519 269 tum
535 242 650 278 pidtores
665 260 672 271 ,
693 247 752 267 tum
767 238 860 276 plastae.
925 237 1041 275 ffingunt
1055 237 1129 264 enim
1144 235 1273 271 juvenem
1288 233 1438 262 formosum
1450 255 1457 266 ,
1478 244 1533 261 non
1549 241 1641 262 tamen
1656 234 1776 263 fucatum
1787 257 1794 268 ‚
1813 245 1858 266 aut
1872 248 1950 268 coma

361 289 456 316 paim.
476 278 519 306 sed
540 280 628 308 nativa
648 277 762 315 quadam
784 276 890 305 virtutis
921 277 1010 312 pecie,
1032 275 1106 303 wiltu
1125 273 1214 304 hilari,
1235 272 1338 301 acribus
1358 272 1503 314 oculis4in
1526 273 1577 300 basi
1591 273 1733 310 quadrata,
1753 284 1811 311 quae
1827 276 1950 306 stabilita-

362 320 395 346 tis
421 320 446 346 ἃ
462 317 595 345 firmitatis
608 317 690 353 figura
703 315 748 342 est.
791 314 961 351 Affignaveoe
976 315 1001 342 ei
1016 315 1043 342 in
1059 314 1145 350 capite
1160 313 1187 340 &
1202 312 1230 339 in
1244 311 1353 348 pedibus
1366 311 1434 343 alas,
1455 311 1599 348 significare
1614 311 1735 340 volentes
1750 313 1887 341 volucrem
1901 324 1950 352 per

362 358 422 383 a'e'ia
436 355 499 383 ferri
513 355 666 383 sermonem
682 364 687 380 ·.
706 354 774 381 item
788 352 922 380 caduceum
935 373 943 384 ,
970 353 1012 381 cui
1028 352 1082 380 duo
1098 352 1227 379 dracones
1241 349 1290 378 fint
1305 348 1454 386 implicati,
1479 359 1512 376 co
1526 351 1597 386 quod
1619 351 1748 386 praeconis
1763 361 1875 380 munere
1891 353 1950 382 fun-

362 401 438 428 eatur
450 415 457 425 ,
485 395 511 421 Sc
531 393 601 429 pacis
623 391 716 419 austor
729 391 864 419 habeatur.
895 394 999 419 Statuas
1012 389 1175 418 Mercuriales
1189 387 1354 425 appellarunt
1366 408 1374 419 ‚
1401 397 1458 425 quae
1472 388 1499 415 in
1514 389 1563 415 viis
1579 388 1705 417 catrustae
1719 390 1770 417 iter
1785 389 1950 420 facientibus.

362 427 433 458 “vide
448 432 502 467 Fig.
516 432 572 467 ejus
586 431 613 458 in
630 430 720 457 fronte
733 429 776 457 lib.
790 440 814 458 2.
827 429 855 457 in
870 429 899 456 F.

406 471 428 496 C
439 479 455 495 r
467 478 481 495 L
492 479 507 495 L
519 479 532 496 Ε
541 480 558 497 n
572 479 580 496 x
593 479 610 495 υ
619 481 630 497 s
653 468 739 496 dictus
761 470 792 496 M
801 478 815 496 Ε
824 479 840 496 R
849 469 892 495 εὐ
902 479 918 496 n
928 477 963 496 ru
972 479 1000 500 s,
1022 467 1064 495 vel
1077 465 1090 494 a
1103 466 1201 505 Cyllene
1222 472 1316 492 monte
1330 463 1461 496 Arcadiae,
1483 466 1510 492 in
1525 474 1579 501 quo
1595 467 1621 494 ἃ
1636 466 1750 493 nutritus
1765 468 1792 494 δε
1805 466 1952 497 diversatus

363 507 392 534 sit
408 518 413 533 1
442 506 483 533 vel
504 507 576 544 quod
597 506 726 535 somnum
738 505 917 534 animantibus
932 505 1057 535 conciliet
1072 526 1079 536 ‚
1106 512 1135 531 ut
1150 504 1194 541 qni
1208 503 1368 538 potestatem
1384 510 1492 532 numism
1506 502 1608 531 habeat.
1648 502 1731 540 Festus
1747 506 1783 531 ait
1798 505 1859 533 ideo
1873 507 1952 543 Cylle-

361 555 433 572 nmm
454 544 573 577 dicium,
595 546 668 583 quod
690 554 804 573 omnem
819 554 879 572 rem
893 544 982 572 sermo
997 544 1050 572 fine
1066 541 1189 571 manibus
1205 540 1346 571 conficiat,
1367 541 1463 577 quibus
1474 541 1743 582 parfibusporporis,
1766 544 1810 579 qui
1828 551 1950 577 careant,

363 589 440 612 :cmm
463 584 561 611 vocari.
601 584 688 621 Hujus
709 583 766 610 duae
786 583 869 615 aedes,
889 584 1007 612 totidem
1026 581 1152 612 aediculae‚
1173 589 1238 610 arae,
1261 581 1288 607 ὃς
1309 579 1444 615 templum
1465 580 1563 606 Romae
1584 582 1706 610 luerunt,
1727 581 1765 608 uti
1788 590 1818 608 cx
1833 592 1895 610 xrv.
1909 592 1950 610 re-

362 623 475 658 gionum
489 621 667 660 descriptione
679 628 795 658 apparet.

403 661 432 687 M
443 670 458 686 A
468 669 483 686 L
493 669 556 688 Ενο
567 670 582 687 1..
595 672 603 689 1
628 662 659 688 M
669 670 707 688 Ειι
717 669 732 687 c
742 670 759 687 u
769 670 786 687 R
798 669 807 686 1
823 669 833 686 1
855 659 976 697 iignum,
997 659 1033 686 ait
1052 655 1137 694 Feflu‘s
1151 678 1158 690 ,
1179 654 1343 693 appellabant
1363 656 1438 688 ideo,
1459 655 1547 693 quod,
1571 654 1597 682 in
1618 655 1712 684 nullius
1733 657 1871 685 tabernam
1891 657 1949 695 spe.

362 697 457 725 &abab

402 737 426 763 C
436 746 451 763 A
462 745 484 763 M
498 746 507 763 x
520 746 561 764 Lt.
571 747 610 765 us
633 737 718 765 didius
739 736 791 764 fuit
810 735 842 763 ab
864 734 1014 766 Hetruscis,
1034 733 1107 770 quod
1123 732 1186 761 ess‘et
1201 732 1321 759 minister
1336 733 1473 760 Deorum:
1495 732 1614 759 armilla,-
1628 733 1701 760 enim
1717 735 1851 762 ministros
1867 734 1951 764 sacro-

365 783 424 800 rum
448 782 551 802 veteres
564 775 729 811 appellabant
745 795 751 805 ‚
778 782 809 802 ut
821 773 891 801 infra
905 773 1061 801 docebimus
1076 782 1081 798 ·.
1108 775 1214 799 Verum
1229 771 1262 798 de
1277 770 1400 798 Mercurio
1414 781 1469 799 non
1484 770 1580 799 addam
1595 770 1670 807 plura
1684 792 1692 804 ‚
1719 772 1752 800 de
1768 782 1822 810 quo
1836 773 1879 801 vel
1894 774 1952 802 iolo

363 813 499 851 integrum
513 813 641 842 volumen
656 813 753 841 confici
770 812 862 849 posset.
894 812 935 839 Ad
950 815 1097 838 Minervam
1110 810 1323 847 progrediamur.

868 875 956 900 DE
1033 872 1444 899 MINERVA.

402 928 452 954 De
476 927 505 954 M
518 937 526 953 1
538 936 657 954 NERVA
670 947 678 959 ‚
706 926 777 954 unde
798 935 900 954 nomen
920 925 1015 954 habeat
1028 948 1035 959 ‚
1057 924 1193 962 plurimae,
1215 931 1302 962 eaeque
1323 925 1431 953 diverses
1452 932 1575 953 veterum
1596 925 1757 962 scriptorum
1781 935 1873 957 extant
1893 928 1951 958 sen-

361 966 466 995 tentiae,
487 973 549 1000 quas
570 963 623 992 hoc
642 964 707 992 loeo
722 974 942 992 commemorare
957 965 1030 994 volo.
1069 964 1154 991 Cicero
1170 965 1206 991 ait
1220 968 1366 990 Minervam
1380 964 1481 991 distam
1497 961 1548 991 esse
1561 963 1575 991 a
1589 963 1737 997 minuendo,
1758 965 1800 994 vel
1814 965 1950 1000 minando,

358 1004 422 1037 quia
436 1002 581 1039 prudentiae
596 1003 653 1030 Dea
666 1002 697 1031 sit
712 1024 719 1036 ‚
747 1005 773 1032 ὃ(
789 1002 860 1031 belli.
899 1001 984 1040 Festus
998 1004 1080 1032 etiam
1096 1023 1103 1034 ,
1124 1002 1197 1039 quod
1211 1000 1270 1028 bene
1283 1010 1399 1034 moneat,
1419 1001 1568 1029 Minervam
1583 1002 1634 1029 ess'e
1648 1003 1749 1031 dictam
1766 1003 1831 1032 vult.
1871 1009 1952 1032 Arno-

361 1039 415 1067 ἐκεῖ
430 1040 500 1078 quasi
514 1039 701 1068 Meminervam
714 1041 873 1078 appellatam
889 1041 940 1069 effe
953 1042 1034 1074 dicit,
1056 1040 1128 1078 quod
1143 1039 1157 1067 a
1172 1039 1330 1077 quibusdam
1345 1041 1438 1068 eadem
1455 1041 1588 1068 memoria
1602 1040 1652 1067 effe
1667 1041 1825 1070 affirmetur.
1862 1042 1951 1071 cicero

362 1080 479 1116 quinque
498 1078 631 1106 Minervas·
650 1079 776 1108 recenset.
815 1078 935 1107 Minerva
956 1081 1059 1116 prima,
1079 1079 1181 1116 inquit,
1201 1088 1283 1115 quam
1304 1079 1434 1116 Apollinis
1452 1086 1569 1107 matrem
1586 1078 1661 1116 supra
1674 1079 1798 1107 diximus·
1837 1082 1952 1109 Secunda

362 1125 421 1144 orta
445 1115 511 1144 Nilo
525 1137 532 1148 ,
559 1126 641 1159 quam
664 1119 785 1156 AEgyptii
808 1118 884 1146 Saitae
904 1118 1004 1146 colunt.
1044 1116 1132 1146 Tertia
1147 1115 1208 1149 illa,
1237 1126 1319 1154 quam
1331 1119 1401 1160 Jove
1416 1125 1571 1155 generatam
1585 1116 1661 1154 supra
1675 1119 1803 1145 diximus.
1844 1122 1951 1157 anrm

362 1157 433 1193 Jove
453 1163 527 1186 nata,
551 1157 577 1183 δε
601 1156 743 1192 Coryphe,
765 1158 866 1184 Oceani
882 1156 948 1189 filia,
969 1165 1050 1193 quam
1072 1156 1187 1183 Arcades
1207 1156 1379 1193 Coryphnsmm
1398 1157 1541 1184 nominant
1562 1158 1589 1184 ὃς
1610 1156 1799 1193 quadrigarum
1820 1157 1949 1185 inventri-

363 1202 423 1220 cem
446 1193 543 1220 ferunt.
581 1193 682 1230 Qaejnm
698 1194 819 1222 Pallantis
833 1215 840 1225 ‚
869 1203 926 1229 quae
945 1202 1051 1229 patrem
1065 1194 1164 1220 dicitur
1179 1194 1341 1220 interemiss'e
1355 1214 1362 1224 ‚
1389 1195 1572 1229 virginitatem
1588 1192 1661 1220 suam
1676 1195 1776 1222 violare
1791 1204 1948 1223 conantem:

364 1232 405 1258 cui
421 1232 562 1266 pinnarum
578 1231 667 1258 talaria
680 1232 800 1269 affigunt.
821 1234 846 1257 T
844 1231 910 1258 ertia
925 1241 957 1259 ex
972 1231 1011 1258 his
1024 1240 1057 1258 ex
1071 1229 1184 1258 cerebro
1199 1231 1276 1267 Jovis
1290 1237 1421 1267 prognata
1431 1231 1529 1257 dicitur
1538 1235 1604 1266 ,qua
1617 1231 1650 1257 de
1665 1240 1693 1257 re
1709 1239 1781 1258 extat
1790 1233 1947 1268 elegantiffi-

364 1278 424 1296 mus
444 1267 548 1295 Luciam
569 1269 705 1306 Dialogus.
745 1271 786 1297 De
804 1268 923 1297 Minerva
938 1270 966 1297 in
981 1269 1051 1298 hunc
1066 1269 1121 1297 fere
1135 1269 1251 1296 modum
1266 1267 1356 1297 scribit
1370 1266 1475 1306 Isidorus
1488 1278 1495 1294 z
1514 1266 1661 1295 Minervam
1676 1269 1788 1306 gentiles
1804 1269 1895 1297 multis
1911 1271 1950 1297 in-

362 1308 447 1344 geniis
468 1306 623 1342 praedicant:
644 1308 713 1336 hanc
732 1309 806 1335 enim
827 1309 945 1343 primam
963 1308 1070 1336 lanificii
1084 1306 1160 1334 usum
1177 1307 1345 1338 monstraffe,
1365 1306 1434 1334 hanc
1451 1306 1533 1333 etiam
1550 1306 1632 1333 telam
1646 1307 1758 1340 ‹ii-diist,
1778 1310 1805 1336 ὃς
1820 1307 1949 1336 colomfle

363 1345 433 1373 lanas
447 1344 588 1381 perhibent
603 1356 607 1372 ;
628 1345 705 1373 olivae
719 1355 826 1383 quoque
839 1346 932 1373 dicunt
946 1347 1125 1374 inventricem
1135 1365 1142 1375 ‚
1161 1346 1189 1373 δὲ
1203 1344 1322 1376 fabricae,
1344 1347 1370 1372 ἃ*
1386 1343 1535 1371 multarum
1550 1345 1648 1372 artium
1663 1346 1855 1382 repertricem,
1875 1347 1950 1374 ideo.

366 1393 418 1421 que
438 1383 475 1411 illi
491 1382 572 1420 vulgo
587 1383 688 1421 Opfices
703 1383 855 1422 supplicant.
891 1385 941 1412 Sed
957 1386 984 1412 δ’,
997 1383 1049 1412 hoc
1062 1383 1169 1419 po'e'tice
1186 1382 1303 1419 fingitur.
1338 1383 1404 1409 Non
1419 1382 1492 1409 enim
1506 1381 1625 1409 Minerva
1640 1383 1748 1411 istarum
1762 1385 1861 1411 artium
1876 1386 1950 1421 prin-

363 1431 425 1458 ceps
441 1423 477 1449 est
492 1432 496 1448 z
517 1421 560 1449 sed
577 1424 637 1459 quia
651 1422 776 1458 sapientia
790 1423 817 1450 in
832 1423 918 1457 capite
933 1422 1030 1450 dicitur
1044 1421 1095 1448 esse
1109 1420 1243 1452 hominis,
1264 1422 1291 1448 ὃς
1304 1419 1423 1447 Min‘erva
1439 1420 1471 1447 de
1487 1420 1572 1456 capite
1585 1421 1661 1457 Jovis
1678 1430 1738 1450 nata
1754 1423 1875 1460 fingitur,
1894 1423 1948 1450 hoc

363 1461 414 1491 est,
435 1461 588 1498 ingenium:
610 1461 725 1498 ideoque
738 1459 824 1488 sensus
837 1460 957 1498 sapientis
966 1481 973 1492 ,
986 1460 1032 1497 qui
1047 1460 1149 1487 invenit
1156 1459 1249 1486 omnia
1262 1458 1290 1486 in
1305 1460 1391 1494 capite
1406 1458 1450 1486 est.
1472 1459 1571 1486 Ideo&
1580 1459 1638 1485 Dea
1650 1462 1748 1487 artium
1756 1465 1875 1488 Minerva
1884 1461 1949 1490 dici-

365 1506 423 1529 tur,
446 1499 507 1535 qnia
521 1497 585 1526 nihil
601 1499 771 1527 excellentius
785 1500 821 1526 est
837 1500 946 1537 ingenio
961 1508 1015 1535 quo
1029 1504 1157 1535 reguntur
1171 1497 1300 1524 universa.
1341 1496 1526 1534 Effingebatur
1539 1495 1664 1523 Minerva
1681 1498 1755 1525 vultu
1770 1499 1839 1525 virili
1854 1503 1879 1527 ἃ
1895 1507 1948 1527 tm-

365 1535 486 1568 culenro,
507 1535 610 1572 galeam
627 1538 652 1564 in
670 1538 756 1573 capite
768 1547 877 1574 gerenS,
897 1538 977 1564 armis
993 1536 1150 1573 inlignibus‚
1170 1534 1254 1562 oculis
1269 1536 1352 1563 torvis
1368 1537 1395 1563 &
1409 1534 1523 1572 glaucis,
1544 1543 1607 1561 cum
1618 1534 1687 1562 hasta
1700 1536 1833 1573 pra-longa
1848 1540 1874 1565 ἃ
1889 1547 1949 1572 cry-

365 1573 466 1601 stallino
481 1574 592 1609 clypeo,
615 1584 692 1611 caput
707 1577 844 1612 Gorgonis
859 1574 1016 1611 inscriptum
1031 1574 1157 1604 habente,
1179 1573 1321 1610 quomodo
1335 1583 1366 1601 ex
1381 1573 1555 1611 capite-jovis
1570 1572 1705 1608 profiliifle
1719 1574 1836 1611 fingitur.
1859 1576 1896 1603 Ut
1911 1576 1949 1602 vi-

364 1612 427 1639 dere
441 1613 477 1639 est
489 1612 565 1640 litera
579 1614 613 1640 G.
628 1622 654 1640 in
670 1613 759 1640 fronte
771 1613 815 1640 lib.
827 1623 850 1640 2.

405 1651 424 1676 P
434 1660 448 1677 A
458 1660 473 1677 L
483 1661 498 1678 L
509 1661 523 1676 Λ
534 1661 545 1678 s
568 1651 662 1678 eadem
683 1652 753 1678 dicta
773 1652 808 1679 cst
823 1671 830 1683 ,
859 1651 900 1678 vel
914 1651 928 1678 ὲ
944 1650 1059 1678 Pallimte
1073 1651 1191 1687 Gigante
1205 1650 1294 1678 occiso
1308 1670 1316 1681 ,
1342 1657 1371 1678 ut
1384 1648 1473 1677 scribit
1488 1647 1591 1686 Servius
1606 1670 1613 1680 ‚
1640 1649 1681 1677 vel
1697 1650 1769 1686 quod
1785 1651 1812 1677 in
1830 1650 1949 1679 Pallante

360 1688 455 1722 palude
476 1696 533 1716 crta
553 1688 630 1720 estet,
650 1696 679 1716 ut
696 1688 793 1725 festus,
815 1689 857 1716 vel
871 1694 913 1716 Ἀπ’
927 1695 956 1717 ‘ri
968 1693 1064 1717 wiso-av
1078 1696 1105 1716 τὸ
1118 1694 1182 1725 sigo,
1199 1689 1217 1716 i.
1230 1687 1243 1715 ὲ
1261 1688 1387 1716 vibranda
1402 1690 1427 1715 C<
1443 1688 1620 1716 concutienda
1636 1687 1718 1715 hasta:
1740 1689 1783 1716 vel
1798 1688 1812 1716 {1
1820 1689 1949 1723 fitliendo,

367 1729 393 1755 &
400 1727 519 1761 Jsstltamlo
535 1727 561 1754 in
576 1726 661 1759 bello,
681 1735 710 1755 ut
726 1727 799 1754 Plato
814 1728 858 1755 ait.
886 1727 973 1763 Hujus
987 1726 1177 1753 simulachrum
1195 1725 1343 1754 Palladium
1357 1725 1508 1757 dicebatur,
1529 1727 1562 1753 de
1576 1736 1631 1764 quo
1646 1727 1672 1754 in
1689 1725 1757 1763 Vesta
1772 1727 1868 1755 dicam.

407 1767 439 1792 M
449 1776 454 1792 1
465 1777 481 1793 N
493 1776 505 1792 Ε
515 1775 555 1793 RV
566 1775 590 1792 Ε
609 1765 708 1801 templa
723 1767 749 1793 &c
764 1766 830 1793 aedes
844 1764 931 1801 plures
946 1766 1043 1791 Romae
1057 1764 1176 1792 fuerunt:
1191 1765 1218 1792 in
1234 1774 1288 1802 reg.
1302 1775 1322 1792 1.
1336 1765 1403 1792 aedes
1418 1764 1474 1799 ejus
1483 1763 1545 1791 fuit:
1562 1765 1589 1792 in
1602 1765 1947 1802 11.reg.aediculallsinervae

367 1808 464 1836 Capta,
485 1804 559 1839 cujus
578 1803 759 1841 appellationis
779 1803 863 1831 causas
877 1802 979 1839 aliquot
994 1803 1087 1830 recitat
1100 1801 1177 1830 ovid.
1192 1803 1233 1830 vel
1249 1803 1321 1841 quod
1335 1801 1470 1840 ingeniosa
1485 1802 1542 1829 Dea
1556 1803 1600 1834 sit,
1622 1813 1684 1830 cum
1697 1801 1803 1836 capitale
1817 1801 1947 1839 ingenium

368 1841 446 1869 solers
459 1842 595 1873 dicamus5
614 1842 653 1869 vel
669 1843 741 1879 quod
756 1842 854 1870 feratur
869 1840 1004 1879 pronliisse
1017 1850 1049 1868 ex
1064 1842 1149 1877 capite
1162 1842 1252 1878 Jovis;
1273 1840 1314 1868 ve]
1329 1842 1400 1877 quod
1412 1839 1523 1867 domitis
1538 1839 1640 1868 Faliscis
1649 1842 1751 1876 captiva
1761 1842 1882 1867 Romam
1893 1841 1948 1870 fue-

369 1879 402 1906 rit
424 1880 550 1912 deductam
572 1880 613 1908 vel
635 1882 707 1917 quod
728 1881 814 1917 capite
834 1880 971 1916 puniatur,
993 1879 1011 1906 si
1025 1880 1083 1916 quis
1097 1888 1129 1906 ex
1142 1888 1198 1914 ejus
1213 1878 1317 1915 templo
1330 1879 1402 1906 furto
1416 1877 1558 1914 quicquam
1573 1877 1714 1906 subtrahat.
1755 1878 1838 1906 Addit
1851 1879 1948 1907 Paulus

369 1918 467 1950 Mmfics
486 1918 565 1946 aliam
580 1940 587 1951 ,
614 1923 760 1946 Mmervam
779 1927 884 1955 captam
907 1916 1013 1944 fortasse
1026 1917 1079 1944 dici
1092 1916 1165 1952 posse
1178 1937 1186 1949 ,
1212 1918 1285 1954 quod
1300 1924 1389 1952 captus
1403 1915 1475 1943 locus
1490 1925 1522 1942 ex
1536 1914 1600 1952 Festi
1614 1915 1743 1944 sententia
1756 1916 1789 1944 ad
1803 1916 1948 1947 sacrifican-

369 1954 434 1982 dum
450 1955 570 1993 legitime
584 1957 740 1986 constitutus
755 1957 896 1984 videi-etur.

409 1994 519 2030 Templi
537 1997 566 2022 M
579 2007 587 2023 1
599 2007 615 2024 N
626 2006 641 2023 Ε
652 2005 724 2023 nvn:
745 1997 776 2023 M
788 2005 800 2022 Ε
810 2005 828 2022 1)
842 2005 850 2022 1
863 2004 911 2021 effi
927 1997 956 2021 P.
973 1992 1055 2021 Vic‘lor
1069 1993 1211 2025 meminit,
1231 1994 1302 2031 quod
1318 1994 1368 2021 fuit
1380 1992 1407 2020 in
1421 1992 1531 2029 regione
1545 2003 1572 2021 v.

411 2032 559 2068 Templum
578 2035 607 2061 M
621 2044 629 2061 i
641 2045 658 2062 N
669 2043 682 2060 Ε
693 2045 707 2061 n
717 2045 732 2061 v
743 2044 765 2060 fc
789 2034 807 2060 F
817 2043 832 2060 1..
843 2044 859 2060 A
869 2043 884 2059 v
897 2043 905 2059 1
918 2042 934 2059 A
945 2044 962 2060 N
972 2042 997 2060 ΑΕ
1016 2032 1043 2059 in
1058 2042 1101 2059 vi.
1116 2031 1226 2068 regione
1241 2032 1396 2060 collocatur.

410 2067 471 2096 Fuit
485 2073 511 2097 ἃ
526 2070 539 2097 -21
555 2073 667 2106 Pompejo
680 2076 774 2109 Magno
787 2071 929 2098 delubrum
942 2069 1062 2097 Minerva
1077 2070 1260 2098 consecratum
1273 2091 1281 2102 ,
1302 2069 1429 2099 confecto
1443 2068 1512 2097 bello
1526 2080 1658 2098 annorum
1676 2082 1718 2109 30.
1733 2072 1767 2099 de
1781 2080 1835 2108 quo
1850 2070 1949 2099 Plinius

369 2103 386 2131 l.
398 2113 421 2139 7.
436 2115 492 2142 cap.
504 2111 545 2135 26.
567 2111 637 2145 quod
660 2109 709 2137 fuit
730 2110 874 2147 magnifice
894 2117 1020 2136 ornatum
1034 2129 1042 2140 ,
1066 2109 1094 2136 in
1108 2117 1162 2146 quo
1178 2109 1259 2136 etiam
1274 2108 1325 2137 fuit
1338 2108 1499 2137 breviarium
1513 2119 1603 2136 rerum
1618 2110 1645 2136 in
1661 2110 1774 2138 Oriente
1787 2110 1920 2147 gestarum
1934 2110 1948 2138 zi

372 2143 505 2181 Pompejo
520 2147 630 2182 Magno.

414 2183 444 2209 M
457 2192 465 2209 1
479 2193 495 2209 N
507 2193 521 2210 Ε
531 2194 544 2210 κ
555 2194 567 2210 ν
579 2194 603 2210 AE
617 2205 626 2215 ³
657 2185 709 2213 five
742 2188 761 2212 P
772 2197 787 2213 A
796 2196 811 2213 L
821 2196 835 2213 L
846 2196 862 2212 A
873 2196 890 2212 n
904 2195 913 2212 ι
924 2196 936 2213 s
971 2186 994 2213 A
1004 2195 1019 2213 v
1028 2195 1043 2213 Ε
1052 2195 1070 2213 N
1080 2195 1097 2212 'r
1111 2195 1120 2211 1
1132 2195 1148 2212 N
1160 2194 1185 2212 ΛΕ
1220 2184 1354 2222 templum
1386 2185 1414 2213 in
1447 2184 1577 2213 Aventino
1609 2193 1705 2214 monte
1735 2187 1947 2224 antiquissimum

372 2219 423 2247 fuit
436 2240 443 2250 ,
470 2218 539 2247 Livii
558 2222 693 2248 Andronici
713 2224 801 2251 Poe'tae
823 2223 939 2250 donariis
958 2223 1061 2251 celebre
1075 2244 1083 2255 ‚
1102 2222 1196 2260 quibus
1214 2223 1268 2259 ipie
1288 2223 1320 2250 ab
1339 2223 1395 2251 aliis
1418 2224 1506 2252 Po'e'tis
1527 2226 1552 2252 ἃ
1572 2223 1603 2252 ab
1624 2225 1778 2256 Histoi-icis,
1799 2224 1891 2261 quibus
1911 2225 1949 2252 fa-

372 2256 444 2284 bulas
464 2257 614 2294 scripserat.
634 2258 792 2292 honoratus,
813 2262 906 2288 eadem
928 2262 960 2289 ad
980 2266 1125 2289 Minervam
1146 2261 1318 2298 ingeniorum
1338 2261 1474 2299 praefidem
1488 2283 1495 2294 ,
1514 2270 1589 2299 grata
1609 2261 1708 2299 pietate
1729 2261 1866 2291 detulerat.
1906 2264 1949 2289 De

372 2294 424 2323 hoc
438 2297 541 2332 templo
554 2295 632 2325 ovid.
646 2296 662 2324 l.
675 2301 700 2324 6.
716 2299 779 2325 Fast.
806 2300 846 2325 De
860 2299 971 2327 delubro
985 2299 1104 2327 Minerva
1118 2299 1146 2327 in
1161 2299 1296 2335 Capitolio
1309 2307 1384 2328 antea
1399 2301 1524 2328 diximus.
1552 2299 1697 2328 Mineruam
1713 2300 1848 2328 custodem
1863 2300 1949 2327 Cicero

372 2333 517 2400 {iquiffgae
536 2336 664 2403 §rivatim
685 2336 789 2368 coluit,
815 2345 895 2373 quam
916 2339 1005 2374 postea
1024 2339 1141 2367 abiturus
1159 2339 1187 2366 in
1207 2338 1317 2367 exilium
1331 2359 1339 2372 ,
1360 2333 1387 2367 iri
1407 2338 1572 2376 Capitolium
1592 2338 1708 2372 detulit,
1729 2341 1756 2369 ὃ(
1777 2338 1949 2366 consecravit.

398 2382 446 2399 1071.
470 2382 477 2399 l
498 2392 504 2399 ι
522 2383 533 2404 2
557 2395 563 2402 .

1837 2415 1948 2443 Cum,-
