<?xml version="1.0" encoding="UTF-8"?>
<!DOCTYPE html PUBLIC "-//W3C//DTD XHTML 1.0 Transitional//EN"
    "http://www.w3.org/TR/xhtml1/DTD/xhtml1-transitional.dtd">
<html xmlns="http://www.w3.org/1999/xhtml" xml:lang="en" lang="en">
 <head>
  <title>
</title>
<meta http-equiv="Content-Type" content="text/html;charset=utf-8" />
  <meta name='ocr-system' content='tesseract 3.04.00' />
  <meta name='ocr-capabilities' content='ocr_page ocr_carea ocr_par ocr_line ocrx_word'/>
</head>
<body>
  <div class='ocr_page' id='page_1' title='image "./johannisrosinian00rosi/johannisrosinian00rosi_0239.png"; bbox 0 0 2075 2734; ppageno 0'>
   <div class='ocr_carea' id='block_1_1' title="bbox 415 113 1653 165">
    <p class='ocr_par' dir='ltr' id='par_1_1' title="bbox 415 113 1653 165">
     <span class='ocr_line' id='line_1_1' title="bbox 415 113 1653 165; baseline -0.003 -17"><span class='ocrx_word' id='word_1_1' title='bbox 415 120 464 149; x_wconf 74' lang='lat' dir='ltr'>De</span> <span class='ocrx_word' id='word_1_2' title='bbox 484 115 790 150; x_wconf 57' lang='lat' dir='ltr'>consecutione</span> <span class='ocrx_word' id='word_1_3' title='bbox 810 113 1100 150; x_wconf 52' lang='lat' dir='ltr'>munitorum,</span> <span class='ocrx_word' id='word_1_4' title='bbox 1120 119 1171 147; x_wconf 71' lang='lat' dir='ltr'>&amp;o</span> <span class='ocrx_word' id='word_1_5' title='bbox 1192 113 1273 146; x_wconf 63' lang='lat' dir='ltr'>Car]</span> <span class='ocrx_word' id='word_1_6' title='bbox 1295 119 1337 148; x_wconf 85' lang='lat'>18.</span> <span class='ocrx_word' id='word_1_7' title='bbox 1600 131 1653 165; x_wconf 82' lang='lat'>²¹3</span> 
     </span>
    </p>
   </div>
   <div class='ocr_carea' id='block_1_2' title="bbox 76 164 1658 281">
    <p class='ocr_par' dir='ltr' id='par_1_2' title="bbox 76 164 1658 281">
     <span class='ocr_line' id='line_1_2' title="bbox 78 164 1656 206; baseline -0.001 -8"><span class='ocrx_word' id='word_1_8' title='bbox 78 170 197 198; x_wconf 83' lang='lat' dir='ltr'>virorum</span> <span class='ocrx_word' id='word_1_9' title='bbox 218 174 263 197; x_wconf 84' lang='lat' dir='ltr'>aut</span> <span class='ocrx_word' id='word_1_10' title='bbox 283 174 425 205; x_wconf 86' lang='lat' dir='ltr'>parentum</span> <span class='ocrx_word' id='word_1_11' title='bbox 446 169 560 206; x_wconf 82' lang='lat' dir='ltr'>dignitas</span> <span class='ocrx_word' id='word_1_12' title='bbox 574 167 735 196; x_wconf 82' lang='lat' dir='ltr'>honestabat.</span> <span class='ocrx_word' id='word_1_13' title='bbox 774 169 933 204; x_wconf 87' lang='lat' dir='ltr'>Harumque</span> <span class='ocrx_word' id='word_1_14' title='bbox 947 168 1017 196; x_wconf 82' lang='lat' dir='ltr'>nulla</span> <span class='ocrx_word' id='word_1_15' title='bbox 1033 168 1074 195; x_wconf 80' lang='lat' dir='ltr'>vel</span> <span class='ocrx_word' id='word_1_16' title='bbox 1088 176 1181 195; x_wconf 87' lang='lat' dir='ltr'>aurum</span> <span class='ocrx_word' id='word_1_17' title='bbox 1196 166 1298 204; x_wconf 83' lang='lat' dir='ltr'>gestans</span> <span class='ocrx_word' id='word_1_18' title='bbox 1310 187 1318 198; x_wconf 85' lang='lat'>,</span> <span class='ocrx_word' id='word_1_19' title='bbox 1345 164 1387 194; x_wconf 88' lang='lat' dir='ltr'>vel</span> <span class='ocrx_word' id='word_1_20' title='bbox 1405 172 1498 195; x_wconf 78' lang='lat' dir='ltr'>ornata</span> <span class='ocrx_word' id='word_1_21' title='bbox 1511 167 1656 198; x_wconf 88' lang='lat' dir='ltr'>monilibus</span> 
     </span>
     <span class='ocr_line' id='line_1_3' title="bbox 76 204 1657 244; baseline 0 -9"><span class='ocrx_word' id='word_1_22' title='bbox 76 206 301 244; x_wconf 73' lang='lat' dir='ltr'>conspiciebatur,</span> <span class='ocrx_word' id='word_1_23' title='bbox 321 206 364 234; x_wconf 89' lang='lat' dir='ltr'>sed</span> <span class='ocrx_word' id='word_1_24' title='bbox 379 206 491 234; x_wconf 89' lang='lat' dir='ltr'>vestibus</span> <span class='ocrx_word' id='word_1_25' title='bbox 505 206 567 234; x_wconf 87' lang='lat' dir='ltr'>albis</span> <span class='ocrx_word' id='word_1_26' title='bbox 582 205 692 233; x_wconf 82' lang='lat' dir='ltr'>exilibus</span> <span class='ocrx_word' id='word_1_27' title='bbox 706 205 819 237; x_wconf 79' lang='lat' dir='ltr'>indutae,</span> <span class='ocrx_word' id='word_1_28' title='bbox 840 207 1017 234; x_wconf 79' lang='lat' dir='ltr'>moerentium</span> <span class='ocrx_word' id='word_1_29' title='bbox 1032 206 1147 242; x_wconf 85' lang='lat' dir='ltr'>speciem</span> <span class='ocrx_word' id='word_1_30' title='bbox 1162 204 1322 242; x_wconf 78' lang='lat' dir='ltr'>praebebant.</span> <span class='ocrx_word' id='word_1_31' title='bbox 1362 206 1427 232; x_wconf 85' lang='lat' dir='ltr'>Haec</span> <span class='ocrx_word' id='word_1_32' title='bbox 1441 206 1478 233; x_wconf 82' lang='lat' dir='ltr'>ita</span> <span class='ocrx_word' id='word_1_33' title='bbox 1491 214 1540 241; x_wconf 84' lang='lat' dir='ltr'>per</span> <span class='ocrx_word' id='word_1_34' title='bbox 1551 206 1657 244; x_wconf 85' lang='lat' dir='ltr'>septem</span> 
     </span>
     <span class='ocr_line' id='line_1_4' title="bbox 77 241 1658 281; baseline -0.003 -8"><span class='ocrx_word' id='word_1_35' title='bbox 77 246 132 274; x_wconf 88' lang='lat' dir='ltr'>dies</span> <span class='ocrx_word' id='word_1_36' title='bbox 154 246 296 273; x_wconf 83' lang='lat' dir='ltr'>continuos</span> <span class='ocrx_word' id='word_1_37' title='bbox 315 244 444 272; x_wconf 85' lang='lat' dir='ltr'>faciebant</span> <span class='ocrx_word' id='word_1_38' title='bbox 457 264 466 275; x_wconf 95' lang='lat'>,</span> <span class='ocrx_word' id='word_1_39' title='bbox 492 242 596 270; x_wconf 68' lang='lat' dir='ltr'>Medicis</span> <span class='ocrx_word' id='word_1_40' title='bbox 617 243 649 271; x_wconf 84' lang='lat' dir='ltr'>ad</span> <span class='ocrx_word' id='word_1_41' title='bbox 672 242 773 270; x_wconf 64' lang='lat' dir='ltr'>lectum</span> <span class='ocrx_word' id='word_1_42' title='bbox 789 243 909 280; x_wconf 83' lang='lat' dir='ltr'>quotidie</span> <span class='ocrx_word' id='word_1_43' title='bbox 922 244 1107 272; x_wconf 81' lang='lat' dir='ltr'>accedentibus</span> <span class='ocrx_word' id='word_1_44' title='bbox 1121 264 1128 275; x_wconf 85' lang='lat'><em>,</em></span> <span class='ocrx_word' id='word_1_45' title='bbox 1156 242 1358 279; x_wconf 62' lang='lat' dir='ltr'>inspectumque</span> <span class='ocrx_word' id='word_1_46' title='bbox 1372 241 1455 271; x_wconf 86' lang='lat' dir='ltr'>veluti</span> <span class='ocrx_word' id='word_1_47' title='bbox 1467 252 1569 281; x_wconf 79' lang='lat' dir='ltr'>aegrum</span> <span class='ocrx_word' id='word_1_48' title='bbox 1584 246 1658 274; x_wconf 86' lang='lat' dir='ltr'>dete.</span> 
     </span>
    </p>
   </div>
   <div class='ocr_carea' id='block_1_3' title="bbox 50 279 1658 321">
    <p class='ocr_par' dir='ltr' id='par_1_3' title="bbox 50 279 1658 321">
     <span class='ocr_line' id='line_1_5' title="bbox 50 279 1658 321; baseline 0 -10"><span class='ocrx_word' id='word_1_49' title='bbox 50 294 52 299; x_wconf 95' lang='lat'>·</span> <span class='ocrx_word' id='word_1_50' title='bbox 77 285 131 311; x_wconf 77' lang='lat' dir='ltr'>rius</span> <span class='ocrx_word' id='word_1_51' title='bbox 151 283 177 311; x_wconf 90' lang='lat' dir='ltr'>se</span> <span class='ocrx_word' id='word_1_52' title='bbox 190 283 288 310; x_wconf 84' lang='lat' dir='ltr'>habere</span> <span class='ocrx_word' id='word_1_53' title='bbox 298 282 406 321; x_wconf 84' lang='lat' dir='ltr'>subinde</span> <span class='ocrx_word' id='word_1_54' title='bbox 419 280 659 317; x_wconf 80' lang='lat' dir='ltr'>pronuntiantibus.</span> <span class='ocrx_word' id='word_1_55' title='bbox 699 281 769 308; x_wconf 84' lang='lat' dir='ltr'>Dein</span> <span class='ocrx_word' id='word_1_56' title='bbox 784 281 829 308; x_wconf 90' lang='lat' dir='ltr'>ubi</span> <span class='ocrx_word' id='word_1_57' title='bbox 849 281 906 316; x_wconf 88' lang='lat' dir='ltr'>jam</span> <span class='ocrx_word' id='word_1_58' title='bbox 921 281 988 308; x_wconf 86' lang='lat' dir='ltr'>visus</span> <span class='ocrx_word' id='word_1_59' title='bbox 1003 281 1065 309; x_wconf 82' lang='lat' dir='ltr'>esset</span> <span class='ocrx_word' id='word_1_60' title='bbox 1077 281 1170 308; x_wconf 83' lang='lat' dir='ltr'>obiisse</span> <span class='ocrx_word' id='word_1_61' title='bbox 1184 281 1256 308; x_wconf 90' lang='lat' dir='ltr'>diem</span> <span class='ocrx_word' id='word_1_62' title='bbox 1271 299 1279 311; x_wconf 85' lang='lat'><em>‚</em></span> <span class='ocrx_word' id='word_1_63' title='bbox 1304 280 1404 308; x_wconf 60' lang='lat' dir='ltr'>lectum</span> <span class='ocrx_word' id='word_1_64' title='bbox 1418 279 1538 310; x_wconf 84' lang='lat' dir='ltr'>humeris</span> <span class='ocrx_word' id='word_1_65' title='bbox 1551 284 1658 312; x_wconf 87' lang='lat' dir='ltr'>attolle-</span> 
     </span>
    </p>
   </div>
   <div class='ocr_carea' id='block_1_4' title="bbox 76 317 1656 699">
    <p class='ocr_par' dir='ltr' id='par_1_4' title="bbox 76 317 1656 699">
     <span class='ocr_line' id='line_1_6' title="bbox 76 317 1655 360; baseline 0 -12"><span class='ocrx_word' id='word_1_66' title='bbox 76 321 142 349; x_wconf 88' lang='lat' dir='ltr'>bant</span> <span class='ocrx_word' id='word_1_67' title='bbox 155 319 282 360; x_wconf 76' lang='lat' dir='ltr'>Equestris</span> <span class='ocrx_word' id='word_1_68' title='bbox 293 325 413 347; x_wconf 76' lang='lat' dir='ltr'>Senatoru</span> <span class='ocrx_word' id='word_1_69' title='bbox 433 328 464 344; x_wconf 84' lang='lat' dir='ltr'>ue</span> <span class='ocrx_word' id='word_1_70' title='bbox 479 317 572 345; x_wconf 69' lang='lat' dir='ltr'>ordinis</span> <span class='ocrx_word' id='word_1_71' title='bbox 584 318 739 346; x_wconf 79' lang='lat' dir='ltr'>nobiliffimi</span> <span class='ocrx_word' id='word_1_72' title='bbox 748 340 754 350; x_wconf 95' lang='lat'>‚</span> <span class='ocrx_word' id='word_1_73' title='bbox 776 328 806 345; x_wconf 89' lang='lat' dir='ltr'>ac</span> <span class='ocrx_word' id='word_1_74' title='bbox 820 319 954 346; x_wconf 62' lang='lat' dir='ltr'>leetissimi</span> <span class='ocrx_word' id='word_1_75' title='bbox 965 320 1090 355; x_wconf 83' lang='lat' dir='ltr'>juvenes:</span> <span class='ocrx_word' id='word_1_76' title='bbox 1113 328 1214 355; x_wconf 83' lang='lat' dir='ltr'>perque</span> <span class='ocrx_word' id='word_1_77' title='bbox 1227 320 1298 346; x_wconf 88' lang='lat' dir='ltr'>viam</span> <span class='ocrx_word' id='word_1_78' title='bbox 1314 317 1414 346; x_wconf 86' lang='lat' dir='ltr'>sacram</span> <span class='ocrx_word' id='word_1_79' title='bbox 1427 320 1456 347; x_wconf 89' lang='lat' dir='ltr'>in</span> <span class='ocrx_word' id='word_1_80' title='bbox 1470 328 1546 348; x_wconf 86' lang='lat' dir='ltr'>vetus</span> <span class='ocrx_word' id='word_1_81' title='bbox 1561 319 1655 350; x_wconf 87' lang='lat' dir='ltr'>forum</span> 
     </span>
     <span class='ocr_line' id='line_1_7' title="bbox 78 327 1656 397; baseline 0 -10"><span class='ocrx_word' id='word_1_82' title='bbox 78 359 152 387; x_wconf 87' lang='lat' dir='ltr'>defer</span> <span class='ocrx_word' id='word_1_83' title='bbox 170 360 232 387; x_wconf 87' lang='lat' dir='ltr'>bant</span> <span class='ocrx_word' id='word_1_84' title='bbox 246 379 253 389; x_wconf 92' lang='lat'><em>,</em></span> <span class='ocrx_word' id='word_1_85' title='bbox 280 357 324 385; x_wconf 89' lang='lat' dir='ltr'>ubi</span> <span class='ocrx_word' id='word_1_86' title='bbox 340 327 504 394; x_wconf 50' lang='lat' dir='ltr'>Magtfiratus</span> <span class='ocrx_word' id='word_1_87' title='bbox 523 356 642 384; x_wconf 89' lang='lat' dir='ltr'>Romani</span> <span class='ocrx_word' id='word_1_88' title='bbox 661 356 795 392; x_wconf 86' lang='lat' dir='ltr'>deponere</span> <span class='ocrx_word' id='word_1_89' title='bbox 814 355 948 390; x_wconf 79' lang='lat' dir='ltr'>Imperium</span> <span class='ocrx_word' id='word_1_90' title='bbox 963 356 1163 383; x_wconf 83' lang='lat' dir='ltr'>consueverant.</span> <span class='ocrx_word' id='word_1_91' title='bbox 1203 356 1362 384; x_wconf 66' lang='lat' dir='ltr'>Extruetum</span> <span class='ocrx_word' id='word_1_92' title='bbox 1378 364 1468 385; x_wconf 87' lang='lat' dir='ltr'>autem</span> <span class='ocrx_word' id='word_1_93' title='bbox 1484 365 1539 386; x_wconf 86' lang='lat' dir='ltr'>erat</span> <span class='ocrx_word' id='word_1_94' title='bbox 1555 359 1584 386; x_wconf 91' lang='lat' dir='ltr'>in</span> <span class='ocrx_word' id='word_1_95' title='bbox 1597 359 1656 397; x_wconf 89' lang='lat' dir='ltr'>ipso</span> 
     </span>
     <span class='ocr_line' id='line_1_8' title="bbox 78 392 1655 434; baseline 0 -9"><span class='ocrx_word' id='word_1_96' title='bbox 78 398 207 425; x_wconf 88' lang='lat' dir='ltr'>Romano</span> <span class='ocrx_word' id='word_1_97' title='bbox 225 395 286 423; x_wconf 91' lang='lat' dir='ltr'>foro</span> <span class='ocrx_word' id='word_1_98' title='bbox 305 394 400 422; x_wconf 88' lang='lat' dir='ltr'>coloris</span> <span class='ocrx_word' id='word_1_99' title='bbox 412 393 507 430; x_wconf 85' lang='lat' dir='ltr'>lapidei</span> <span class='ocrx_word' id='word_1_100' title='bbox 519 392 633 421; x_wconf 76' lang='lat' dir='ltr'>tribunal</span> <span class='ocrx_word' id='word_1_101' title='bbox 643 393 753 432; x_wconf 74' lang='lat' dir='ltr'>ligneum</span> <span class='ocrx_word' id='word_1_102' title='bbox 765 415 773 427; x_wconf 93' lang='lat'>,</span> <span class='ocrx_word' id='word_1_103' title='bbox 798 393 874 432; x_wconf 71' lang='lat' dir='ltr'>super</span> <span class='ocrx_word' id='word_1_104' title='bbox 889 394 961 432; x_wconf 92' lang='lat' dir='ltr'>quod</span> <span class='ocrx_word' id='word_1_105' title='bbox 975 394 1118 422; x_wconf 76' lang='lat' dir='ltr'>aedificium</span> <span class='ocrx_word' id='word_1_106' title='bbox 1133 395 1268 430; x_wconf 82' lang='lat' dir='ltr'>quoddam</span> <span class='ocrx_word' id='word_1_107' title='bbox 1284 393 1460 422; x_wconf 60' lang='lat' dir='ltr'>fabrefactum</span> <span class='ocrx_word' id='word_1_108' title='bbox 1476 403 1531 424; x_wconf 88' lang='lat' dir='ltr'>erat</span> <span class='ocrx_word' id='word_1_109' title='bbox 1545 416 1553 428; x_wconf 91' lang='lat'>‚</span> <span class='ocrx_word' id='word_1_110' title='bbox 1581 398 1655 434; x_wconf 91' lang='lat' dir='ltr'>quod</span> 
     </span>
     <span class='ocr_line' id='line_1_9' title="bbox 79 431 1656 469; baseline -0.002 -6"><span class='ocrx_word' id='word_1_111' title='bbox 79 435 211 463; x_wconf 69' lang='lat' dir='ltr'>columnae</span> <span class='ocrx_word' id='word_1_112' title='bbox 224 434 339 469; x_wconf 82' lang='lat' dir='ltr'>undique</span> <span class='ocrx_word' id='word_1_113' title='bbox 353 431 512 459; x_wconf 73' lang='lat' dir='ltr'>sustinebant</span> <span class='ocrx_word' id='word_1_114' title='bbox 525 453 531 463; x_wconf 89' lang='lat'>,</span> <span class='ocrx_word' id='word_1_115' title='bbox 553 442 661 469; x_wconf 84' lang='lat' dir='ltr'>eratque</span> <span class='ocrx_word' id='word_1_116' title='bbox 675 432 756 460; x_wconf 88' lang='lat' dir='ltr'>ebore</span> <span class='ocrx_word' id='word_1_117' title='bbox 769 433 842 460; x_wconf 90' lang='lat' dir='ltr'>varie</span> <span class='ocrx_word' id='word_1_118' title='bbox 855 440 981 460; x_wconf 84' lang='lat' dir='ltr'>omatum</span> <span class='ocrx_word' id='word_1_119' title='bbox 995 453 1003 464; x_wconf 94' lang='lat'><strong><em>,</em></strong></span> <span class='ocrx_word' id='word_1_120' title='bbox 1023 434 1049 460; x_wconf 71' lang='grc' dir='ltr'>δε</span> <span class='ocrx_word' id='word_1_121' title='bbox 1064 441 1142 459; x_wconf 85' lang='lat' dir='ltr'>auro:</span> <span class='ocrx_word' id='word_1_122' title='bbox 1164 440 1196 458; x_wconf 87' lang='lat' dir='ltr'>eo</span> <span class='ocrx_word' id='word_1_123' title='bbox 1209 432 1300 459; x_wconf 84' lang='lat' dir='ltr'>allatus</span> <span class='ocrx_word' id='word_1_124' title='bbox 1315 431 1400 460; x_wconf 88' lang='lat' dir='ltr'>fuerat</span> <span class='ocrx_word' id='word_1_125' title='bbox 1413 433 1478 461; x_wconf 88' lang='lat' dir='ltr'>alius</span> <span class='ocrx_word' id='word_1_126' title='bbox 1492 433 1575 462; x_wconf 66' lang='lat' dir='ltr'>lectus</span> <span class='ocrx_word' id='word_1_127' title='bbox 1590 442 1656 463; x_wconf 80' lang='lat' dir='ltr'>con-</span> 
     </span>
     <span class='ocr_line' id='line_1_10' title="bbox 79 469 1656 511; baseline -0.003 -11"><span class='ocrx_word' id='word_1_128' title='bbox 79 473 171 500; x_wconf 82' lang='lat' dir='ltr'>similis</span> <span class='ocrx_word' id='word_1_129' title='bbox 184 493 191 504; x_wconf 97' lang='lat'>,</span> <span class='ocrx_word' id='word_1_130' title='bbox 218 472 260 499; x_wconf 89' lang='lat' dir='ltr'>cui</span> <span class='ocrx_word' id='word_1_131' title='bbox 278 471 394 507; x_wconf 81' lang='lat' dir='ltr'>stragulis</span> <span class='ocrx_word' id='word_1_132' title='bbox 414 471 551 506; x_wconf 83' lang='lat' dir='ltr'>purpureis</span> <span class='ocrx_word' id='word_1_133' title='bbox 563 492 570 503; x_wconf 85' lang='lat'><em>‚</em></span> <span class='ocrx_word' id='word_1_134' title='bbox 598 479 677 511; x_wconf 81' lang='lat' dir='ltr'>atque</span> <span class='ocrx_word' id='word_1_135' title='bbox 697 481 762 499; x_wconf 87' lang='lat' dir='ltr'>auro</span> <span class='ocrx_word' id='word_1_136' title='bbox 773 471 882 499; x_wconf 80' lang='lat' dir='ltr'>intextis</span> <span class='ocrx_word' id='word_1_137' title='bbox 897 478 993 498; x_wconf 90' lang='lat' dir='ltr'>ornato</span> <span class='ocrx_word' id='word_1_138' title='bbox 1007 477 1080 498; x_wconf 85' lang='lat' dir='ltr'>erant</span> <span class='ocrx_word' id='word_1_139' title='bbox 1096 470 1197 497; x_wconf 86' lang='lat' dir='ltr'>circum</span> <span class='ocrx_word' id='word_1_140' title='bbox 1213 470 1297 504; x_wconf 84' lang='lat' dir='ltr'>capita</span> <span class='ocrx_word' id='word_1_141' title='bbox 1310 469 1457 498; x_wconf 82' lang='lat' dir='ltr'>belluarum</span> <span class='ocrx_word' id='word_1_142' title='bbox 1472 481 1548 500; x_wconf 89' lang='lat' dir='ltr'>terrae</span> <span class='ocrx_word' id='word_1_143' title='bbox 1563 493 1571 504; x_wconf 91' lang='lat'><strong><em>,</em></strong></span> <span class='ocrx_word' id='word_1_144' title='bbox 1597 483 1656 501; x_wconf 66' lang='lat' dir='ltr'>ma-</span> 
     </span>
     <span class='ocr_line' id='line_1_11' title="bbox 79 506 1656 547; baseline 0 -10"><span class='ocrx_word' id='word_1_145' title='bbox 79 510 165 547; x_wconf 86' lang='lat' dir='ltr'>risque</span> <span class='ocrx_word' id='word_1_146' title='bbox 178 521 183 537; x_wconf 85' lang='grc'>;</span> <span class='ocrx_word' id='word_1_147' title='bbox 209 511 237 537; x_wconf 91' lang='lat' dir='ltr'>in</span> <span class='ocrx_word' id='word_1_148' title='bbox 251 517 336 544; x_wconf 90' lang='lat' dir='ltr'>eoque</span> <span class='ocrx_word' id='word_1_149' title='bbox 348 508 460 536; x_wconf 80' lang='lat' dir='ltr'>statuam</span> <span class='ocrx_word' id='word_1_150' title='bbox 477 517 582 536; x_wconf 77' lang='lat' dir='ltr'>ceream</span> <span class='ocrx_word' id='word_1_151' title='bbox 599 508 718 543; x_wconf 73' lang='lat' dir='ltr'>l’rmcipu</span> <span class='ocrx_word' id='word_1_152' title='bbox 732 508 906 542; x_wconf 68' lang='lat' dir='ltr'>consecrandi,</span> <span class='ocrx_word' id='word_1_153' title='bbox 934 517 964 537; x_wconf 81' lang='lat' dir='ltr'>ut</span> <span class='ocrx_word' id='word_1_154' title='bbox 977 508 1031 535; x_wconf 85' lang='lat' dir='ltr'>dixi</span> <span class='ocrx_word' id='word_1_155' title='bbox 1048 529 1055 539; x_wconf 88' lang='lat'>‚</span> <span class='ocrx_word' id='word_1_156' title='bbox 1084 517 1115 536; x_wconf 81' lang='lat' dir='ltr'>ex</span> <span class='ocrx_word' id='word_1_157' title='bbox 1130 506 1230 533; x_wconf 60' lang='lat' dir='ltr'>Palam</span> <span class='ocrx_word' id='word_1_158' title='bbox 1243 506 1347 535; x_wconf 85' lang='lat' dir='ltr'>allatam</span> <span class='ocrx_word' id='word_1_159' title='bbox 1362 529 1369 539; x_wconf 85' lang='lat'>‚</span> <span class='ocrx_word' id='word_1_160' title='bbox 1390 518 1486 536; x_wconf 83' lang='lat' dir='ltr'>ornatu</span> <span class='ocrx_word' id='word_1_161' title='bbox 1500 511 1656 547; x_wconf 83' lang='lat' dir='ltr'>triumphali</span> 
     </span>
     <span class='ocr_line' id='line_1_12' title="bbox 79 545 1656 585; baseline -0.001 -9"><span class='ocrx_word' id='word_1_162' title='bbox 79 547 243 576; x_wconf 87' lang='lat' dir='ltr'>collocabant</span> <span class='ocrx_word' id='word_1_163' title='bbox 257 567 264 578; x_wconf 95' lang='lat'>‚</span> <span class='ocrx_word' id='word_1_164' title='bbox 283 545 298 572; x_wconf 72' lang='lat' dir='ltr'>a</span> <span class='ocrx_word' id='word_1_165' title='bbox 313 555 364 583; x_wconf 86' lang='lat' dir='ltr'>qua</span> <span class='ocrx_word' id='word_1_166' title='bbox 377 556 442 583; x_wconf 90' lang='lat' dir='ltr'>puer</span> <span class='ocrx_word' id='word_1_167' title='bbox 457 548 563 584; x_wconf 82' lang='lat' dir='ltr'>egregia</span> <span class='ocrx_word' id='word_1_168' title='bbox 578 546 667 574; x_wconf 86' lang='lat' dir='ltr'>forma</span> <span class='ocrx_word' id='word_1_169' title='bbox 680 567 688 578; x_wconf 87' lang='lat'><em>,</em></span> <span class='ocrx_word' id='word_1_170' title='bbox 708 548 744 575; x_wconf 83' lang='lat' dir='ltr'>ita</span> <span class='ocrx_word' id='word_1_171' title='bbox 759 554 790 575; x_wconf 91' lang='lat' dir='ltr'>ut</span> <span class='ocrx_word' id='word_1_172' title='bbox 805 549 941 581; x_wconf 77' lang='lat' dir='ltr'>Imperator</span> <span class='ocrx_word' id='word_1_173' title='bbox 952 546 1084 574; x_wconf 78' lang='lat' dir='ltr'>dormiret</span> <span class='ocrx_word' id='word_1_174' title='bbox 1097 567 1104 578; x_wconf 92' lang='lat'>‚</span> <span class='ocrx_word' id='word_1_175' title='bbox 1125 546 1219 581; x_wconf 83' lang='lat' dir='ltr'>pennis</span> <span class='ocrx_word' id='word_1_176' title='bbox 1233 546 1344 585; x_wconf 79' lang='lat' dir='ltr'>pavonis</span> <span class='ocrx_word' id='word_1_177' title='bbox 1358 545 1458 574; x_wconf 81' lang='lat' dir='ltr'>muscas</span> <span class='ocrx_word' id='word_1_178' title='bbox 1472 547 1575 585; x_wconf 85' lang='lat' dir='ltr'>agebat.</span> <span class='ocrx_word' id='word_1_179' title='bbox 1615 550 1656 577; x_wconf 88' lang='lat' dir='ltr'>Eo</span> 
     </span>
     <span class='ocr_line' id='line_1_13' title="bbox 77 582 1656 623; baseline 0.001 -10"><span class='ocrx_word' id='word_1_180' title='bbox 77 587 114 615; x_wconf 85' lang='lat' dir='ltr'>ita</span> <span class='ocrx_word' id='word_1_181' title='bbox 136 587 240 622; x_wconf 88' lang='lat' dir='ltr'>jacente</span> <span class='ocrx_word' id='word_1_182' title='bbox 260 583 407 621; x_wconf 86' lang='lat' dir='ltr'>superstites</span> <span class='ocrx_word' id='word_1_183' title='bbox 427 587 587 619; x_wconf 72' lang='lat' dir='ltr'>Imperatores</span> <span class='ocrx_word' id='word_1_184' title='bbox 601 606 608 617; x_wconf 92' lang='lat'>,</span> <span class='ocrx_word' id='word_1_185' title='bbox 634 584 675 618; x_wconf 59' lang='grc' dir='ltr'>ἐς·</span> <span class='ocrx_word' id='word_1_186' title='bbox 690 589 798 612; x_wconf 72' lang='lat' dir='ltr'>Senatus</span> <span class='ocrx_word' id='word_1_187' title='bbox 811 605 819 617; x_wconf 94' lang='lat'>‚</span> <span class='ocrx_word' id='word_1_188' title='bbox 846 589 1044 623; x_wconf 75' lang='lat' dir='ltr'>Senatorumque</span> <span class='ocrx_word' id='word_1_189' title='bbox 1056 594 1145 610; x_wconf 82' lang='lat' dir='ltr'>uxores</span> <span class='ocrx_word' id='word_1_190' title='bbox 1158 582 1271 610; x_wconf 82' lang='lat' dir='ltr'>vestibus</span> <span class='ocrx_word' id='word_1_191' title='bbox 1284 583 1377 610; x_wconf 73' lang='lat' dir='ltr'>iiidcm</span> <span class='ocrx_word' id='word_1_192' title='bbox 1395 585 1480 612; x_wconf 89' lang='lat' dir='ltr'>induti</span> <span class='ocrx_word' id='word_1_193' title='bbox 1494 586 1656 616; x_wconf 79' lang='lat' dir='ltr'>accedebant</span> 
     </span>
     <span class='ocr_line' id='line_1_14' title="bbox 77 619 1655 664; baseline 0.001 -13"><span class='ocrx_word' id='word_1_194' title='bbox 77 633 148 660; x_wconf 88' lang='lat' dir='ltr'>pone</span> <span class='ocrx_word' id='word_1_195' title='bbox 161 623 262 651; x_wconf 63' lang='lat' dir='ltr'>leetum</span> <span class='ocrx_word' id='word_1_196' title='bbox 276 643 283 653; x_wconf 88' lang='lat'>,</span> <span class='ocrx_word' id='word_1_197' title='bbox 310 623 375 649; x_wconf 88' lang='lat' dir='ltr'>dum</span> <span class='ocrx_word' id='word_1_198' title='bbox 389 622 415 649; x_wconf 91' lang='lat' dir='ltr'>in</span> <span class='ocrx_word' id='word_1_199' title='bbox 430 621 521 650; x_wconf 86' lang='lat' dir='ltr'>forum</span> <span class='ocrx_word' id='word_1_200' title='bbox 536 623 582 664; x_wconf 84' lang='lat' dir='ltr'>ipsi</span> <span class='ocrx_word' id='word_1_201' title='bbox 596 623 759 651; x_wconf 73' lang='lat' dir='ltr'>deveniss&#39;ent</span> <span class='ocrx_word' id='word_1_202' title='bbox 771 643 779 654; x_wconf 93' lang='lat'>,</span> <span class='ocrx_word' id='word_1_203' title='bbox 809 622 854 650; x_wconf 90' lang='lat' dir='ltr'>ubi</span> <span class='ocrx_word' id='word_1_204' title='bbox 868 623 983 649; x_wconf 74' lang='lat' dir='ltr'>muheres</span> <span class='ocrx_word' id='word_1_205' title='bbox 998 623 1108 659; x_wconf 90' lang='lat' dir='ltr'>quidem</span> <span class='ocrx_word' id='word_1_206' title='bbox 1124 622 1151 648; x_wconf 90' lang='lat' dir='ltr'>in</span> <span class='ocrx_word' id='word_1_207' title='bbox 1166 619 1311 657; x_wconf 87' lang='lat' dir='ltr'>porticibus</span> <span class='ocrx_word' id='word_1_208' title='bbox 1323 641 1329 650; x_wconf 87' lang='lat'><em>‚</em></span> <span class='ocrx_word' id='word_1_209' title='bbox 1349 625 1456 648; x_wconf 69' lang='lat' dir='ltr'>Senatus</span> <span class='ocrx_word' id='word_1_210' title='bbox 1470 633 1535 651; x_wconf 86' lang='lat' dir='ltr'>vero</span> <span class='ocrx_word' id='word_1_211' title='bbox 1548 624 1593 652; x_wconf 89' lang='lat' dir='ltr'>sub</span> <span class='ocrx_word' id='word_1_212' title='bbox 1608 627 1655 654; x_wconf 91' lang='lat' dir='ltr'>dio</span> 
     </span>
     <span class='ocr_line' id='line_1_15' title="bbox 76 658 1655 699; baseline 0 -9"><span class='ocrx_word' id='word_1_213' title='bbox 76 661 207 691; x_wconf 84' lang='lat' dir='ltr'>sedebant.</span> <span class='ocrx_word' id='word_1_214' title='bbox 250 660 289 687; x_wconf 82' lang='lat' dir='ltr'>Ab</span> <span class='ocrx_word' id='word_1_215' title='bbox 313 668 421 696; x_wconf 82' lang='lat' dir='ltr'>utraque</span> <span class='ocrx_word' id='word_1_216' title='bbox 433 669 524 688; x_wconf 81' lang='lat' dir='ltr'>autem</span> <span class='ocrx_word' id='word_1_217' title='bbox 541 662 594 688; x_wconf 72' lang='lat' dir='ltr'>tori</span> <span class='ocrx_word' id='word_1_218' title='bbox 607 669 682 697; x_wconf 87' lang='lat' dir='ltr'>parte</span> <span class='ocrx_word' id='word_1_219' title='bbox 694 681 703 694; x_wconf 90' lang='lat'>‚</span> <span class='ocrx_word' id='word_1_220' title='bbox 730 661 826 699; x_wconf 86' lang='lat' dir='ltr'>gradus</span> <span class='ocrx_word' id='word_1_221' title='bbox 841 662 950 698; x_wconf 84' lang='lat' dir='ltr'>quidam</span> <span class='ocrx_word' id='word_1_222' title='bbox 967 668 1042 688; x_wconf 84' lang='lat' dir='ltr'>erant</span> <span class='ocrx_word' id='word_1_223' title='bbox 1057 661 1089 688; x_wconf 91' lang='lat' dir='ltr'>ad</span> <span class='ocrx_word' id='word_1_224' title='bbox 1105 659 1233 686; x_wconf 78' lang='lat' dir='ltr'>scalarum</span> <span class='ocrx_word' id='word_1_225' title='bbox 1247 658 1450 686; x_wconf 82' lang='lat' dir='ltr'>similitudinem</span> <span class='ocrx_word' id='word_1_226' title='bbox 1466 663 1579 690; x_wconf 63' lang='lat' dir='ltr'>extrufti</span> <span class='ocrx_word' id='word_1_227' title='bbox 1592 684 1599 695; x_wconf 97' lang='lat'>,</span> <span class='ocrx_word' id='word_1_228' title='bbox 1627 665 1655 691; x_wconf 90' lang='lat' dir='ltr'>in</span> 
     </span>
    </p>
   </div>
   <div class='ocr_carea' id='block_1_5' title="bbox 48 696 1655 737">
    <p class='ocr_par' dir='ltr' id='par_1_5' title="bbox 48 696 1655 737">
     <span class='ocr_line' id='line_1_16' title="bbox 48 696 1655 737; baseline 0.001 -10"><span class='ocrx_word' id='word_1_229' title='bbox 48 711 52 715; x_wconf 84' lang='grc'><strong>’</strong></span> <span class='ocrx_word' id='word_1_230' title='bbox 78 700 171 737; x_wconf 87' lang='lat' dir='ltr'>quibus</span> <span class='ocrx_word' id='word_1_231' title='bbox 185 700 266 727; x_wconf 85' lang='lat' dir='ltr'>altera</span> <span class='ocrx_word' id='word_1_232' title='bbox 278 707 310 726; x_wconf 84' lang='lat' dir='ltr'>ex</span> <span class='ocrx_word' id='word_1_233' title='bbox 323 706 397 735; x_wconf 89' lang='lat' dir='ltr'>parte</span> <span class='ocrx_word' id='word_1_234' title='bbox 410 708 555 735; x_wconf 86' lang='lat' dir='ltr'>puerorum</span> <span class='ocrx_word' id='word_1_235' title='bbox 569 699 665 727; x_wconf 84' lang='lat' dir='ltr'>chorus</span> <span class='ocrx_word' id='word_1_236' title='bbox 678 707 735 726; x_wconf 88' lang='lat' dir='ltr'>erat</span> <span class='ocrx_word' id='word_1_237' title='bbox 749 698 764 727; x_wconf 76' lang='grc' dir='ltr'>ὲ</span> <span class='ocrx_word' id='word_1_238' title='bbox 776 697 948 734; x_wconf 58' lang='lat' dir='ltr'>Nobilgffimir,</span> <span class='ocrx_word' id='word_1_239' title='bbox 970 707 1048 735; x_wconf 85' lang='lat' dir='ltr'>atque</span> <span class='ocrx_word' id='word_1_240' title='bbox 1063 696 1181 725; x_wconf 68' lang='lat' dir='ltr'>Patricn’s</span> <span class='ocrx_word' id='word_1_241' title='bbox 1191 719 1197 724; x_wconf 82' lang='grc'><strong>.</strong></span> <span class='ocrx_word' id='word_1_242' title='bbox 1221 696 1302 724; x_wconf 68' lang='lat' dir='ltr'>altera</span> <span class='ocrx_word' id='word_1_243' title='bbox 1317 696 1491 725; x_wconf 82' lang='lat' dir='ltr'>foeminarum</span> <span class='ocrx_word' id='word_1_244' title='bbox 1500 699 1637 729; x_wconf 85' lang='lat' dir='ltr'>illustrium</span> <span class='ocrx_word' id='word_1_245' title='bbox 1646 722 1655 734; x_wconf 92' lang='lat'><em>‚</em></span> 
     </span>
    </p>
   </div>
   <div class='ocr_carea' id='block_1_6' title="bbox 73 735 1662 2294">
    <p class='ocr_par' dir='ltr' id='par_1_6' title="bbox 73 735 1662 1876">
     <span class='ocr_line' id='line_1_17' title="bbox 77 735 1657 775; baseline -0.001 -9"><span class='ocrx_word' id='word_1_246' title='bbox 77 737 194 775; x_wconf 89' lang='lat' dir='ltr'>hymnos</span> <span class='ocrx_word' id='word_1_247' title='bbox 215 738 242 764; x_wconf 92' lang='lat' dir='ltr'>in</span> <span class='ocrx_word' id='word_1_248' title='bbox 261 736 419 765; x_wconf 66' lang='lat' dir='ltr'>defunetum</span> <span class='ocrx_word' id='word_1_249' title='bbox 434 759 440 769; x_wconf 92' lang='lat'>‚</span> <span class='ocrx_word' id='word_1_250' title='bbox 467 736 618 773; x_wconf 73' lang='lat' dir='ltr'>paeanasque</span> <span class='ocrx_word' id='word_1_251' title='bbox 632 738 784 765; x_wconf 87' lang='lat' dir='ltr'>canentium</span> <span class='ocrx_word' id='word_1_252' title='bbox 800 757 809 768; x_wconf 89' lang='lat'><em>,</em></span> <span class='ocrx_word' id='word_1_253' title='bbox 835 737 954 765; x_wconf 90' lang='lat' dir='ltr'>verendo</span> <span class='ocrx_word' id='word_1_254' title='bbox 971 746 1001 764; x_wconf 85' lang='lat' dir='ltr'>ac</span> <span class='ocrx_word' id='word_1_255' title='bbox 1021 735 1185 764; x_wconf 80' lang='lat' dir='ltr'>lamentabili</span> <span class='ocrx_word' id='word_1_256' title='bbox 1200 736 1319 775; x_wconf 75' lang='lat' dir='ltr'>carmine</span> <span class='ocrx_word' id='word_1_257' title='bbox 1336 735 1512 764; x_wconf 85' lang='lat' dir='ltr'>emodulatos.</span> <span class='ocrx_word' id='word_1_258' title='bbox 1553 740 1657 775; x_wconf 81' lang='lat' dir='ltr'>Qibus</span> 
     </span>
     <span class='ocr_line' id='line_1_18' title="bbox 77 773 1656 812; baseline -0.001 -9"><span class='ocrx_word' id='word_1_259' title='bbox 77 777 115 804; x_wconf 85' lang='lat' dir='ltr'>ita</span> <span class='ocrx_word' id='word_1_260' title='bbox 129 775 258 811; x_wconf 80' lang='lat' dir='ltr'>dispofitis</span> <span class='ocrx_word' id='word_1_261' title='bbox 270 795 278 806; x_wconf 92' lang='lat'><em>,</em></span> <span class='ocrx_word' id='word_1_262' title='bbox 306 775 424 802; x_wconf 87' lang='lat' dir='ltr'>funebris</span> <span class='ocrx_word' id='word_1_263' title='bbox 436 784 538 812; x_wconf 87' lang='lat' dir='ltr'>pompa</span> <span class='ocrx_word' id='word_1_264' title='bbox 551 776 579 802; x_wconf 90' lang='lat' dir='ltr'>in</span> <span class='ocrx_word' id='word_1_265' title='bbox 594 775 655 802; x_wconf 90' lang='lat' dir='ltr'>foro</span> <span class='ocrx_word' id='word_1_266' title='bbox 666 774 838 804; x_wconf 84' lang='lat' dir='ltr'>inchoabatur</span> <span class='ocrx_word' id='word_1_267' title='bbox 851 783 925 802; x_wconf 80' lang='lat' dir='ltr'>extra</span> <span class='ocrx_word' id='word_1_268' title='bbox 939 775 1042 802; x_wconf 86' lang='lat' dir='ltr'>Urbem</span> <span class='ocrx_word' id='word_1_269' title='bbox 1057 775 1085 802; x_wconf 90' lang='lat' dir='ltr'>in</span> <span class='ocrx_word' id='word_1_270' title='bbox 1099 782 1212 808; x_wconf 75' lang='lat' dir='ltr'>campum</span> <span class='ocrx_word' id='word_1_271' title='bbox 1227 778 1357 800; x_wconf 78' lang='lat' dir='ltr'>Marttum</span> <span class='ocrx_word' id='word_1_272' title='bbox 1372 773 1491 802; x_wconf 79' lang='lat' dir='ltr'>tendens.</span> <span class='ocrx_word' id='word_1_273' title='bbox 1533 776 1656 805; x_wconf 80' lang='lat' dir='ltr'>Primum</span> 
     </span>
     <span class='ocr_line' id='line_1_19' title="bbox 76 810 1658 851; baseline -0.001 -10"><span class='ocrx_word' id='word_1_274' title='bbox 76 813 292 842; x_wconf 77' lang='lat' dir='ltr'>anteterebantur</span> <span class='ocrx_word' id='word_1_275' title='bbox 312 814 398 842; x_wconf 85' lang='lat' dir='ltr'>statuae</span> <span class='ocrx_word' id='word_1_276' title='bbox 419 814 544 841; x_wconf 88' lang='lat' dir='ltr'>omnium</span> <span class='ocrx_word' id='word_1_277' title='bbox 566 823 687 841; x_wconf 73' lang='lat' dir='ltr'>ve2erum</span> <span class='ocrx_word' id='word_1_278' title='bbox 704 817 873 840; x_wconf 65' lang='lat' dir='ltr'>Romanorum</span> <span class='ocrx_word' id='word_1_279' title='bbox 888 812 1025 840; x_wconf 86' lang='lat' dir='ltr'>illustrium</span> <span class='ocrx_word' id='word_1_280' title='bbox 1040 834 1047 844; x_wconf 92' lang='lat'>‚</span> <span class='ocrx_word' id='word_1_281' title='bbox 1073 813 1118 849; x_wconf 91' lang='lat' dir='ltr'>qui</span> <span class='ocrx_word' id='word_1_282' title='bbox 1133 821 1252 848; x_wconf 83' lang='lat' dir='ltr'>unquam</span> <span class='ocrx_word' id='word_1_283' title='bbox 1266 810 1297 838; x_wconf 87' lang='lat' dir='ltr'>ab</span> <span class='ocrx_word' id='word_1_284' title='bbox 1311 810 1367 847; x_wconf 89' lang='lat' dir='ltr'>ipso</span> <span class='ocrx_word' id='word_1_285' title='bbox 1381 812 1486 838; x_wconf 75' lang='lat' dir='ltr'>Romulo</span> <span class='ocrx_word' id='word_1_286' title='bbox 1500 833 1507 844; x_wconf 88' lang='lat'><em>,</em></span> <span class='ocrx_word' id='word_1_287' title='bbox 1533 814 1614 851; x_wconf 77' lang='lat' dir='ltr'>u‘que</span> <span class='ocrx_word' id='word_1_288' title='bbox 1624 816 1658 844; x_wconf 71' lang='lat' dir='ltr'>ad</span> 
     </span>
     <span class='ocr_line' id='line_1_20' title="bbox 78 850 1661 890; baseline -0.001 -10"><span class='ocrx_word' id='word_1_289' title='bbox 78 853 135 888; x_wconf 88' lang='lat' dir='ltr'>ejus</span> <span class='ocrx_word' id='word_1_290' title='bbox 153 851 356 880; x_wconf 80' lang='lat' dir='ltr'>consecrationis</span> <span class='ocrx_word' id='word_1_291' title='bbox 373 859 479 888; x_wconf 88' lang='lat' dir='ltr'>tempus</span> <span class='ocrx_word' id='word_1_292' title='bbox 491 851 605 879; x_wconf 81' lang='lat' dir='ltr'>fuiffent.</span> <span class='ocrx_word' id='word_1_293' title='bbox 642 852 746 879; x_wconf 86' lang='lat' dir='ltr'>Deinde</span> <span class='ocrx_word' id='word_1_294' title='bbox 761 850 950 878; x_wconf 62' lang='lat' dir='ltr'>Provmciarum</span> <span class='ocrx_word' id='word_1_295' title='bbox 964 853 990 880; x_wconf 86' lang='lat'>&amp;</span> <span class='ocrx_word' id='word_1_296' title='bbox 1005 852 1145 879; x_wconf 86' lang='lat' dir='ltr'>nationum</span> <span class='ocrx_word' id='word_1_297' title='bbox 1159 850 1284 877; x_wconf 83' lang='lat' dir='ltr'>omniurn</span> <span class='ocrx_word' id='word_1_298' title='bbox 1302 870 1309 880; x_wconf 90' lang='lat'>‚</span> <span class='ocrx_word' id='word_1_299' title='bbox 1330 858 1388 886; x_wconf 85' lang='lat' dir='ltr'>quae</span> <span class='ocrx_word' id='word_1_300' title='bbox 1403 851 1531 878; x_wconf 86' lang='lat' dir='ltr'>Romano</span> <span class='ocrx_word' id='word_1_301' title='bbox 1544 852 1661 890; x_wconf 79' lang='lat' dir='ltr'>imperio</span> 
     </span>
     <span class='ocr_line' id='line_1_21' title="bbox 76 887 1660 926; baseline 0.001 -8"><span class='ocrx_word' id='word_1_302' title='bbox 76 890 201 926; x_wconf 66' lang='lat' dir='ltr'>subjeetae</span> <span class='ocrx_word' id='word_1_303' title='bbox 214 897 289 917; x_wconf 87' lang='lat' dir='ltr'>erant</span> <span class='ocrx_word' id='word_1_304' title='bbox 299 909 306 920; x_wconf 90' lang='lat'><em>,</em></span> <span class='ocrx_word' id='word_1_305' title='bbox 327 899 398 917; x_wconf 75' lang='lat' dir='ltr'>aenea</span> <span class='ocrx_word' id='word_1_306' title='bbox 410 889 567 918; x_wconf 81' lang='lat' dir='ltr'>simulachra</span> <span class='ocrx_word' id='word_1_307' title='bbox 580 910 588 921; x_wconf 87' lang='lat'><em>,</em></span> <span class='ocrx_word' id='word_1_308' title='bbox 610 890 687 917; x_wconf 84' lang='lat' dir='ltr'>variis</span> <span class='ocrx_word' id='word_1_309' title='bbox 701 890 823 918; x_wconf 66' lang='lat' dir='ltr'>distineta</span> <span class='ocrx_word' id='word_1_310' title='bbox 837 890 1018 922; x_wconf 81' lang='lat' dir='ltr'>ornamentis,</span> <span class='ocrx_word' id='word_1_311' title='bbox 1039 898 1070 918; x_wconf 88' lang='lat' dir='ltr'>ut</span> <span class='ocrx_word' id='word_1_312' title='bbox 1083 896 1138 916; x_wconf 87' lang='lat' dir='ltr'>erat</span> <span class='ocrx_word' id='word_1_313' title='bbox 1154 887 1280 924; x_wconf 77' lang='lat' dir='ltr'>cujusque</span> <span class='ocrx_word' id='word_1_314' title='bbox 1291 889 1378 925; x_wconf 80' lang='lat' dir='ltr'>gentis</span> <span class='ocrx_word' id='word_1_315' title='bbox 1388 889 1472 924; x_wconf 78' lang='lat' dir='ltr'>patria</span> <span class='ocrx_word' id='word_1_316' title='bbox 1485 893 1660 919; x_wconf 73' lang='lat' dir='ltr'>con2uetudo.</span> 
     </span>
     <span class='ocr_line' id='line_1_22' title="bbox 77 925 1660 965; baseline 0.001 -9"><span class='ocrx_word' id='word_1_317' title='bbox 77 928 260 965; x_wconf 72' lang='lat' dir='ltr'>Sequebantur</span> <span class='ocrx_word' id='word_1_318' title='bbox 277 927 336 963; x_wconf 89' lang='lat' dir='ltr'>post</span> <span class='ocrx_word' id='word_1_319' title='bbox 356 929 427 955; x_wconf 86' lang='lat' dir='ltr'>varia</span> <span class='ocrx_word' id='word_1_320' title='bbox 444 936 541 965; x_wconf 83' lang='lat' dir='ltr'>genera</span> <span class='ocrx_word' id='word_1_321' title='bbox 563 926 683 959; x_wconf 65' lang='lat' dir='ltr'>civium,</span> <span class='ocrx_word' id='word_1_322' title='bbox 702 928 846 960; x_wconf 70' lang='lat' dir='ltr'>LiHorum,</span> <span class='ocrx_word' id='word_1_323' title='bbox 867 927 1027 958; x_wconf 67' lang='lat' dir='ltr'>Scribarum,</span> <span class='ocrx_word' id='word_1_324' title='bbox 1047 931 1200 959; x_wconf 70' lang='lat' dir='ltr'>Praemium,</span> <span class='ocrx_word' id='word_1_325' title='bbox 1222 928 1248 954; x_wconf 60' lang='grc' dir='ltr'>ἃ</span> <span class='ocrx_word' id='word_1_326' title='bbox 1269 927 1315 962; x_wconf 88' lang='lat' dir='ltr'>qui</span> <span class='ocrx_word' id='word_1_327' title='bbox 1336 925 1394 954; x_wconf 91' lang='lat' dir='ltr'>sunt</span> <span class='ocrx_word' id='word_1_328' title='bbox 1414 925 1533 961; x_wconf 87' lang='lat' dir='ltr'>ejusdem</span> <span class='ocrx_word' id='word_1_329' title='bbox 1545 930 1660 965; x_wconf 79' lang='lat' dir='ltr'>generis.</span> 
     </span>
     <span class='ocr_line' id='line_1_23' title="bbox 77 963 1659 1005; baseline -0.003 -11"><span class='ocrx_word' id='word_1_330' title='bbox 77 966 258 1003; x_wconf 79' lang='lat' dir='ltr'>Sequebantur</span> <span class='ocrx_word' id='word_1_331' title='bbox 279 965 402 1003; x_wconf 78' lang='lat' dir='ltr'>deinceps</span> <span class='ocrx_word' id='word_1_332' title='bbox 422 965 494 1003; x_wconf 88' lang='lat' dir='ltr'>figna</span> <span class='ocrx_word' id='word_1_333' title='bbox 515 965 682 994; x_wconf 71' lang='lat' dir='ltr'>diversorum</span> <span class='ocrx_word' id='word_1_334' title='bbox 697 966 838 994; x_wconf 89' lang='lat' dir='ltr'>illustrium</span> <span class='ocrx_word' id='word_1_335' title='bbox 853 967 973 993; x_wconf 86' lang='lat' dir='ltr'>virorum</span> <span class='ocrx_word' id='word_1_336' title='bbox 990 987 997 997; x_wconf 88' lang='lat'>,</span> <span class='ocrx_word' id='word_1_337' title='bbox 1025 975 1091 1002; x_wconf 84' lang='lat' dir='ltr'>quos</span> <span class='ocrx_word' id='word_1_338' title='bbox 1104 965 1226 1001; x_wconf 66' lang='lat' dir='ltr'>praeclare</span> <span class='ocrx_word' id='word_1_339' title='bbox 1240 963 1329 1004; x_wconf 69' lang='lat' dir='ltr'>fecisse</span> <span class='ocrx_word' id='word_1_340' title='bbox 1344 963 1441 1001; x_wconf 89' lang='lat' dir='ltr'>aliquid</span> <span class='ocrx_word' id='word_1_341' title='bbox 1451 986 1466 1003; x_wconf 26' lang='grc' dir='ltr'>,Ι</span> <span class='ocrx_word' id='word_1_342' title='bbox 1491 974 1536 994; x_wconf 88' lang='lat' dir='ltr'>aut</span> <span class='ocrx_word' id='word_1_343' title='bbox 1551 968 1659 1005; x_wconf 74' lang='lat' dir='ltr'>excogi-</span> 
     </span>
     <span class='ocr_line' id='line_1_24' title="bbox 76 1002 1659 1042; baseline 0.001 -11"><span class='ocrx_word' id='word_1_344' title='bbox 76 1004 140 1033; x_wconf 67' lang='lat' dir='ltr'>tass‘e</span> <span class='ocrx_word' id='word_1_345' title='bbox 153 1025 161 1036; x_wconf 91' lang='lat'><em>,</em></span> <span class='ocrx_word' id='word_1_346' title='bbox 187 1012 232 1032; x_wconf 87' lang='lat' dir='ltr'>aut</span> <span class='ocrx_word' id='word_1_347' title='bbox 250 1004 278 1031; x_wconf 87' lang='lat' dir='ltr'>in</span> <span class='ocrx_word' id='word_1_348' title='bbox 296 1002 386 1040; x_wconf 83' lang='lat' dir='ltr'>quuo</span> <span class='ocrx_word' id='word_1_349' title='bbox 405 1004 491 1032; x_wconf 85' lang='lat' dir='ltr'>studio</span> <span class='ocrx_word' id='word_1_350' title='bbox 505 1004 620 1032; x_wconf 79' lang='lat' dir='ltr'>floruiffe</span> <span class='ocrx_word' id='word_1_351' title='bbox 633 1006 773 1033; x_wconf 84' lang='lat' dir='ltr'>constaret.</span> <span class='ocrx_word' id='word_1_352' title='bbox 813 1004 965 1032; x_wconf 77' lang='lat' dir='ltr'>Veniebant</span> <span class='ocrx_word' id='word_1_353' title='bbox 979 1004 1068 1040; x_wconf 86' lang='lat' dir='ltr'>postea</span> <span class='ocrx_word' id='word_1_354' title='bbox 1081 1004 1177 1042; x_wconf 66' lang='lat' dir='ltr'>equite:</span> <span class='ocrx_word' id='word_1_355' title='bbox 1189 1022 1196 1033; x_wconf 88' lang='lat'>‚</span> <span class='ocrx_word' id='word_1_356' title='bbox 1222 1011 1251 1029; x_wconf 81' lang='lat' dir='ltr'>ac</span> <span class='ocrx_word' id='word_1_357' title='bbox 1259 1002 1356 1036; x_wconf 71' lang='lat' dir='ltr'>pedutes</span> <span class='ocrx_word' id='word_1_358' title='bbox 1369 1011 1466 1042; x_wconf 61' lang='lat' dir='ltr'>armam</span> <span class='ocrx_word' id='word_1_359' title='bbox 1479 1024 1486 1035; x_wconf 91' lang='lat'><strong><em>‚</em></strong></span> <span class='ocrx_word' id='word_1_360' title='bbox 1514 1013 1659 1033; x_wconf 79' lang='lat' dir='ltr'>certatores</span> 
     </span>
     <span class='ocr_line' id='line_1_25' title="bbox 77 1039 1660 1080; baseline 0.002 -12"><span class='ocrx_word' id='word_1_361' title='bbox 77 1043 139 1080; x_wconf 84' lang='lat' dir='ltr'>equi</span> <span class='ocrx_word' id='word_1_362' title='bbox 154 1062 162 1073; x_wconf 95' lang='lat'><em>,</em></span> <span class='ocrx_word' id='word_1_363' title='bbox 187 1049 265 1078; x_wconf 87' lang='lat' dir='ltr'>atque</span> <span class='ocrx_word' id='word_1_364' title='bbox 288 1050 318 1068; x_wconf 90' lang='lat' dir='ltr'>ea</span> <span class='ocrx_word' id='word_1_365' title='bbox 331 1051 388 1078; x_wconf 85' lang='lat' dir='ltr'>quae</span> <span class='ocrx_word' id='word_1_366' title='bbox 401 1042 433 1070; x_wconf 90' lang='lat' dir='ltr'>ad</span> <span class='ocrx_word' id='word_1_367' title='bbox 448 1043 642 1078; x_wconf 86' lang='lat' dir='ltr'>parentandum</span> <span class='ocrx_word' id='word_1_368' title='bbox 655 1043 824 1079; x_wconf 83' lang='lat' dir='ltr'>pertinebant</span> <span class='ocrx_word' id='word_1_369' title='bbox 837 1063 844 1074; x_wconf 89' lang='lat'><em>,</em></span> <span class='ocrx_word' id='word_1_370' title='bbox 870 1052 927 1079; x_wconf 73' lang='lat' dir='ltr'>qua:</span> <span class='ocrx_word' id='word_1_371' title='bbox 941 1041 973 1069; x_wconf 86' lang='lat' dir='ltr'>ab</span> <span class='ocrx_word' id='word_1_372' title='bbox 987 1041 1046 1078; x_wconf 87' lang='lat' dir='ltr'>ipfis</span> <span class='ocrx_word' id='word_1_373' title='bbox 1061 1039 1212 1075; x_wconf 68' lang='lat' dir='ltr'>szczpibus</span> <span class='ocrx_word' id='word_1_374' title='bbox 1227 1040 1260 1073; x_wconf 68' lang='grc' dir='ltr'>ὠ·</span> <span class='ocrx_word' id='word_1_375' title='bbox 1267 1039 1436 1075; x_wconf 74' lang='lat' dir='ltr'>fficerdonbus</span> <span class='ocrx_word' id='word_1_376' title='bbox 1448 1062 1456 1072; x_wconf 95' lang='lat'><strong><em>‚</em></strong></span> <span class='ocrx_word' id='word_1_377' title='bbox 1483 1051 1579 1070; x_wconf 88' lang='lat' dir='ltr'>eorum</span> <span class='ocrx_word' id='word_1_378' title='bbox 1594 1053 1660 1072; x_wconf 75' lang='lat' dir='ltr'>uxo-</span> 
     </span>
     <span class='ocr_line' id='line_1_26' title="bbox 77 1078 1656 1119; baseline 0.001 -11"><span class='ocrx_word' id='word_1_379' title='bbox 77 1081 163 1111; x_wconf 82' lang='lat' dir='ltr'>ribus,</span> <span class='ocrx_word' id='word_1_380' title='bbox 184 1080 211 1107; x_wconf 63' lang='grc' dir='ltr'>ὅ(</span> <span class='ocrx_word' id='word_1_381' title='bbox 229 1080 243 1106; x_wconf 73' lang='grc' dir='ltr'>ὲ</span> <span class='ocrx_word' id='word_1_382' title='bbox 257 1079 403 1108; x_wconf 86' lang='lat' dir='ltr'>clariffimis</span> <span class='ocrx_word' id='word_1_383' title='bbox 424 1080 579 1118; x_wconf 84' lang='lat' dir='ltr'>Equitibus,</span> <span class='ocrx_word' id='word_1_384' title='bbox 598 1090 628 1109; x_wconf 90' lang='lat' dir='ltr'>ac</span> <span class='ocrx_word' id='word_1_385' title='bbox 643 1082 763 1119; x_wconf 87' lang='lat' dir='ltr'>populis,</span> <span class='ocrx_word' id='word_1_386' title='bbox 785 1080 836 1110; x_wconf 70' lang='lat' dir='ltr'>&amp;a</span> <span class='ocrx_word' id='word_1_387' title='bbox 852 1081 952 1108; x_wconf 90' lang='lat' dir='ltr'>civium</span> <span class='ocrx_word' id='word_1_388' title='bbox 968 1081 1177 1118; x_wconf 83' lang='lat' dir='ltr'>congregatione</span> <span class='ocrx_word' id='word_1_389' title='bbox 1191 1078 1267 1106; x_wconf 77' lang='lat' dir='ltr'>missa</span> <span class='ocrx_word' id='word_1_390' title='bbox 1279 1078 1392 1107; x_wconf 86' lang='lat' dir='ltr'>fuerant.</span> <span class='ocrx_word' id='word_1_391' title='bbox 1431 1080 1571 1108; x_wconf 89' lang='lat' dir='ltr'>Postremo</span> <span class='ocrx_word' id='word_1_392' title='bbox 1587 1081 1656 1109; x_wconf 87' lang='lat' dir='ltr'>fere-</span> 
     </span>
     <span class='ocr_line' id='line_1_27' title="bbox 77 1115 1661 1157; baseline 0 -11"><span class='ocrx_word' id='word_1_393' title='bbox 77 1117 155 1147; x_wconf 83' lang='lat' dir='ltr'>batur</span> <span class='ocrx_word' id='word_1_394' title='bbox 169 1115 252 1143; x_wconf 85' lang='lat' dir='ltr'>altare</span> <span class='ocrx_word' id='word_1_395' title='bbox 265 1117 415 1146; x_wconf 74' lang='lat' dir='ltr'>inauratum</span> <span class='ocrx_word' id='word_1_396' title='bbox 429 1139 436 1151; x_wconf 91' lang='lat'>‚</span> <span class='ocrx_word' id='word_1_397' title='bbox 462 1126 641 1157; x_wconf 87' lang='lat' dir='ltr'>ornatumque</span> <span class='ocrx_word' id='word_1_398' title='bbox 655 1120 735 1149; x_wconf 87' lang='lat' dir='ltr'>ebore</span> <span class='ocrx_word' id='word_1_399' title='bbox 747 1141 754 1151; x_wconf 88' lang='lat'><em>‚</em></span> <span class='ocrx_word' id='word_1_400' title='bbox 783 1123 810 1149; x_wconf 68' lang='grc' dir='ltr'>δι</span> <span class='ocrx_word' id='word_1_401' title='bbox 822 1118 916 1156; x_wconf 86' lang='lat' dir='ltr'>lapillis</span> <span class='ocrx_word' id='word_1_402' title='bbox 930 1119 1036 1146; x_wconf 89' lang='lat' dir='ltr'>Indicis.</span> <span class='ocrx_word' id='word_1_403' title='bbox 1078 1119 1144 1156; x_wconf 85' lang='lat' dir='ltr'>Qae</span> <span class='ocrx_word' id='word_1_404' title='bbox 1156 1117 1295 1155; x_wconf 87' lang='lat' dir='ltr'>postquam</span> <span class='ocrx_word' id='word_1_405' title='bbox 1309 1117 1467 1146; x_wconf 84' lang='lat' dir='ltr'>transierunt</span> <span class='ocrx_word' id='word_1_406' title='bbox 1479 1139 1487 1150; x_wconf 92' lang='lat'>‚</span> <span class='ocrx_word' id='word_1_407' title='bbox 1514 1122 1573 1153; x_wconf 90' lang='lat' dir='ltr'>Imp.</span> <span class='ocrx_word' id='word_1_408' title='bbox 1585 1119 1661 1147; x_wconf 68' lang='lat' dir='ltr'>vivus</span> 
     </span>
     <span class='ocr_line' id='line_1_28' title="bbox 79 1155 1660 1194; baseline 0.002 -11"><span class='ocrx_word' id='word_1_409' title='bbox 79 1155 172 1192; x_wconf 73' lang='lat' dir='ltr'>Rostra</span> <span class='ocrx_word' id='word_1_410' title='bbox 191 1155 334 1188; x_wconf 50' lang='lat' dir='ltr'>ascendebat</span> <span class='ocrx_word' id='word_1_411' title='bbox 347 1177 355 1187; x_wconf 86' lang='lat'>,</span> <span class='ocrx_word' id='word_1_412' title='bbox 381 1156 594 1193; x_wconf 62' lang='lat' dir='ltr'>defunctumque</span> <span class='ocrx_word' id='word_1_413' title='bbox 608 1159 679 1194; x_wconf 82' lang='lat' dir='ltr'>Imp.</span> <span class='ocrx_word' id='word_1_414' title='bbox 693 1158 823 1186; x_wconf 86' lang='lat' dir='ltr'>laudabat.</span> <span class='ocrx_word' id='word_1_415' title='bbox 862 1158 988 1193; x_wconf 87' lang='lat' dir='ltr'>Cumque</span> <span class='ocrx_word' id='word_1_416' title='bbox 1000 1163 1089 1184; x_wconf 87' lang='lat' dir='ltr'>oraret</span> <span class='ocrx_word' id='word_1_417' title='bbox 1102 1177 1110 1187; x_wconf 91' lang='lat'><em>,</em></span> <span class='ocrx_word' id='word_1_418' title='bbox 1137 1156 1232 1184; x_wconf 86' lang='lat' dir='ltr'>crebro</span> <span class='ocrx_word' id='word_1_419' title='bbox 1243 1155 1256 1182; x_wconf 70' lang='lat' dir='ltr'>a</span> <span class='ocrx_word' id='word_1_420' title='bbox 1271 1155 1430 1182; x_wconf 75' lang='lat' dir='ltr'>Senatorrbus</span> <span class='ocrx_word' id='word_1_421' title='bbox 1442 1156 1600 1185; x_wconf 84' lang='lat' dir='ltr'>adstantibus</span> <span class='ocrx_word' id='word_1_422' title='bbox 1615 1168 1660 1186; x_wconf 79' lang='lat' dir='ltr'>ex-</span> 
     </span>
     <span class='ocr_line' id='line_1_29' title="bbox 82 1192 1662 1232; baseline 0.002 -12"><span class='ocrx_word' id='word_1_423' title='bbox 82 1193 249 1222; x_wconf 85' lang='lat' dir='ltr'>clamabatur</span> <span class='ocrx_word' id='word_1_424' title='bbox 261 1215 270 1226; x_wconf 91' lang='lat'><em>,</em></span> <span class='ocrx_word' id='word_1_425' title='bbox 297 1194 396 1228; x_wconf 87' lang='lat' dir='ltr'>partim</span> <span class='ocrx_word' id='word_1_426' title='bbox 417 1193 581 1220; x_wconf 82' lang='lat' dir='ltr'>laudantibus</span> <span class='ocrx_word' id='word_1_427' title='bbox 600 1194 758 1222; x_wconf 63' lang='lat' dir='ltr'>defunctum</span> <span class='ocrx_word' id='word_1_428' title='bbox 771 1214 779 1225; x_wconf 88' lang='lat'><em>,</em></span> <span class='ocrx_word' id='word_1_429' title='bbox 805 1195 904 1231; x_wconf 88' lang='lat' dir='ltr'>partim</span> <span class='ocrx_word' id='word_1_430' title='bbox 923 1193 1092 1230; x_wconf 84' lang='lat' dir='ltr'>lugentibus:</span> <span class='ocrx_word' id='word_1_431' title='bbox 1113 1193 1156 1220; x_wconf 90' lang='lat' dir='ltr'>sed</span> <span class='ocrx_word' id='word_1_432' title='bbox 1175 1193 1296 1220; x_wconf 87' lang='lat' dir='ltr'>oratione</span> <span class='ocrx_word' id='word_1_433' title='bbox 1313 1192 1401 1220; x_wconf 89' lang='lat' dir='ltr'>habita</span> <span class='ocrx_word' id='word_1_434' title='bbox 1421 1193 1508 1221; x_wconf 86' lang='lat' dir='ltr'>multo</span> <span class='ocrx_word' id='word_1_435' title='bbox 1527 1196 1614 1232; x_wconf 87' lang='lat' dir='ltr'>magis</span> <span class='ocrx_word' id='word_1_436' title='bbox 1633 1196 1662 1223; x_wconf 89' lang='lat' dir='ltr'>id</span> 
     </span>
     <span class='ocr_line' id='line_1_30' title="bbox 81 1229 1662 1268; baseline 0.001 -9"><span class='ocrx_word' id='word_1_437' title='bbox 81 1230 239 1259; x_wconf 59' lang='lat' dir='ltr'>factitabant</span> <span class='ocrx_word' id='word_1_438' title='bbox 253 1250 261 1260; x_wconf 89' lang='lat'><em>‚</em></span> <span class='ocrx_word' id='word_1_439' title='bbox 289 1239 319 1256; x_wconf 90' lang='lat' dir='ltr'>ac</span> <span class='ocrx_word' id='word_1_440' title='bbox 332 1230 442 1257; x_wconf 87' lang='lat' dir='ltr'>tandem</span> <span class='ocrx_word' id='word_1_441' title='bbox 459 1239 521 1257; x_wconf 87' lang='lat' dir='ltr'>eum</span> <span class='ocrx_word' id='word_1_442' title='bbox 537 1229 637 1258; x_wconf 61' lang='lat' dir='ltr'>lectum</span> <span class='ocrx_word' id='word_1_443' title='bbox 652 1232 686 1259; x_wconf 92' lang='lat' dir='ltr'>de</span> <span class='ocrx_word' id='word_1_444' title='bbox 701 1231 761 1259; x_wconf 84' lang='lat' dir='ltr'>loco</span> <span class='ocrx_word' id='word_1_445' title='bbox 775 1253 782 1264; x_wconf 88' lang='lat'><strong><em>,</em></strong></span> <span class='ocrx_word' id='word_1_446' title='bbox 810 1233 838 1259; x_wconf 86' lang='lat' dir='ltr'>in</span> <span class='ocrx_word' id='word_1_447' title='bbox 851 1241 905 1268; x_wconf 87' lang='lat' dir='ltr'>quo</span> <span class='ocrx_word' id='word_1_448' title='bbox 920 1239 976 1259; x_wconf 87' lang='lat' dir='ltr'>erat</span> <span class='ocrx_word' id='word_1_449' title='bbox 989 1252 997 1262; x_wconf 94' lang='lat'>,</span> <span class='ocrx_word' id='word_1_450' title='bbox 1024 1231 1129 1258; x_wconf 86' lang='lat' dir='ltr'>moveri</span> <span class='ocrx_word' id='word_1_451' title='bbox 1143 1237 1282 1266; x_wconf 74' lang='lat' dir='ltr'>oporteret</span> <span class='ocrx_word' id='word_1_452' title='bbox 1293 1249 1302 1261; x_wconf 88' lang='lat'><em>‚</em></span> <span class='ocrx_word' id='word_1_453' title='bbox 1331 1239 1426 1257; x_wconf 89' lang='lat' dir='ltr'>omnes</span> <span class='ocrx_word' id='word_1_454' title='bbox 1441 1230 1518 1257; x_wconf 85' lang='lat' dir='ltr'>fimul</span> <span class='ocrx_word' id='word_1_455' title='bbox 1530 1237 1662 1260; x_wconf 72' lang='lat' dir='ltr'>Senatores</span> 
     </span>
     <span class='ocr_line' id='line_1_31' title="bbox 81 1266 1662 1308; baseline -0.001 -12"><span class='ocrx_word' id='word_1_456' title='bbox 81 1267 310 1298; x_wconf 81' lang='lat' dir='ltr'>lamentabantur,</span> <span class='ocrx_word' id='word_1_457' title='bbox 329 1277 360 1295; x_wconf 89' lang='lat' dir='ltr'>ac</span> <span class='ocrx_word' id='word_1_458' title='bbox 382 1266 491 1295; x_wconf 86' lang='lat' dir='ltr'>flebant.</span> <span class='ocrx_word' id='word_1_459' title='bbox 532 1266 634 1304; x_wconf 84' lang='lat' dir='ltr'>Qibus</span> <span class='ocrx_word' id='word_1_460' title='bbox 647 1270 772 1306; x_wconf 62' lang='lat' dir='ltr'>peractis,</span> <span class='ocrx_word' id='word_1_461' title='bbox 793 1270 892 1297; x_wconf 91' lang='lat' dir='ltr'>iterum</span> <span class='ocrx_word' id='word_1_462' title='bbox 906 1268 1007 1296; x_wconf 64' lang='lat' dir='ltr'>leetum</span> <span class='ocrx_word' id='word_1_463' title='bbox 1022 1268 1036 1296; x_wconf 74' lang='lat' dir='ltr'>a</span> <span class='ocrx_word' id='word_1_464' title='bbox 1049 1267 1173 1298; x_wconf 86' lang='lat' dir='ltr'>tribunali</span> <span class='ocrx_word' id='word_1_465' title='bbox 1185 1266 1315 1295; x_wconf 87' lang='lat' dir='ltr'>tollebant</span> <span class='ocrx_word' id='word_1_466' title='bbox 1329 1266 1460 1305; x_wconf 78' lang='lat' dir='ltr'>Pontfices</span> <span class='ocrx_word' id='word_1_467' title='bbox 1472 1268 1512 1301; x_wconf 54' lang='grc' dir='ltr'>ἐς</span> <span class='ocrx_word' id='word_1_468' title='bbox 1525 1270 1662 1308; x_wconf 52' lang='lat' dir='ltr'>ngtstm„</span> 
     </span>
     <span class='ocr_line' id='line_1_32' title="bbox 80 1305 1660 1346; baseline 0.003 -15"><span class='ocrx_word' id='word_1_469' title='bbox 80 1314 138 1337; x_wconf 65' lang='lat' dir='ltr'>xus,</span> <span class='ocrx_word' id='word_1_470' title='bbox 158 1315 214 1333; x_wconf 87' lang='lat' dir='ltr'>non</span> <span class='ocrx_word' id='word_1_471' title='bbox 233 1305 319 1333; x_wconf 86' lang='lat' dir='ltr'>modo</span> <span class='ocrx_word' id='word_1_472' title='bbox 338 1305 385 1342; x_wconf 84' lang='lat' dir='ltr'>qui</span> <span class='ocrx_word' id='word_1_473' title='bbox 402 1312 460 1332; x_wconf 89' lang='lat' dir='ltr'>tum</span> <span class='ocrx_word' id='word_1_474' title='bbox 482 1311 570 1336; x_wconf 83' lang='lat' dir='ltr'>erant,</span> <span class='ocrx_word' id='word_1_475' title='bbox 591 1305 634 1333; x_wconf 89' lang='lat' dir='ltr'>sed</span> <span class='ocrx_word' id='word_1_476' title='bbox 658 1309 744 1335; x_wconf 82' lang='lat' dir='ltr'>etiam.</span> <span class='ocrx_word' id='word_1_477' title='bbox 754 1307 799 1339; x_wconf 83' lang='lat' dir='ltr'>hi,</span> <span class='ocrx_word' id='word_1_478' title='bbox 817 1308 862 1344; x_wconf 92' lang='lat' dir='ltr'>qui</span> <span class='ocrx_word' id='word_1_479' title='bbox 876 1308 903 1334; x_wconf 87' lang='lat' dir='ltr'>in</span> <span class='ocrx_word' id='word_1_480' title='bbox 917 1306 1072 1343; x_wconf 87' lang='lat' dir='ltr'>sequentem</span> <span class='ocrx_word' id='word_1_481' title='bbox 1086 1315 1187 1333; x_wconf 87' lang='lat' dir='ltr'>annum</span> <span class='ocrx_word' id='word_1_482' title='bbox 1201 1305 1331 1341; x_wconf 85' lang='lat' dir='ltr'>defignati</span> <span class='ocrx_word' id='word_1_483' title='bbox 1346 1305 1466 1337; x_wconf 84' lang='lat' dir='ltr'>fuerant,</span> <span class='ocrx_word' id='word_1_484' title='bbox 1487 1309 1660 1346; x_wconf 85' lang='lat' dir='ltr'>eundemque</span> 
     </span>
     <span class='ocr_line' id='line_1_33' title="bbox 80 1341 1658 1381; baseline 0.001 -10"><span class='ocrx_word' id='word_1_485' title='bbox 80 1344 171 1380; x_wconf 86' lang='lat' dir='ltr'>postea</span> <span class='ocrx_word' id='word_1_486' title='bbox 189 1341 327 1371; x_wconf 85' lang='lat' dir='ltr'>tradebant</span> <span class='ocrx_word' id='word_1_487' title='bbox 347 1341 480 1370; x_wconf 89' lang='lat' dir='ltr'>nonnullis</span> <span class='ocrx_word' id='word_1_488' title='bbox 499 1341 633 1381; x_wconf 80' lang='lat' dir='ltr'>Equitibus</span> <span class='ocrx_word' id='word_1_489' title='bbox 654 1344 805 1373; x_wconf 85' lang='lat' dir='ltr'>ferendum.</span> <span class='ocrx_word' id='word_1_490' title='bbox 846 1346 907 1372; x_wconf 90' lang='lat' dir='ltr'>Pars</span> <span class='ocrx_word' id='word_1_491' title='bbox 920 1348 1069 1371; x_wconf 78' lang='lat' dir='ltr'>Senatorum</span> <span class='ocrx_word' id='word_1_492' title='bbox 1082 1344 1182 1371; x_wconf 58' lang='lat' dir='ltr'>lectum</span> <span class='ocrx_word' id='word_1_493' title='bbox 1198 1342 1315 1371; x_wconf 80' lang='lat' dir='ltr'>anteibat</span> <span class='ocrx_word' id='word_1_494' title='bbox 1329 1363 1336 1373; x_wconf 90' lang='lat'><em>‚</em></span> <span class='ocrx_word' id='word_1_495' title='bbox 1362 1353 1394 1371; x_wconf 87' lang='lat' dir='ltr'>ex</span> <span class='ocrx_word' id='word_1_496' title='bbox 1409 1343 1503 1380; x_wconf 85' lang='lat' dir='ltr'>quibus</span> <span class='ocrx_word' id='word_1_497' title='bbox 1518 1346 1596 1374; x_wconf 87' lang='lat' dir='ltr'>multi</span> <span class='ocrx_word' id='word_1_498' title='bbox 1609 1349 1658 1375; x_wconf 85' lang='lat' dir='ltr'>do-</span> 
     </span>
     <span class='ocr_line' id='line_1_34' title="bbox 79 1379 1661 1418; baseline 0.002 -9"><span class='ocrx_word' id='word_1_499' title='bbox 79 1382 135 1409; x_wconf 91' lang='lat' dir='ltr'>lere</span> <span class='ocrx_word' id='word_1_500' title='bbox 153 1380 180 1408; x_wconf 76' lang='lat' dir='ltr'>ie</span> <span class='ocrx_word' id='word_1_501' title='bbox 198 1379 373 1411; x_wconf 82' lang='lat' dir='ltr'>fimulabant,</span> <span class='ocrx_word' id='word_1_502' title='bbox 401 1380 518 1417; x_wconf 75' lang='lat' dir='ltr'>querulas</span> <span class='ocrx_word' id='word_1_503' title='bbox 539 1390 618 1408; x_wconf 89' lang='lat' dir='ltr'>voces</span> <span class='ocrx_word' id='word_1_504' title='bbox 637 1383 789 1410; x_wconf 68' lang='lat' dir='ltr'>emittendo</span> <span class='ocrx_word' id='word_1_505' title='bbox 803 1403 809 1414; x_wconf 92' lang='lat'><em>‚</em></span> <span class='ocrx_word' id='word_1_506' title='bbox 838 1381 916 1409; x_wconf 90' lang='lat' dir='ltr'>multi</span> <span class='ocrx_word' id='word_1_507' title='bbox 936 1380 1065 1409; x_wconf 82' lang='lat' dir='ltr'>canebant</span> <span class='ocrx_word' id='word_1_508' title='bbox 1085 1380 1173 1408; x_wconf 66' lang='lat' dir='ltr'>fiel-ile</span> <span class='ocrx_word' id='word_1_509' title='bbox 1194 1390 1304 1409; x_wconf 78' lang='lat' dir='ltr'>carmen</span> <span class='ocrx_word' id='word_1_510' title='bbox 1323 1381 1355 1408; x_wconf 89' lang='lat' dir='ltr'>ad</span> <span class='ocrx_word' id='word_1_511' title='bbox 1374 1380 1460 1409; x_wconf 87' lang='lat' dir='ltr'>tibias.</span> <span class='ocrx_word' id='word_1_512' title='bbox 1498 1385 1661 1418; x_wconf 74' lang='lat' dir='ltr'>Imperatores</span> 
     </span>
     <span class='ocr_line' id='line_1_35' title="bbox 79 1416 1658 1458; baseline 0.003 -11"><span class='ocrx_word' id='word_1_513' title='bbox 79 1419 209 1457; x_wconf 86' lang='lat' dir='ltr'>postremi</span> <span class='ocrx_word' id='word_1_514' title='bbox 221 1416 403 1455; x_wconf 87' lang='lat' dir='ltr'>sequebantur.</span> <span class='ocrx_word' id='word_1_515' title='bbox 430 1419 472 1446; x_wconf 88' lang='lat' dir='ltr'>Ita</span> <span class='ocrx_word' id='word_1_516' title='bbox 485 1426 559 1446; x_wconf 83' lang='lat' dir='ltr'>extra</span> <span class='ocrx_word' id='word_1_517' title='bbox 571 1418 666 1447; x_wconf 88' lang='lat' dir='ltr'>urbem</span> <span class='ocrx_word' id='word_1_518' title='bbox 681 1421 708 1448; x_wconf 88' lang='lat' dir='ltr'>in</span> <span class='ocrx_word' id='word_1_519' title='bbox 723 1419 856 1448; x_wconf 79' lang='lat' dir='ltr'>Martium</span> <span class='ocrx_word' id='word_1_520' title='bbox 869 1428 983 1453; x_wconf 77' lang='lat' dir='ltr'>campum</span> <span class='ocrx_word' id='word_1_521' title='bbox 999 1417 1147 1447; x_wconf 88' lang='lat' dir='ltr'>veniebant.</span> <span class='ocrx_word' id='word_1_522' title='bbox 1177 1419 1231 1447; x_wconf 85' lang='lat' dir='ltr'>Ubi</span> <span class='ocrx_word' id='word_1_523' title='bbox 1245 1428 1295 1456; x_wconf 85' lang='lat' dir='ltr'>qua</span> <span class='ocrx_word' id='word_1_524' title='bbox 1307 1417 1429 1447; x_wconf 74' lang='lat' dir='ltr'>latissime</span> <span class='ocrx_word' id='word_1_525' title='bbox 1443 1429 1553 1457; x_wconf 85' lang='lat' dir='ltr'>campus</span> <span class='ocrx_word' id='word_1_526' title='bbox 1566 1431 1658 1458; x_wconf 88' lang='lat' dir='ltr'>patet,</span> 
     </span>
     <span class='ocr_line' id='line_1_36' title="bbox 79 1455 1659 1496; baseline 0.003 -13"><span class='ocrx_word' id='word_1_527' title='bbox 79 1466 152 1494; x_wconf 81' lang='lat' dir='ltr'>rogus</span> <span class='ocrx_word' id='word_1_528' title='bbox 172 1458 225 1484; x_wconf 85' lang='lat' dir='ltr'>five</span> <span class='ocrx_word' id='word_1_529' title='bbox 231 1455 360 1493; x_wconf 77' lang='lat' dir='ltr'>ficggestus</span> <span class='ocrx_word' id='word_1_530' title='bbox 374 1456 484 1492; x_wconf 90' lang='lat' dir='ltr'>quidam</span> <span class='ocrx_word' id='word_1_531' title='bbox 496 1455 581 1493; x_wconf 88' lang='lat' dir='ltr'>specie</span> <span class='ocrx_word' id='word_1_532' title='bbox 595 1457 775 1496; x_wconf 86' lang='lat' dir='ltr'>quadrangula</span> <span class='ocrx_word' id='word_1_533' title='bbox 788 1479 796 1490; x_wconf 94' lang='lat'>,</span> <span class='ocrx_word' id='word_1_534' title='bbox 815 1456 941 1487; x_wconf 83' lang='lat' dir='ltr'>lateribus</span> <span class='ocrx_word' id='word_1_535' title='bbox 954 1458 1034 1495; x_wconf 84' lang='lat' dir='ltr'>aequis</span> <span class='ocrx_word' id='word_1_536' title='bbox 1045 1455 1192 1495; x_wconf 77' lang='lat' dir='ltr'>ailurgebat</span> <span class='ocrx_word' id='word_1_537' title='bbox 1206 1478 1213 1488; x_wconf 90' lang='lat'>,</span> <span class='ocrx_word' id='word_1_538' title='bbox 1233 1457 1302 1485; x_wconf 87' lang='lat' dir='ltr'>nulla</span> <span class='ocrx_word' id='word_1_539' title='bbox 1316 1466 1411 1493; x_wconf 70' lang='lat' dir='ltr'>practer</span> <span class='ocrx_word' id='word_1_540' title='bbox 1424 1467 1504 1494; x_wconf 86' lang='lat' dir='ltr'>quam</span> <span class='ocrx_word' id='word_1_541' title='bbox 1519 1459 1659 1496; x_wconf 84' lang='lat' dir='ltr'>lignorum</span> 
     </span>
     <span class='ocr_line' id='line_1_37' title="bbox 78 1494 1659 1532; baseline 0.002 -9"><span class='ocrx_word' id='word_1_542' title='bbox 78 1496 232 1531; x_wconf 84' lang='lat' dir='ltr'>ingentium</span> <span class='ocrx_word' id='word_1_543' title='bbox 252 1494 364 1522; x_wconf 86' lang='lat' dir='ltr'>materia</span> <span class='ocrx_word' id='word_1_544' title='bbox 384 1495 540 1530; x_wconf 59' lang='lat' dir='ltr'>compaetus</span> <span class='ocrx_word' id='word_1_545' title='bbox 561 1496 588 1523; x_wconf 91' lang='lat' dir='ltr'>in</span> <span class='ocrx_word' id='word_1_546' title='bbox 605 1494 766 1524; x_wconf 85' lang='lat' dir='ltr'>tabernaculi</span> <span class='ocrx_word' id='word_1_547' title='bbox 790 1496 909 1524; x_wconf 83' lang='lat' dir='ltr'>formam</span> <span class='ocrx_word' id='word_1_548' title='bbox 924 1506 934 1522; x_wconf 68' lang='lat' dir='ltr'>z</span> <span class='ocrx_word' id='word_1_549' title='bbox 957 1496 984 1523; x_wconf 87' lang='lat' dir='ltr'>id</span> <span class='ocrx_word' id='word_1_550' title='bbox 1005 1496 1115 1532; x_wconf 86' lang='lat' dir='ltr'>quidem</span> <span class='ocrx_word' id='word_1_551' title='bbox 1135 1495 1240 1522; x_wconf 74' lang='lat' dir='ltr'>imerius</span> <span class='ocrx_word' id='word_1_552' title='bbox 1253 1503 1341 1523; x_wconf 90' lang='lat' dir='ltr'>totum</span> <span class='ocrx_word' id='word_1_553' title='bbox 1357 1504 1411 1523; x_wconf 89' lang='lat' dir='ltr'>erat</span> <span class='ocrx_word' id='word_1_554' title='bbox 1425 1496 1505 1523; x_wconf 86' lang='lat' dir='ltr'>aridis</span> <span class='ocrx_word' id='word_1_555' title='bbox 1518 1497 1659 1526; x_wconf 82' lang='lat' dir='ltr'>fomitibus</span> 
     </span>
     <span class='ocr_line' id='line_1_38' title="bbox 78 1532 1658 1573; baseline 0.003 -13"><span class='ocrx_word' id='word_1_556' title='bbox 78 1532 231 1568; x_wconf 84' lang='lat' dir='ltr'>oppletum:</span> <span class='ocrx_word' id='word_1_557' title='bbox 252 1539 326 1558; x_wconf 75' lang='lat' dir='ltr'>extra</span> <span class='ocrx_word' id='word_1_558' title='bbox 339 1538 429 1560; x_wconf 86' lang='lat' dir='ltr'>autem</span> <span class='ocrx_word' id='word_1_559' title='bbox 443 1533 553 1560; x_wconf 84' lang='lat' dir='ltr'>intextis</span> <span class='ocrx_word' id='word_1_560' title='bbox 567 1543 632 1560; x_wconf 86' lang='lat' dir='ltr'>auro</span> <span class='ocrx_word' id='word_1_561' title='bbox 646 1534 778 1573; x_wconf 83' lang='lat' dir='ltr'>stragulis,</span> <span class='ocrx_word' id='word_1_562' title='bbox 799 1542 878 1572; x_wconf 84' lang='lat' dir='ltr'>atque</span> <span class='ocrx_word' id='word_1_563' title='bbox 890 1532 994 1561; x_wconf 86' lang='lat' dir='ltr'>eboreis</span> <span class='ocrx_word' id='word_1_564' title='bbox 1009 1534 1099 1570; x_wconf 75' lang='lat' dir='ltr'>iigniS,</span> <span class='ocrx_word' id='word_1_565' title='bbox 1123 1533 1251 1570; x_wconf 84' lang='lat' dir='ltr'>variisque</span> <span class='ocrx_word' id='word_1_566' title='bbox 1266 1540 1438 1560; x_wconf 81' lang='lat' dir='ltr'>exornatum:</span> <span class='ocrx_word' id='word_1_567' title='bbox 1450 1535 1529 1568; x_wconf 64' lang='lat' dir='ltr'>fitpm</span> <span class='ocrx_word' id='word_1_568' title='bbox 1545 1544 1610 1563; x_wconf 88' lang='lat' dir='ltr'>vero</span> <span class='ocrx_word' id='word_1_569' title='bbox 1622 1536 1658 1564; x_wconf 83' lang='lat' dir='ltr'>al-</span> 
     </span>
     <span class='ocr_line' id='line_1_39' title="bbox 78 1568 1659 1611; baseline 0.001 -13"><span class='ocrx_word' id='word_1_570' title='bbox 78 1578 169 1598; x_wconf 83' lang='lat' dir='ltr'>terum</span> <span class='ocrx_word' id='word_1_571' title='bbox 186 1568 364 1597; x_wconf 80' lang='lat' dir='ltr'>minusculum</span> <span class='ocrx_word' id='word_1_572' title='bbox 379 1570 490 1606; x_wconf 86' lang='lat' dir='ltr'>quidem</span> <span class='ocrx_word' id='word_1_573' title='bbox 506 1569 706 1601; x_wconf 82' lang='lat' dir='ltr'>tabernaculum</span> <span class='ocrx_word' id='word_1_574' title='bbox 720 1572 836 1609; x_wconf 84' lang='lat' dir='ltr'>positum</span> <span class='ocrx_word' id='word_1_575' title='bbox 851 1580 921 1603; x_wconf 82' lang='lat' dir='ltr'>erat,</span> <span class='ocrx_word' id='word_1_576' title='bbox 942 1571 986 1599; x_wconf 90' lang='lat' dir='ltr'>sed</span> <span class='ocrx_word' id='word_1_577' title='bbox 1001 1571 1090 1599; x_wconf 86' lang='lat' dir='ltr'>forma</span> <span class='ocrx_word' id='word_1_578' title='bbox 1107 1573 1133 1600; x_wconf 60' lang='grc' dir='ltr'>ἃ</span> <span class='ocrx_word' id='word_1_579' title='bbox 1147 1580 1243 1600; x_wconf 85' lang='lat' dir='ltr'>ornatu</span> <span class='ocrx_word' id='word_1_580' title='bbox 1257 1570 1390 1607; x_wconf 78' lang='lat' dir='ltr'>persimile</span> <span class='ocrx_word' id='word_1_581' title='bbox 1401 1580 1501 1607; x_wconf 66' lang='lat' dir='ltr'>porus,</span> <span class='ocrx_word' id='word_1_582' title='bbox 1519 1572 1659 1611; x_wconf 73' lang='lat' dir='ltr'>januilque</span> 
     </span>
     <span class='ocr_line' id='line_1_40' title="bbox 78 1606 1659 1647; baseline 0.003 -12"><span class='ocrx_word' id='word_1_583' title='bbox 78 1606 239 1646; x_wconf 82' lang='lat' dir='ltr'>patentibus.</span> <span class='ocrx_word' id='word_1_584' title='bbox 258 1606 375 1634; x_wconf 80' lang='lat' dir='ltr'>Tertium</span> <span class='ocrx_word' id='word_1_585' title='bbox 390 1609 472 1640; x_wconf 87' lang='lat' dir='ltr'>item,</span> <span class='ocrx_word' id='word_1_586' title='bbox 494 1612 520 1638; x_wconf 84' lang='lat'>&amp;</span> <span class='ocrx_word' id='word_1_587' title='bbox 534 1618 672 1647; x_wconf 79' lang='lat' dir='ltr'>quartum,</span> <span class='ocrx_word' id='word_1_588' title='bbox 693 1611 798 1647; x_wconf 77' lang='lat' dir='ltr'>{emper</span> <span class='ocrx_word' id='word_1_589' title='bbox 809 1609 943 1647; x_wconf 80' lang='lat' dir='ltr'>superiore</span> <span class='ocrx_word' id='word_1_590' title='bbox 955 1607 1126 1638; x_wconf 84' lang='lat' dir='ltr'>tabernaculo</span> <span class='ocrx_word' id='word_1_591' title='bbox 1140 1610 1314 1640; x_wconf 60' lang='lat' dir='ltr'>contraftiu52</span> <span class='ocrx_word' id='word_1_592' title='bbox 1333 1618 1364 1636; x_wconf 71' lang='lat' dir='ltr'>ac</span> <span class='ocrx_word' id='word_1_593' title='bbox 1378 1609 1503 1646; x_wconf 75' lang='lat' dir='ltr'>deinceps</span> <span class='ocrx_word' id='word_1_594' title='bbox 1517 1611 1659 1640; x_wconf 81' lang='lat' dir='ltr'>aliadonec</span> 
     </span>
     <span class='ocr_line' id='line_1_41' title="bbox 76 1646 1658 1686; baseline 0.001 -12"><span class='ocrx_word' id='word_1_595' title='bbox 76 1647 111 1674; x_wconf 83' lang='lat' dir='ltr'>ad</span> <span class='ocrx_word' id='word_1_596' title='bbox 133 1653 302 1677; x_wconf 78' lang='lat' dir='ltr'>extremum,</span> <span class='ocrx_word' id='word_1_597' title='bbox 324 1646 396 1682; x_wconf 90' lang='lat' dir='ltr'>quod</span> <span class='ocrx_word' id='word_1_598' title='bbox 416 1647 453 1674; x_wconf 89' lang='lat' dir='ltr'>est</span> <span class='ocrx_word' id='word_1_599' title='bbox 472 1650 598 1675; x_wconf 89' lang='lat' dir='ltr'>omnium</span> <span class='ocrx_word' id='word_1_600' title='bbox 617 1646 816 1680; x_wconf 85' lang='lat' dir='ltr'>breviffimum,</span> <span class='ocrx_word' id='word_1_601' title='bbox 837 1646 1049 1685; x_wconf 87' lang='lat' dir='ltr'>perveniebatur.</span> <span class='ocrx_word' id='word_1_602' title='bbox 1088 1649 1118 1675; x_wconf 85' lang='lat' dir='ltr'>In</span> <span class='ocrx_word' id='word_1_603' title='bbox 1140 1647 1248 1676; x_wconf 84' lang='lat' dir='ltr'>summo</span> <span class='ocrx_word' id='word_1_604' title='bbox 1265 1649 1323 1684; x_wconf 77' lang='lat' dir='ltr'>ejus</span> <span class='ocrx_word' id='word_1_605' title='bbox 1335 1647 1582 1681; x_wconf 66' lang='lat' dir='ltr'>currusinauratus,</span> <span class='ocrx_word' id='word_1_606' title='bbox 1603 1659 1658 1686; x_wconf 87' lang='lat' dir='ltr'>quo</span> 
     </span>
     <span class='ocr_line' id='line_1_42' title="bbox 76 1684 1657 1721; baseline 0.003 -10"><span class='ocrx_word' id='word_1_607' title='bbox 76 1692 201 1713; x_wconf 89' lang='lat' dir='ltr'>mortuus</span> <span class='ocrx_word' id='word_1_608' title='bbox 222 1685 373 1720; x_wconf 85' lang='lat' dir='ltr'>Imperator</span> <span class='ocrx_word' id='word_1_609' title='bbox 393 1684 460 1712; x_wconf 90' lang='lat' dir='ltr'>olim</span> <span class='ocrx_word' id='word_1_610' title='bbox 484 1684 642 1718; x_wconf 83' lang='lat' dir='ltr'>vehebatur,</span> <span class='ocrx_word' id='word_1_611' title='bbox 663 1686 807 1714; x_wconf 87' lang='lat' dir='ltr'>collocatus</span> <span class='ocrx_word' id='word_1_612' title='bbox 820 1694 883 1715; x_wconf 86' lang='lat' dir='ltr'>erat.</span> <span class='ocrx_word' id='word_1_613' title='bbox 916 1686 1002 1714; x_wconf 87' lang='lat' dir='ltr'>Potest</span> <span class='ocrx_word' id='word_1_614' title='bbox 1017 1686 1074 1721; x_wconf 83' lang='lat' dir='ltr'>ejus</span> <span class='ocrx_word' id='word_1_615' title='bbox 1087 1686 1191 1714; x_wconf 79' lang='lat' dir='ltr'>aedificii</span> <span class='ocrx_word' id='word_1_616' title='bbox 1205 1685 1294 1714; x_wconf 86' lang='lat' dir='ltr'>forma</span> <span class='ocrx_word' id='word_1_617' title='bbox 1308 1687 1457 1721; x_wconf 85' lang='lat' dir='ltr'>comparari</span> <span class='ocrx_word' id='word_1_618' title='bbox 1472 1685 1587 1714; x_wconf 86' lang='lat' dir='ltr'>turribus</span> <span class='ocrx_word' id='word_1_619' title='bbox 1601 1687 1657 1720; x_wconf 71' lang='lat' dir='ltr'>hia,</span> 
     </span>
     <span class='ocr_line' id='line_1_43' title="bbox 76 1720 1657 1762; baseline 0.003 -15"><span class='ocrx_word' id='word_1_620' title='bbox 76 1731 135 1759; x_wconf 87' lang='lat' dir='ltr'>quae</span> <span class='ocrx_word' id='word_1_621' title='bbox 147 1720 276 1758; x_wconf 83' lang='lat' dir='ltr'>portubus</span> <span class='ocrx_word' id='word_1_622' title='bbox 289 1723 477 1755; x_wconf 84' lang='lat' dir='ltr'>imminentes,</span> <span class='ocrx_word' id='word_1_623' title='bbox 499 1723 582 1751; x_wconf 63' lang='lat' dir='ltr'>noctu</span> <span class='ocrx_word' id='word_1_624' title='bbox 595 1724 658 1761; x_wconf 85' lang='lat' dir='ltr'>igne</span> <span class='ocrx_word' id='word_1_625' title='bbox 672 1724 781 1760; x_wconf 84' lang='lat' dir='ltr'>praelato</span> <span class='ocrx_word' id='word_1_626' title='bbox 794 1734 874 1752; x_wconf 89' lang='lat' dir='ltr'>naves</span> <span class='ocrx_word' id='word_1_627' title='bbox 887 1724 915 1752; x_wconf 89' lang='lat' dir='ltr'>in</span> <span class='ocrx_word' id='word_1_628' title='bbox 929 1732 996 1753; x_wconf 86' lang='lat' dir='ltr'>tutas</span> <span class='ocrx_word' id='word_1_629' title='bbox 1013 1724 1137 1752; x_wconf 81' lang='lat' dir='ltr'>stationes</span> <span class='ocrx_word' id='word_1_630' title='bbox 1151 1725 1277 1762; x_wconf 81' lang='lat' dir='ltr'>dirigunt.</span> <span class='ocrx_word' id='word_1_631' title='bbox 1297 1724 1374 1750; x_wconf 68' lang='lat' dir='ltr'>Pham</span> <span class='ocrx_word' id='word_1_632' title='bbox 1389 1723 1470 1761; x_wconf 86' lang='lat' dir='ltr'>vulgo</span> <span class='ocrx_word' id='word_1_633' title='bbox 1484 1725 1657 1760; x_wconf 80' lang='lat' dir='ltr'>appellantur.</span> 
     </span>
     <span class='ocr_line' id='line_1_44' title="bbox 73 1757 1657 1800; baseline 0.002 -13"><span class='ocrx_word' id='word_1_634' title='bbox 73 1761 142 1796; x_wconf 75' lang='lat' dir='ltr'>Ejus</span> <span class='ocrx_word' id='word_1_635' title='bbox 163 1769 269 1797; x_wconf 91' lang='lat' dir='ltr'>quoque</span> <span class='ocrx_word' id='word_1_636' title='bbox 290 1757 451 1789; x_wconf 82' lang='lat' dir='ltr'>tabernaculi</span> <span class='ocrx_word' id='word_1_637' title='bbox 470 1760 589 1788; x_wconf 60' lang='lat' dir='ltr'>fornflam</span> <span class='ocrx_word' id='word_1_638' title='bbox 609 1762 695 1790; x_wconf 87' lang='lat' dir='ltr'>adbuc</span> <span class='ocrx_word' id='word_1_639' title='bbox 714 1764 741 1791; x_wconf 88' lang='lat' dir='ltr'>in</span> <span class='ocrx_word' id='word_1_640' title='bbox 763 1763 876 1800; x_wconf 86' lang='lat' dir='ltr'>antiquis</span> <span class='ocrx_word' id='word_1_641' title='bbox 897 1760 1101 1790; x_wconf 79' lang='lat' dir='ltr'>numismatibus</span> <span class='ocrx_word' id='word_1_642' title='bbox 1116 1761 1210 1789; x_wconf 66' lang='lat' dir='ltr'>Sabina</span> <span class='ocrx_word' id='word_1_643' title='bbox 1226 1760 1357 1799; x_wconf 60' lang='lat' dir='ltr'>Augustae,</span> <span class='ocrx_word' id='word_1_644' title='bbox 1379 1765 1446 1789; x_wconf 79' lang='lat' dir='ltr'><em>Ant.</em></span> <span class='ocrx_word' id='word_1_645' title='bbox 1462 1766 1516 1792; x_wconf 80' lang='lat' dir='ltr'>Pu,</span> <span class='ocrx_word' id='word_1_646' title='bbox 1537 1762 1657 1800; x_wconf 64' lang='lat' dir='ltr'>Faustina</span> 
     </span>
     <span class='ocr_line' id='line_1_45' title="bbox 75 1797 1656 1836; baseline 0.003 -11"><span class='ocrx_word' id='word_1_647' title='bbox 75 1797 203 1835; x_wconf 67' lang='lat' dir='ltr'>Augustae,</span> <span class='ocrx_word' id='word_1_648' title='bbox 224 1797 266 1831; x_wconf 63' lang='grc' dir='ltr'>ξς·</span> <span class='ocrx_word' id='word_1_649' title='bbox 283 1797 376 1825; x_wconf 72' lang='lat' dir='ltr'>marris</span> <span class='ocrx_word' id='word_1_650' title='bbox 389 1797 496 1836; x_wconf 67' lang='lat' dir='ltr'>&amp;filia</span> <span class='ocrx_word' id='word_1_651' title='bbox 505 1819 512 1830; x_wconf 95' lang='lat'>‚</span> <span class='ocrx_word' id='word_1_652' title='bbox 531 1803 571 1826; x_wconf 84' lang='lat' dir='ltr'>M.</span> <span class='ocrx_word' id='word_1_653' title='bbox 586 1800 689 1828; x_wconf 73' lang='lat' dir='ltr'>Aurelri</span> <span class='ocrx_word' id='word_1_654' title='bbox 702 1801 846 1831; x_wconf 81' lang='lat' dir='ltr'>Antonmi,</span> <span class='ocrx_word' id='word_1_655' title='bbox 871 1806 901 1828; x_wconf 89' lang='lat' dir='ltr'>L.</span> <span class='ocrx_word' id='word_1_656' title='bbox 913 1806 978 1828; x_wconf 87' lang='lat' dir='ltr'>Aur.</span> <span class='ocrx_word' id='word_1_657' title='bbox 994 1800 1065 1831; x_wconf 71' lang='lat' dir='ltr'>Veri,</span> <span class='ocrx_word' id='word_1_658' title='bbox 1093 1804 1124 1826; x_wconf 81' lang='lat' dir='ltr'>P.</span> <span class='ocrx_word' id='word_1_659' title='bbox 1139 1799 1228 1827; x_wconf 68' lang='lat' dir='ltr'>Helvii</span> <span class='ocrx_word' id='word_1_660' title='bbox 1242 1799 1396 1828; x_wconf 67' lang='lat' dir='ltr'>Pertmacs&#39;s,</span> <span class='ocrx_word' id='word_1_661' title='bbox 1416 1803 1446 1826; x_wconf 94' lang='lat' dir='ltr'>L.</span> <span class='ocrx_word' id='word_1_662' title='bbox 1457 1799 1570 1833; x_wconf 62' lang='lat' dir='ltr'>Septimii</span> <span class='ocrx_word' id='word_1_663' title='bbox 1581 1805 1656 1829; x_wconf 65' lang='lat' dir='ltr'>Sece-</span> 
     </span>
     <span class='ocr_line' id='line_1_46' title="bbox 76 1834 1657 1876; baseline 0.004 -15"><span class='ocrx_word' id='word_1_664' title='bbox 76 1834 114 1866; x_wconf 83' lang='lat' dir='ltr'>ri‚</span> <span class='ocrx_word' id='word_1_665' title='bbox 135 1836 176 1869; x_wconf 66' lang='lat'>&amp;¹</span> <span class='ocrx_word' id='word_1_666' title='bbox 190 1835 271 1873; x_wconf 70' lang='lat' dir='ltr'>Juliae</span> <span class='ocrx_word' id='word_1_667' title='bbox 284 1836 333 1863; x_wconf 78' lang='lat' dir='ltr'>Piae</span> <span class='ocrx_word' id='word_1_668' title='bbox 344 1836 461 1875; x_wconf 67' lang='lat' dir='ltr'>Augusta</span> <span class='ocrx_word' id='word_1_669' title='bbox 480 1837 696 1866; x_wconf 87' lang='lat' dir='ltr'>consecratorum</span> <span class='ocrx_word' id='word_1_670' title='bbox 711 1840 849 1871; x_wconf 87' lang='lat' dir='ltr'>videntur,</span> <span class='ocrx_word' id='word_1_671' title='bbox 869 1849 984 1876; x_wconf 89' lang='lat' dir='ltr'>quorum</span> <span class='ocrx_word' id='word_1_672' title='bbox 1000 1839 1054 1866; x_wconf 87' lang='lat' dir='ltr'>duo</span> <span class='ocrx_word' id='word_1_673' title='bbox 1068 1837 1180 1873; x_wconf 82' lang='lat' dir='ltr'>subjeci:</span> <span class='ocrx_word' id='word_1_674' title='bbox 1201 1846 1230 1866; x_wconf 92' lang='lat' dir='ltr'>ut</span> <span class='ocrx_word' id='word_1_675' title='bbox 1243 1839 1331 1865; x_wconf 76' lang='lat' dir='ltr'>videre</span> <span class='ocrx_word' id='word_1_676' title='bbox 1346 1838 1381 1865; x_wconf 87' lang='lat' dir='ltr'>est</span> <span class='ocrx_word' id='word_1_677' title='bbox 1395 1838 1421 1863; x_wconf 86' lang='lat' dir='ltr'>in</span> <span class='ocrx_word' id='word_1_678' title='bbox 1437 1838 1492 1874; x_wconf 81' lang='lat' dir='ltr'>Fig.</span> <span class='ocrx_word' id='word_1_679' title='bbox 1508 1837 1541 1864; x_wconf 91' lang='lat' dir='ltr'>Z.</span> <span class='ocrx_word' id='word_1_680' title='bbox 1556 1847 1657 1868; x_wconf 76' lang='lat' dir='ltr'>notata.</span> 
     </span>
    </p>

    <p class='ocr_par' dir='ltr' id='par_1_7' title="bbox 75 1874 1658 2294">
     <span class='ocr_line' id='line_1_47' title="bbox 120 1874 1658 1914; baseline 0.001 -11"><span class='ocrx_word' id='word_1_681' title='bbox 120 1875 205 1911; x_wconf 82' lang='lat' dir='ltr'>Igitur</span> <span class='ocrx_word' id='word_1_682' title='bbox 223 1874 293 1902; x_wconf 61' lang='lat' dir='ltr'>lecto</span> <span class='ocrx_word' id='word_1_683' title='bbox 308 1875 479 1909; x_wconf 69' lang='lat' dir='ltr'>inftcundum</span> <span class='ocrx_word' id='word_1_684' title='bbox 495 1874 682 1903; x_wconf 69' lang='lat' dir='ltr'>tabernaculum</span> <span class='ocrx_word' id='word_1_685' title='bbox 696 1897 708 1906; x_wconf 80' lang='grc'>,,</span> <span class='ocrx_word' id='word_1_686' title='bbox 733 1878 805 1914; x_wconf 89' lang='lat' dir='ltr'>quod</span> <span class='ocrx_word' id='word_1_687' title='bbox 820 1878 911 1914; x_wconf 86' lang='lat' dir='ltr'>primo</span> <span class='ocrx_word' id='word_1_688' title='bbox 925 1877 1085 1905; x_wconf 55' lang='lat' dir='ltr'>contractius</span> <span class='ocrx_word' id='word_1_689' title='bbox 1098 1877 1134 1903; x_wconf 86' lang='lat' dir='ltr'>est</span> <span class='ocrx_word' id='word_1_690' title='bbox 1147 1897 1154 1907; x_wconf 88' lang='lat'>,</span> <span class='ocrx_word' id='word_1_691' title='bbox 1181 1875 1282 1903; x_wconf 73' lang='lat' dir='ltr'>sublato</span> <span class='ocrx_word' id='word_1_692' title='bbox 1296 1896 1303 1907; x_wconf 93' lang='lat'>,</span> <span class='ocrx_word' id='word_1_693' title='bbox 1330 1884 1450 1903; x_wconf 84' lang='lat' dir='ltr'>aromata</span> <span class='ocrx_word' id='word_1_694' title='bbox 1464 1878 1489 1902; x_wconf 70' lang='grc' dir='ltr'>δε</span> <span class='ocrx_word' id='word_1_695' title='bbox 1503 1875 1658 1906; x_wconf 82' lang='lat' dir='ltr'>suffimenta</span> 
     </span>
     <span class='ocr_line' id='line_1_48' title="bbox 83 1911 1656 1952; baseline 0.001 -14"><span class='ocrx_word' id='word_1_696' title='bbox 83 1915 172 1939; x_wconf 82' lang='lat' dir='ltr'>omnis</span> <span class='ocrx_word' id='word_1_697' title='bbox 186 1913 302 1949; x_wconf 86' lang='lat' dir='ltr'>generis,</span> <span class='ocrx_word' id='word_1_698' title='bbox 322 1912 436 1945; x_wconf 64' lang='lat' dir='ltr'>fruetus,</span> <span class='ocrx_word' id='word_1_699' title='bbox 456 1911 601 1950; x_wconf 85' lang='lat' dir='ltr'>herbasque</span> <span class='ocrx_word' id='word_1_700' title='bbox 614 1916 641 1942; x_wconf 82' lang='lat'>&amp;</span> <span class='ocrx_word' id='word_1_701' title='bbox 654 1914 745 1943; x_wconf 87' lang='lat' dir='ltr'>succos</span> <span class='ocrx_word' id='word_1_702' title='bbox 758 1926 854 1943; x_wconf 87' lang='lat' dir='ltr'>omnes</span> <span class='ocrx_word' id='word_1_703' title='bbox 867 1916 994 1943; x_wconf 86' lang='lat' dir='ltr'>odoratos</span> <span class='ocrx_word' id='word_1_704' title='bbox 1008 1914 1181 1951; x_wconf 78' lang='lat' dir='ltr'>conquifitos,</span> <span class='ocrx_word' id='word_1_705' title='bbox 1203 1915 1347 1941; x_wconf 75' lang='lat' dir='ltr'>acervatim</span> <span class='ocrx_word' id='word_1_706' title='bbox 1363 1911 1482 1940; x_wconf 65' lang='lat' dir='ltr'>effundet</span> <span class='ocrx_word' id='word_1_707' title='bbox 1489 1922 1542 1941; x_wconf 90' lang='lat' dir='ltr'>ant.</span> <span class='ocrx_word' id='word_1_708' title='bbox 1570 1917 1656 1952; x_wconf 68' lang='lat' dir='ltr'>Quip-</span> 
     </span>
     <span class='ocr_line' id='line_1_49' title="bbox 81 1951 1654 1990; baseline 0.003 -14"><span class='ocrx_word' id='word_1_709' title='bbox 81 1958 116 1986; x_wconf 87' lang='lat' dir='ltr'>pe</span> <span class='ocrx_word' id='word_1_710' title='bbox 135 1959 220 1986; x_wconf 90' lang='lat' dir='ltr'>neque</span> <span class='ocrx_word' id='word_1_711' title='bbox 241 1959 305 1986; x_wconf 85' lang='lat' dir='ltr'>gens</span> <span class='ocrx_word' id='word_1_712' title='bbox 324 1958 393 1983; x_wconf 88' lang='lat' dir='ltr'>erat,</span> <span class='ocrx_word' id='word_1_713' title='bbox 412 1961 500 1989; x_wconf 86' lang='lat' dir='ltr'>neque</span> <span class='ocrx_word' id='word_1_714' title='bbox 519 1953 626 1983; x_wconf 78' lang='lat' dir='ltr'>civitas,</span> <span class='ocrx_word' id='word_1_715' title='bbox 646 1962 733 1989; x_wconf 81' lang='lat' dir='ltr'>neque</span> <span class='ocrx_word' id='word_1_716' title='bbox 748 1955 793 1990; x_wconf 88' lang='lat' dir='ltr'>qui</span> <span class='ocrx_word' id='word_1_717' title='bbox 807 1953 912 1980; x_wconf 87' lang='lat' dir='ltr'>honore</span> <span class='ocrx_word' id='word_1_718' title='bbox 925 1953 980 1980; x_wconf 91' lang='lat' dir='ltr'>ullo</span> <span class='ocrx_word' id='word_1_719' title='bbox 993 1961 1039 1980; x_wconf 85' lang='lat' dir='ltr'>aut</span> <span class='ocrx_word' id='word_1_720' title='bbox 1052 1952 1182 1989; x_wconf 84' lang='lat' dir='ltr'>dignitate</span> <span class='ocrx_word' id='word_1_721' title='bbox 1196 1951 1370 1988; x_wconf 60' lang='lat' dir='ltr'>praecelleret,</span> <span class='ocrx_word' id='word_1_722' title='bbox 1391 1952 1454 1987; x_wconf 88' lang='lat' dir='ltr'>quin</span> <span class='ocrx_word' id='word_1_723' title='bbox 1469 1953 1590 1981; x_wconf 73' lang='lat' dir='ltr'>certatim</span> <span class='ocrx_word' id='word_1_724' title='bbox 1603 1963 1654 1990; x_wconf 85' lang='lat' dir='ltr'>pro</span> 
     </span>
     <span class='ocr_line' id='line_1_50' title="bbox 77 1987 1655 2028; baseline 0.003 -14"><span class='ocrx_word' id='word_1_725' title='bbox 77 1987 105 2015; x_wconf 80' lang='lat' dir='ltr'>se</span> <span class='ocrx_word' id='word_1_726' title='bbox 119 1987 226 2024; x_wconf 84' lang='lat' dir='ltr'>quisque</span> <span class='ocrx_word' id='word_1_727' title='bbox 238 1988 358 2023; x_wconf 69' lang='lat' dir='ltr'>luprerna</span> <span class='ocrx_word' id='word_1_728' title='bbox 371 1989 536 2017; x_wconf 78' lang='lat' dir='ltr'>illa‘munera</span> <span class='ocrx_word' id='word_1_729' title='bbox 551 1988 673 2024; x_wconf 79' lang='lat' dir='ltr'>Principis</span> <span class='ocrx_word' id='word_1_730' title='bbox 685 1990 783 2019; x_wconf 84' lang='lat' dir='ltr'>honori</span> <span class='ocrx_word' id='word_1_731' title='bbox 796 1991 940 2019; x_wconf 88' lang='lat' dir='ltr'>deferrent.</span> <span class='ocrx_word' id='word_1_732' title='bbox 979 1989 1033 2017; x_wconf 86' lang='lat' dir='ltr'>Ubi</span> <span class='ocrx_word' id='word_1_733' title='bbox 1048 2000 1112 2018; x_wconf 84' lang='lat' dir='ltr'>vero</span> <span class='ocrx_word' id='word_1_734' title='bbox 1126 1991 1219 2026; x_wconf 76' lang='lat' dir='ltr'>ingens</span> <span class='ocrx_word' id='word_1_735' title='bbox 1233 1997 1402 2021; x_wconf 81' lang='lat' dir='ltr'>aromatum,</span> <span class='ocrx_word' id='word_1_736' title='bbox 1423 1998 1453 2016; x_wconf 89' lang='lat' dir='ltr'>ac</span> <span class='ocrx_word' id='word_1_737' title='bbox 1465 1999 1575 2023; x_wconf 83' lang='lat' dir='ltr'>eorum,</span> <span class='ocrx_word' id='word_1_738' title='bbox 1597 2001 1655 2028; x_wconf 80' lang='lat' dir='ltr'>qua:</span> 
     </span>
     <span class='ocr_line' id='line_1_51' title="bbox 79 2026 1654 2066; baseline 0.001 -14"><span class='ocrx_word' id='word_1_739' title='bbox 79 2026 235 2063; x_wconf 85' lang='lat' dir='ltr'>parentandi</span> <span class='ocrx_word' id='word_1_740' title='bbox 255 2026 327 2054; x_wconf 78' lang='lat' dir='ltr'>causa</span> <span class='ocrx_word' id='word_1_741' title='bbox 346 2027 421 2055; x_wconf 71' lang='lat' dir='ltr'>allata</span> <span class='ocrx_word' id='word_1_742' title='bbox 434 2028 539 2056; x_wconf 88' lang='lat' dir='ltr'>fuerant</span> <span class='ocrx_word' id='word_1_743' title='bbox 552 2048 559 2058; x_wconf 90' lang='lat'>‚</span> <span class='ocrx_word' id='word_1_744' title='bbox 587 2028 803 2056; x_wconf 40' lang='lat' dir='ltr'>ruffimentorum</span> <span class='ocrx_word' id='word_1_745' title='bbox 818 2038 924 2056; x_wconf 84' lang='lat' dir='ltr'>acervus</span> <span class='ocrx_word' id='word_1_746' title='bbox 938 2037 1050 2065; x_wconf 87' lang='lat' dir='ltr'>magnus</span> <span class='ocrx_word' id='word_1_747' title='bbox 1061 2028 1181 2065; x_wconf 80' lang='lat' dir='ltr'>aggestus</span> <span class='ocrx_word' id='word_1_748' title='bbox 1195 2028 1231 2054; x_wconf 81' lang='lat' dir='ltr'>est</span> <span class='ocrx_word' id='word_1_749' title='bbox 1245 2048 1251 2058; x_wconf 91' lang='lat'>‚</span> <span class='ocrx_word' id='word_1_750' title='bbox 1279 2037 1309 2054; x_wconf 91' lang='lat' dir='ltr'>ac</span> <span class='ocrx_word' id='word_1_751' title='bbox 1324 2027 1396 2055; x_wconf 89' lang='lat' dir='ltr'>locus</span> <span class='ocrx_word' id='word_1_752' title='bbox 1411 2029 1502 2055; x_wconf 86' lang='lat' dir='ltr'>omnis</span> <span class='ocrx_word' id='word_1_753' title='bbox 1515 2030 1654 2066; x_wconf 76' lang='lat' dir='ltr'>oppletus,</span> 
     </span>
     <span class='ocr_line' id='line_1_52' title="bbox 78 2063 1654 2102; baseline 0.004 -12"><span class='ocrx_word' id='word_1_754' title='bbox 78 2068 214 2098; x_wconf 74' lang='lat' dir='ltr'>Imperator</span> <span class='ocrx_word' id='word_1_755' title='bbox 239 2064 362 2099; x_wconf 76' lang='lat' dir='ltr'>iiiperstes</span> <span class='ocrx_word' id='word_1_756' title='bbox 381 2085 386 2095; x_wconf 52' lang='lat' dir='ltr'>v</span> <span class='ocrx_word' id='word_1_757' title='bbox 413 2067 552 2102; x_wconf 78' lang='lat' dir='ltr'>caeterique</span> <span class='ocrx_word' id='word_1_758' title='bbox 579 2066 753 2101; x_wconf 85' lang='lat' dir='ltr'>Imperatoris</span> <span class='ocrx_word' id='word_1_759' title='bbox 780 2068 881 2094; x_wconf 90' lang='lat' dir='ltr'>mortui</span> <span class='ocrx_word' id='word_1_760' title='bbox 907 2067 1051 2102; x_wconf 84' lang='lat' dir='ltr'>propinqui</span> <span class='ocrx_word' id='word_1_761' title='bbox 1077 2067 1131 2101; x_wconf 85' lang='lat' dir='ltr'>ejus</span> <span class='ocrx_word' id='word_1_762' title='bbox 1152 2066 1262 2092; x_wconf 84' lang='lat' dir='ltr'>statuam</span> <span class='ocrx_word' id='word_1_763' title='bbox 1280 2063 1463 2092; x_wconf 82' lang='lat' dir='ltr'>osculabantur</span> <span class='ocrx_word' id='word_1_764' title='bbox 1477 2077 1482 2093; x_wconf 91' lang='lat'>:</span> <span class='ocrx_word' id='word_1_765' title='bbox 1528 2076 1562 2094; x_wconf 87' lang='lat' dir='ltr'>uo</span> <span class='ocrx_word' id='word_1_766' title='bbox 1582 2067 1654 2096; x_wconf 53' lang='lat' dir='ltr'>facto</span> 
     </span>
     <span class='ocr_line' id='line_1_53' title="bbox 79 2076 1655 2142; baseline 0.002 -13"><span class='ocrx_word' id='word_1_767' title='bbox 79 2105 194 2135; x_wconf 76' lang='lat' dir='ltr'>Prmceps</span> <span class='ocrx_word' id='word_1_768' title='bbox 208 2099 320 2130; x_wconf 76' lang='lat' dir='ltr'>tribunal</span> <span class='ocrx_word' id='word_1_769' title='bbox 334 2102 525 2132; x_wconf 76' lang='lat' dir='ltr'>conscendebat</span> <span class='ocrx_word' id='word_1_770' title='bbox 541 2114 546 2130; x_wconf 79' lang='lat' dir='ltr'>z</span> <span class='ocrx_word' id='word_1_771' title='bbox 573 2107 703 2131; x_wconf 78' lang='lat' dir='ltr'>Senatores</span> <span class='ocrx_word' id='word_1_772' title='bbox 719 2114 783 2132; x_wconf 87' lang='lat' dir='ltr'>vero</span> <span class='ocrx_word' id='word_1_773' title='bbox 796 2125 803 2135; x_wconf 90' lang='lat'>,</span> <span class='ocrx_word' id='word_1_774' title='bbox 831 2105 947 2142; x_wconf 78' lang='lat' dir='ltr'>exceptis</span> <span class='ocrx_word' id='word_1_775' title='bbox 961 2102 1156 2141; x_wconf 73' lang='lat' dir='ltr'>Magistraubus</span> <span class='ocrx_word' id='word_1_776' title='bbox 1171 2124 1178 2134; x_wconf 92' lang='lat'>‚</span> <span class='ocrx_word' id='word_1_777' title='bbox 1197 2104 1224 2130; x_wconf 90' lang='lat' dir='ltr'>in</span> <span class='ocrx_word' id='word_1_778' title='bbox 1238 2101 1325 2131; x_wconf 87' lang='lat' dir='ltr'>tabula</span> <span class='ocrx_word' id='word_1_779' title='bbox 1338 2111 1427 2139; x_wconf 84' lang='lat' dir='ltr'>parata</span> <span class='ocrx_word' id='word_1_780' title='bbox 1440 2076 1583 2133; x_wconf 51' lang='lat' dir='ltr'>affidgliant</span> <span class='ocrx_word' id='word_1_781' title='bbox 1597 2126 1604 2136; x_wconf 92' lang='lat'><em>,</em></span> <span class='ocrx_word' id='word_1_782' title='bbox 1626 2114 1655 2135; x_wconf 80' lang='lat' dir='ltr'>ut</span> 
     </span>
     <span class='ocr_line' id='line_1_54' title="bbox 76 2139 1652 2180; baseline 0.001 -11"><span class='ocrx_word' id='word_1_783' title='bbox 76 2148 137 2169; x_wconf 78' lang='lat' dir='ltr'>tuto</span> <span class='ocrx_word' id='word_1_784' title='bbox 159 2139 235 2166; x_wconf 75' lang='lat' dir='ltr'>timul</span> <span class='ocrx_word' id='word_1_785' title='bbox 250 2158 258 2167; x_wconf 86' lang='lat'><em>,</em></span> <span class='ocrx_word' id='word_1_786' title='bbox 285 2142 311 2168; x_wconf 68' lang='grc' dir='ltr'>δε</span> <span class='ocrx_word' id='word_1_787' title='bbox 328 2143 474 2170; x_wconf 71' lang='lat' dir='ltr'>commode</span> <span class='ocrx_word' id='word_1_788' title='bbox 489 2142 637 2178; x_wconf 71' lang='lat' dir='ltr'>spec&#39;tarent</span> <span class='ocrx_word' id='word_1_789' title='bbox 651 2163 658 2173; x_wconf 83' lang='lat'>,</span> <span class='ocrx_word' id='word_1_790' title='bbox 685 2152 742 2180; x_wconf 72' lang='lat' dir='ltr'>quae</span> <span class='ocrx_word' id='word_1_791' title='bbox 755 2141 925 2180; x_wconf 75' lang='lat' dir='ltr'>gerebantur.</span> <span class='ocrx_word' id='word_1_792' title='bbox 964 2140 1129 2179; x_wconf 71' lang='lat' dir='ltr'>Magistratus</span> <span class='ocrx_word' id='word_1_793' title='bbox 1144 2144 1170 2169; x_wconf 62' lang='grc' dir='ltr'>ἃ</span> <span class='ocrx_word' id='word_1_794' title='bbox 1184 2143 1271 2169; x_wconf 82' lang='lat' dir='ltr'>caeteri</span> <span class='ocrx_word' id='word_1_795' title='bbox 1285 2151 1317 2169; x_wconf 85' lang='lat' dir='ltr'>ex</span> <span class='ocrx_word' id='word_1_796' title='bbox 1331 2142 1426 2169; x_wconf 82' lang='lat' dir='ltr'>ordine</span> <span class='ocrx_word' id='word_1_797' title='bbox 1439 2141 1652 2177; x_wconf 79' lang='lat' dir='ltr'>collocabantur,</span> 
     </span>
     <span class='ocr_line' id='line_1_55' title="bbox 77 2177 1655 2218; baseline 0.002 -12"><span class='ocrx_word' id='word_1_798' title='bbox 77 2185 107 2206; x_wconf 89' lang='lat' dir='ltr'>ut</span> <span class='ocrx_word' id='word_1_799' title='bbox 128 2178 252 2215; x_wconf 78' lang='lat' dir='ltr'>cujusque</span> <span class='ocrx_word' id='word_1_800' title='bbox 273 2178 558 2215; x_wconf 70' lang='lat' dir='ltr'>dignitaspostulabat.</span> <span class='ocrx_word' id='word_1_801' title='bbox 598 2182 671 2207; x_wconf 84' lang='lat' dir='ltr'>Tum</span> <span class='ocrx_word' id='word_1_802' title='bbox 694 2182 763 2209; x_wconf 87' lang='lat' dir='ltr'>circa</span> <span class='ocrx_word' id='word_1_803' title='bbox 777 2181 923 2213; x_wconf 72' lang='lat' dir='ltr'>:edificium</span> <span class='ocrx_word' id='word_1_804' title='bbox 932 2179 995 2207; x_wconf 88' lang='lat' dir='ltr'>illud</span> <span class='ocrx_word' id='word_1_805' title='bbox 1009 2179 1195 2217; x_wconf 82' lang='lat' dir='ltr'>adequitabant</span> <span class='ocrx_word' id='word_1_806' title='bbox 1207 2177 1317 2216; x_wconf 76' lang='lat' dir='ltr'>universi</span> <span class='ocrx_word' id='word_1_807' title='bbox 1329 2179 1455 2218; x_wconf 72' lang='lat' dir='ltr'>Equestris</span> <span class='ocrx_word' id='word_1_808' title='bbox 1473 2181 1568 2207; x_wconf 64' lang='lat' dir='ltr'>ordnus</span> <span class='ocrx_word' id='word_1_809' title='bbox 1582 2190 1655 2210; x_wconf 84' lang='lat' dir='ltr'>certa</span> 
     </span>
     <span class='ocr_line' id='line_1_56' title="bbox 76 2217 1656 2256; baseline 0.002 -13"><span class='ocrx_word' id='word_1_810' title='bbox 76 2217 191 2254; x_wconf 86' lang='lat' dir='ltr'>quadam</span> <span class='ocrx_word' id='word_1_811' title='bbox 212 2217 270 2252; x_wconf 75' lang='lat' dir='ltr'>lege</span> <span class='ocrx_word' id='word_1_812' title='bbox 283 2231 288 2241; x_wconf 90' lang='lat'>:</span> <span class='ocrx_word' id='word_1_813' title='bbox 320 2226 349 2243; x_wconf 84' lang='lat' dir='ltr'>ac</span> <span class='ocrx_word' id='word_1_814' title='bbox 369 2217 472 2244; x_wconf 87' lang='lat' dir='ltr'>recursu</span> <span class='ocrx_word' id='word_1_815' title='bbox 487 2239 494 2249; x_wconf 92' lang='lat'>‚</span> <span class='ocrx_word' id='word_1_816' title='bbox 522 2226 651 2254; x_wconf 87' lang='lat' dir='ltr'>motuque</span> <span class='ocrx_word' id='word_1_817' title='bbox 672 2218 794 2246; x_wconf 73' lang='lat' dir='ltr'>Pirrichto</span> <span class='ocrx_word' id='word_1_818' title='bbox 808 2238 815 2247; x_wconf 94' lang='lat'><em>,</em></span> <span class='ocrx_word' id='word_1_819' title='bbox 836 2228 1004 2256; x_wconf 87' lang='lat' dir='ltr'>numeroque</span> <span class='ocrx_word' id='word_1_820' title='bbox 1020 2218 1047 2245; x_wconf 85' lang='lat' dir='ltr'>in</span> <span class='ocrx_word' id='word_1_821' title='bbox 1061 2217 1156 2245; x_wconf 87' lang='lat' dir='ltr'>orbem</span> <span class='ocrx_word' id='word_1_822' title='bbox 1171 2218 1338 2246; x_wconf 83' lang='lat' dir='ltr'>decurrentes</span> <span class='ocrx_word' id='word_1_823' title='bbox 1352 2229 1358 2245; x_wconf 71' lang='grc' dir='ltr'>ι</span> <span class='ocrx_word' id='word_1_824' title='bbox 1373 2218 1470 2252; x_wconf 79' lang='lat' dir='ltr'>pedites</span> <span class='ocrx_word' id='word_1_825' title='bbox 1483 2228 1589 2256; x_wconf 85' lang='lat' dir='ltr'>quoque</span> <span class='ocrx_word' id='word_1_826' title='bbox 1604 2222 1656 2247; x_wconf 36' lang='lat' dir='ltr'>cir*</span> 
     </span>
     <span class='ocr_line' id='line_1_57' title="bbox 75 2253 1654 2294; baseline 0.001 -12"><span class='ocrx_word' id='word_1_827' title='bbox 75 2263 139 2282; x_wconf 90' lang='lat' dir='ltr'>cum</span> <span class='ocrx_word' id='word_1_828' title='bbox 161 2254 247 2290; x_wconf 72' lang='lat' dir='ltr'>ipsum</span> <span class='ocrx_word' id='word_1_829' title='bbox 270 2264 366 2292; x_wconf 82' lang='lat' dir='ltr'>regum</span> <span class='ocrx_word' id='word_1_830' title='bbox 389 2265 476 2283; x_wconf 60' lang='lat' dir='ltr'>eunus</span> <span class='ocrx_word' id='word_1_831' title='bbox 489 2253 602 2284; x_wconf 79' lang='lat' dir='ltr'>urbanos</span> <span class='ocrx_word' id='word_1_832' title='bbox 617 2259 643 2285; x_wconf 80' lang='lat'>&amp;</span> <span class='ocrx_word' id='word_1_833' title='bbox 659 2257 789 2284; x_wconf 55' lang='lat' dir='ltr'>confictos</span> <span class='ocrx_word' id='word_1_834' title='bbox 803 2257 972 2294; x_wconf 82' lang='lat' dir='ltr'>peragebant.</span> <span class='ocrx_word' id='word_1_835' title='bbox 1004 2260 1099 2283; x_wconf 73' lang='lat' dir='ltr'>Cusrus</span> <span class='ocrx_word' id='word_1_836' title='bbox 1113 2257 1179 2284; x_wconf 90' lang='lat' dir='ltr'>item</span> <span class='ocrx_word' id='word_1_837' title='bbox 1194 2255 1443 2294; x_wconf 82' lang='lat' dir='ltr'>circumagebantur</span> <span class='ocrx_word' id='word_1_838' title='bbox 1458 2257 1541 2284; x_wconf 78' lang='lat' dir='ltr'>inieffi</span> <span class='ocrx_word' id='word_1_839' title='bbox 1555 2267 1654 2293; x_wconf 73' lang='lat' dir='ltr'>purpu-</span> 
     </span>
    </p>
   </div>
   <div class='ocr_carea' id='block_1_7' title="bbox 32 2292 1667 2334">
    <p class='ocr_par' dir='ltr' id='par_1_8' title="bbox 32 2292 1667 2334">
     <span class='ocr_line' id='line_1_58' title="bbox 32 2292 1667 2334; baseline 0.002 -15"><span class='ocrx_word' id='word_1_840' title='bbox 32 2305 33 2331; x_wconf 75' lang='lat' dir='ltr'>j</span> <span class='ocrx_word' id='word_1_841' title='bbox 76 2294 137 2321; x_wconf 87' lang='lat' dir='ltr'>ratis</span> <span class='ocrx_word' id='word_1_842' title='bbox 158 2292 298 2320; x_wconf 69' lang='lat' dir='ltr'>Reciordms</span> <span class='ocrx_word' id='word_1_843' title='bbox 313 2313 320 2324; x_wconf 85' lang='grc'>,</span> <span class='ocrx_word' id='word_1_844' title='bbox 349 2295 393 2330; x_wconf 91' lang='lat' dir='ltr'>qui</span> <span class='ocrx_word' id='word_1_845' title='bbox 407 2292 528 2329; x_wconf 84' lang='lat' dir='ltr'>personas</span> <span class='ocrx_word' id='word_1_846' title='bbox 543 2293 662 2322; x_wconf 85' lang='lat' dir='ltr'>ferebant</span> <span class='ocrx_word' id='word_1_847' title='bbox 679 2298 781 2322; x_wconf 69' lang='lat' dir='ltr'>Ducum</span> <span class='ocrx_word' id='word_1_848' title='bbox 793 2294 906 2322; x_wconf 73' lang='lat' dir='ltr'>omnium</span> <span class='ocrx_word' id='word_1_849' title='bbox 921 2298 1090 2321; x_wconf 69' lang='lat' dir='ltr'>Romanorum</span> <span class='ocrx_word' id='word_1_850' title='bbox 1102 2315 1111 2327; x_wconf 88' lang='lat'><em>‚</em></span> <span class='ocrx_word' id='word_1_851' title='bbox 1139 2294 1330 2334; x_wconf 73' lang='lat' dir='ltr'>Prtncipumque</span> <span class='ocrx_word' id='word_1_852' title='bbox 1343 2293 1487 2330; x_wconf 54' lang='lat' dir='ltr'>illustsium.</span> <span class='ocrx_word' id='word_1_853' title='bbox 1528 2296 1593 2331; x_wconf 58' lang='lat' dir='ltr'>Qu:</span> <span class='ocrx_word' id='word_1_854' title='bbox 1608 2294 1667 2323; x_wconf 78' lang='lat' dir='ltr'>ubi.</span> 
     </span>
    </p>
   </div>
   <div class='ocr_carea' id='block_1_8' title="bbox 77 2329 1658 2447">
    <p class='ocr_par' dir='ltr' id='par_1_9' title="bbox 77 2329 1658 2447">
     <span class='ocr_line' id='line_1_59' title="bbox 77 2329 1652 2370; baseline 0 -12"><span class='ocrx_word' id='word_1_855' title='bbox 77 2330 207 2359; x_wconf 82' lang='lat' dir='ltr'>celebrata</span> <span class='ocrx_word' id='word_1_856' title='bbox 227 2340 316 2362; x_wconf 87' lang='lat' dir='ltr'>erant,</span> <span class='ocrx_word' id='word_1_857' title='bbox 329 2331 414 2366; x_wconf 67' lang='lat' dir='ltr'>facem</span> <span class='ocrx_word' id='word_1_858' title='bbox 435 2329 552 2367; x_wconf 69' lang='lat' dir='ltr'>capiebat</span> <span class='ocrx_word' id='word_1_859' title='bbox 565 2333 675 2368; x_wconf 84' lang='lat' dir='ltr'>Imperii</span> <span class='ocrx_word' id='word_1_860' title='bbox 690 2332 831 2363; x_wconf 72' lang='lat' dir='ltr'>succelior,</span> <span class='ocrx_word' id='word_1_861' title='bbox 852 2342 966 2370; x_wconf 87' lang='lat' dir='ltr'>eamque</span> <span class='ocrx_word' id='word_1_862' title='bbox 980 2331 1146 2361; x_wconf 86' lang='lat' dir='ltr'>tabernaculo</span> <span class='ocrx_word' id='word_1_863' title='bbox 1158 2332 1321 2362; x_wconf 75' lang='lat' dir='ltr'>admovebat</span> <span class='ocrx_word' id='word_1_864' title='bbox 1334 2354 1339 2364; x_wconf 87' lang='lat'>‚</span> <span class='ocrx_word' id='word_1_865' title='bbox 1361 2340 1420 2359; x_wconf 84' lang='lat' dir='ltr'>tum</span> <span class='ocrx_word' id='word_1_866' title='bbox 1436 2332 1548 2366; x_wconf 61' lang='lat' dir='ltr'>Corgfizles</span> <span class='ocrx_word' id='word_1_867' title='bbox 1562 2335 1652 2368; x_wconf 80' lang='lat' dir='ltr'>primo</span> 
     </span>
     <span class='ocr_line' id='line_1_60' title="bbox 77 2367 1656 2438; baseline -0.001 -38"><span class='ocrx_word' id='word_1_868' title='bbox 77 2371 216 2408; x_wconf 67' lang='lat' dir='ltr'>caeterique</span> <span class='ocrx_word' id='word_1_869' title='bbox 236 2379 332 2398; x_wconf 83' lang='lat' dir='ltr'>omnes</span> <span class='ocrx_word' id='word_1_870' title='bbox 351 2367 518 2407; x_wconf 63' lang='lat' dir='ltr'>Magistratus</span> <span class='ocrx_word' id='word_1_871' title='bbox 531 2390 538 2402; x_wconf 81' lang='lat'>‚</span> <span class='ocrx_word' id='word_1_872' title='bbox 559 2371 586 2398; x_wconf 85' lang='lat'>&amp;</span> <span class='ocrx_word' id='word_1_873' title='bbox 599 2370 643 2399; x_wconf 83' lang='lat' dir='ltr'>alii</span> <span class='ocrx_word' id='word_1_874' title='bbox 657 2371 751 2399; x_wconf 87' lang='lat' dir='ltr'>ordine</span> <span class='ocrx_word' id='word_1_875' title='bbox 764 2371 881 2408; x_wconf 79' lang='lat' dir='ltr'>undique</span> <span class='ocrx_word' id='word_1_876' title='bbox 895 2371 988 2409; x_wconf 81' lang='lat' dir='ltr'>ignem</span> <span class='ocrx_word' id='word_1_877' title='bbox 994 2369 1190 2437; x_wconf 46' lang='lat' dir='ltr'>lguelijiciebant,</span> <span class='ocrx_word' id='word_1_878' title='bbox 1212 2372 1358 2409; x_wconf 61' lang='lat' dir='ltr'>cunctaque</span> <span class='ocrx_word' id='word_1_879' title='bbox 1370 2371 1441 2398; x_wconf 51' lang='lat' dir='ltr'>illico</span> <span class='ocrx_word' id='word_1_880' title='bbox 1454 2370 1599 2415; x_wconf 65' lang='lat' dir='ltr'>fomitibus</span> <span class='ocrx_word' id='word_1_881' title='bbox 1606 2372 1656 2438; x_wconf 38' lang='lat' dir='ltr'>§glis</span> 
     </span>
     <span class='ocr_line' id='line_1_61' title="bbox 1068 2419 1658 2447; baseline -0.005 -6"><span class='ocrx_word' id='word_1_882' title='bbox 1068 2420 1081 2447; x_wconf 82' lang='lat'><em>3</em></span> <span class='ocrx_word' id='word_1_883' title='bbox 1127 2444 1132 2446; x_wconf 88' lang='lat'><em>.</em></span> <span class='ocrx_word' id='word_1_884' title='bbox 1564 2419 1641 2438; x_wconf 54' lang='lat' dir='ltr'>arinis</span> <span class='ocrx_word' id='word_1_885' title='bbox 1652 2432 1658 2443; x_wconf 84' lang='lat'>‚</span> 
     </span>
    </p>
   </div>
  </div>
 </body>
</html>
