2075 2734
377 74 426 103 Dt
447 75 725 104 Ponrffmxnus
747 81 789 101 tr
810 73 1020 103 Pon-rimer:
1039 75 1203 104 Mixino.
1224 77 1306 105 CAP.
1326 73 1371 106 az}
1604 91 1655 110 221

80 120 186 159 semper
200 122 401 160 cooptatisunt‚
420 121 502 161 usque
517 123 550 150 ad
563 131 664 150 annum
678 120 760 148 Urbis
775 130 877 149 cucur.
891 130 945 158 quo
961 130 1084 158 tempore
1098 125 1136 160 Q
1147 122 1255 158 Apuleio
1270 124 1352 157 Pimfiz
1361 144 1367 155 ‚
1387 124 1414 151 &
1427 127 1468 152 M.
1479 124 1621 154 Val.Co›-oo
1629 137 1656 155 v.

81 161 155 189 Cossss
177 162 258 200 Q&
275 162 325 188 Cn.
339 159 444 199 Ogulnii
459 160 535 188 Trib.
547 160 618 196 pleb.
631 159 719 196 legem
733 158 853 186 tulerunt
868 179 875 190 ‚
903 167 932 187 ut
947 169 1074 187 numerus
1087 165 1220 198 Augurum
1235 163 1262 189 δε
1276 159 1425 199 Pontificum
1439 170 1580 200 augeretur
1592 185 1600 197 ,
1627 167 1656 194 δε

80 208 141 237 pass
153 208 249 227 eorum
263 209 296 227 ex
310 198 388 236 plebe
401 206 561 227 crearentur.
596 198 657 234 Qa
673 196 706 224 de
719 205 749 223 re
762 195 854 224 Livius
867 196 905 224 ita
919 196 1017 225 scribit.
1042 201 1103 226 Hoc
1117 208 1202 230 anno,
1221 208 1256 226 ne
1271 199 1388 236 undique
1402 200 1546 237 tranquillae
1558 211 1601 230 res
1615 202 1655 230 es-

77 236 137 265 sent
152 258 160 269 ‚
186 246 322 266 certamen
335 237 465 273 injectum
480 236 517 263 est
529 237 599 263 inter
614 233 734 269 primores
747 235 862 262 civitatis
873 255 882 266 ‚
903 234 1021 268 patricios
1035 256 1042 267 ,
1061 235 1211 275 plebejostque
1232 235 1246 264 a
1260 236 1387 264 Tn'bunis
1409 237 1478 274 pleb.
1501 240 1582 278 Q&
1597 241 1653 268 Cn.

78 274 212 312 Ogulniis.
233 277 288 314 Qii
300 276 417 311 undique
429 273 660 301 criminandorum
673 280 782 308 patrum
795 273 864 308 apud
879 271 987 308 plebem
1001 273 1181 302 occasionibus
1195 274 1322 311 quaesitis,
1340 275 1481 313 postquam
1496 276 1545 304 alia
1559 276 1654 307 frustra

80 319 182 341 tentata
202 322 292 345 erant,
313 322 373 340 eam
387 313 521 339 actionem
535 310 716 346 susceperunt,
738 319 790 347 qua
803 319 860 337 non
873 310 997 337 infimam
1012 311 1098 338 modo
1111 311 1219 347 plebem
1232 313 1424 345 accenderent,
1443 313 1487 342 sed
1500 314 1554 351 ipsa
1568 317 1654 351 capita

76 350 162 387 plebis
174 372 183 383 ,
208 351 353 386 Confialares
365 370 373 381 ‚
399 347 621 386 triumphalesque
639 347 759 384 plebejos
772 368 781 380 ‚
807 357 924 386 quorum
938 347 1084 375 honoribus
1098 349 1164 376 nihil
1176 357 1270 385 praeter
1274 350 1415 384 fiuerdotia
1429 372 1436 382 ‚
1459 361 1516 389 quae
1528 354 1652 382 nondum

76 388 230 425 Promjsgua
248 395 336 419 erant,
355 387 461 415 deeffet.
500 388 686 424 Rogationem
701 395 766 424 ergo
779 386 999 423 promulgarunt,
1020 392 1049 413 ut
1063 395 1126 413 cum
1145 396 1185 414 iv.
1197 392 1327 424 Augures,
1345 398 1383 416 iv.
1396 390 1466 416 Ponti
1486 400 1523 417 ces
1535 400 1566 418 ea
1579 399 1650 419 tem-

77 427 176 463 pestate
191 427 289 458 essent,
308 426 474 462 placeretque
487 425 577 463 augeri
588 425 748 460 firm-dotum
761 434 907 453 numerum
919 446 926 457 ,
951 433 990 451 iv.
1013 422 1139 462 Pontfices
1153 444 1160 455 ‚
1182 434 1208 451 v.
1221 430 1334 461 Augures
1347 426 1379 453 de
1392 427 1469 463 plebe
1481 438 1577 457 omnes
1591 429 1653 457 alle-

75 473 211 502 gerentur.
249 465 315 491 Eam
338 472 396 490 rem
414 464 489 499 juxta
510 472 579 501 aegre
598 463 661 499 pass‘i
677 464 765 490 Patres
778 483 786 494 ‚
815 472 896 500 quem
911 471 974 490 cum
988 463 1151 497 Confiaelatum
1166 462 1267 499 vulgari
1281 465 1403 492 viderent
1417 476 1422 492 :
1449 466 1605 495 simulabant
1618 468 1652 496 ad

77 504 151 529 Deos
164 503 191 530 id
207 502 306 539 magiS,
327 509 409 538 quam
419 502 452 529 ad
465 500 491 528 se
504 502 655 537 pertinere,
674 501 743 539 ipsos
760 500 876 533 visuros,
896 510 931 528 ne
946 499 1018 528 sacra
1031 499 1075 527 sua
1088 499 1241 536 polluantur
1255 511 1261 526 ;
1283 501 1313 528 Id
1325 501 1351 529 se
1365 511 1457 540 optare
1471 512 1577 533 tantum
1594 526 1602 538 ,
1622 508 1651 534 δε

74 549 127 577 qua
141 541 168 567 in
183 539 328 575 Rempubl.
343 539 429 568 clades
442 539 540 567 veniat.
582 540 673 568 Minus
687 547 778 568 autem
791 539 930 567 tetendere
943 559 952 570 ‚
973 538 1063 566 assueti
1075 538 1134 574 jam
1150 537 1196 565 tali
1208 547 1307 575 genere
1321 542 1500 569 certaminum
1516 544 1601 576 vinci,
1622 546 1649 572 ὃς

67 577 215 612 ι(ῖιῑῐηιτὶκιῐιῑ
228 577 390 606 adversarios
403 587 459 605 non
475 577 502 604 id
517 578 589 615 quod
604 577 671 605 olim
685 578 729 606 vix
742 577 920 614 speraverint,
940 575 1094 605 affectantes
1107 584 1220 613 magnos
1232 574 1360 604 honores:
1376 577 1419 605 sed
1435 580 1527 608 omnia
1533 581 1589 617 jam
1598 602 1606 613 ‚
1622 582 1651 609 in

75 624 191 652 quorum
205 615 280 652 spem
294 616 403 644 dubiam
418 624 474 644 erat
488 624 636 648 certatum,
655 624 746 644 tamen
759 616 870 651 adeptos
884 614 1044 650 multiplices
1056 615 1218 649 Confidatus,
1240 615 1424 653 Cenficrastque‚
1446 619 1472 645 S<
1486 617 1649 654 Triumphos‚

74 655 126 682 ὅτε.
146 654 180 681 Et
193 654 272 690 paulo
285 655 359 691 post:
379 658 484 683 Vocare
492 652 585 682 Tribus
599 663 630 682 ex
643 653 746 691 templo
759 653 872 690 populus
883 652 1007 688 jubebat,
1027 652 1220 689 apparebatque
1228 653 1311 688 accipi
1319 652 1421 690 legem:
1443 655 1485 682 ille
1493 663 1584 684 tamen
1593 658 1649 686 dies

73 691 112 719 est
125 692 310 720 intercessione
321 692 435 721 sublatus
449 703 453 719 :
473 693 575 729 postera
588 693 630 720 die
643 693 775 721 deterritis
788 689 905 718 Tribunis
919 691 1023 727 ingenti
1035 689 1162 719 consensu
1176 698 1283 726 accePta
1299 692 1343 718 est.
1370 691 1499 729 Pontifices
1510 703 1648 728 creantur,

73 728 161 757 suasor
174 730 238 767 legis
254 733 284 758 Ρ.
297 735 358 759 Dec.
372 736 446 760 Mus,
467 731 497 758 P.
508 732 602 764 Sempr.
616 731 718 764 Sophus,
739 734 769 757 C.
782 734 863 756 Marc.
876 729 998 760 Rutilius.
1021 733 1061 756 M.
1074 727 1165 756 Livius
1178 732 1290 760 Denter,
1311 731 1362 758 &a
1383 730 1423 757 lta
1435 739 1444 756 1
1455 732 1650 771 ix.Poritficum

70 776 199 795 numerus
213 769 249 796 est
264 768 360 801 faetus,
380 769 426 806 qui
435 767 516 805 usque
530 768 562 795 ad
576 772 606 795 L.
621 768 691 795 Sulla
703 767 790 795 Felms
799 767 967 796 DiEtaturam
976 766 1080 795 mansit.
1099 768 1124 794 ls
1133 767 1205 794 euim
1214 776 1276 795 cum
1284 766 1397 794 adversae
1403 768 1484 803 partis
1493 768 1651 798 rhenonibus

72 805 156 838 caefis‚
177 805 297 834 Didiator
308 808 472 835 renuntiatus
479 806 578 838 fuisset,
597 807 668 834 inter
681 805 767 840 multa
775 815 832 843 quae
843 813 886 833 aut
893 804 1046 843 abrogavit,
1067 813 1112 833 aut
1118 805 1234 837 addidit,
1255 804 1402 844 Pontificum
1409 814 1515 842 quoque
1524 809 1550 835 ὃς
1558 813 1650 845 Augu-

71 852 131 871 rum
143 843 270 882 collegium
282 845 435 881 ampliavit,
452 852 484 872 ur
499 844 581 872 essent
593 854 637 872 xv.
647 842 786 882 Pontifices,
808 845 834 871 ἃ
848 846 1027 881 xv.Augures.
1041 842 1127 869 Florus
1136 844 1206 879 Epit.
1215 845 1259 879 89.
1280 844 1319 872 Ex
1327 853 1381 881 quo
1389 843 1463 870 Sullae
1471 843 1542 883 fusto
1551 846 1649 883 duplex

71 880 157 909 faetus
170 883 206 909 est
214 881 362 921 Pontificum
368 883 444 910 ordo.
464 883 627 909 Primienim
640 893 650 910 1
658 882 759 910 ix.&ii
767 881 891 917 deinceps
898 882 978 918 quiin
986 890 1080 908 eorum
1089 881 1180 909 locum
1189 882 1309 917 cooptati
1315 881 1388 914 sunt,
1408 881 1536 921 Pontifices
1542 887 1649 919 majores

69 919 209 955 appellati,
229 920 322 957 reliqui
337 930 401 948 vero
413 930 446 948 vi
455 931 475 948 1.
488 918 594 947 minores
608 918 737 958 Pontffices
749 919 814 947 dieti
825 922 900 951 lunt,
921 928 1039 956 quorum
1051 919 1145 955 passim
1161 922 1187 947 ὅ(
1201 919 1270 955 apud
1286 926 1390 947 veteres
1400 920 1562 956 Scriptores,
1585 924 1611 950 ἃ
1620 924 1648 950 in

69 958 176 985 vetustis
191 958 328 996 Epigram.
341 959 446 988 mentio
459 957 497 986 fit.
515 957 658 987 Universus
673 955 820 994 Pontificum
827 957 1044 995 coetuscollegium
1052 957 1208 989 vocabatur,
1229 957 1462 994 quemadmodum
1477 968 1509 986 ex
1517 958 1570 986 Cic.
1586 970 1648 988 ora-

69 994 144 1023 u'one
155 996 188 1024 ad
203 997 344 1025 Pontifices
356 1007 408 1034 pro
420 998 529 1028 Domo,
550 998 577 1025 &
590 997 624 1025 de
639 997 804 1031 Har-alpicum
816 994 943 1034 responsis,
964 997 1030 1023 item
1045 1004 1078 1023 ex
1091 996 1207 1033 antiquis
1221 995 1436 1032 inscriptionibus
1450 996 1542 1033 liquet.

108 1034 151 1061 De
170 1034 335 1062 Pontificum
356 1034 509 1063 muneribus
531 1036 559 1063 &
572 1035 703 1072 dignitate
714 1033 771 1062 haec
783 1034 863 1062 tradit
875 1035 975 1071 Dionys?
986 1033 1031 1061 lib.
1042 1043 1067 1060 2.
1094 1032 1237 1071 Pontfices,
1257 1035 1359 1071 inquit,
1381 1035 1414 1061 de
1428 1036 1553 1063 omnibus
1568 1036 1648 1064 caufis

69 1072 104 1100 ad
117 1070 187 1099 sacra
201 1073 392 1108 pertinentibus
405 1074 539 1109 judicant,
559 1080 616 1100 tam
628 1073 698 1101 inter
711 1072 878 1109 magistratus
889 1071 1035 1103 sacrificos,
1055 1079 1137 1108 quam
1151 1073 1221 1100 inter
1232 1073 1352 1108 privatos
1360 1071 1498 1100 homines:
1513 1074 1647 1112 novasque

69 1109 143 1147 leges
157 1110 190 1137 de
204 1109 281 1138 sacris
293 1110 420 1140 arbitratu
433 1110 479 1138 suo
494 1111 613 1139 condunt
628 1132 636 1143 ‚
661 1110 741 1138 ficubi
754 1111 930 1138 destituuntur
942 1109 1044 1147 scriptis
1057 1109 1160 1148 legibus
1173 1121 1178 1137 z
1201 1112 1228 1139 &
1242 1109 1416 1148 magistratus,
1435 1120 1515 1146 penes
1529 1121 1595 1149 quos
1603 1123 1646 1140 ce-

69 1149 199 1176 remoniae
219 1147 278 1177 sunt
289 1169 298 1181 ‚
325 1158 356 1177 ac
367 1148 491 1176 sacrificia
503 1169 511 1179 ‚
530 1149 715 1186 ficerdotefique
729 1157 825 1175 omnes
838 1148 991 1175 examinant
1003 1159 1009 1174 ι
1028 1147 1150 1185 ministros
1163 1157 1271 1184 quoque
1284 1150 1419 1176 sacrorum
1435 1150 1461 1176 in
1475 1149 1568 1177 officio
1582 1160 1647 1178 con-

63 1187 160 1219 ·tinent
174 1206 182 1217 ‚
210 1195 244 1213 ne
264 1187 329 1222 quid
349 1194 446 1220 praeter
459 1185 580 1212 solennes
593 1186 659 1213 ritus
672 1186 769 1213 faciant
781 1205 790 1216 ‚
816 1184 830 1212 a
842 1186 957 1221 profano
970 1186 1053 1213 etiam
1067 1188 1094 1213 ὃς
1106 1186 1235 1220 imperito
1247 1187 1328 1222 vulgo
1341 1185 1514 1214 consuluntur
1526 1188 1560 1215 de
1574 1188 1647 1216 cultu

69 1226 189 1251 Deorum
203 1243 212 1254 ,
237 1232 267 1250 ac
279 1222 414 1260 geniorum
430 1243 437 1253 ,
464 1222 570 1259 aliisque
581 1222 753 1259 religionibus
767 1243 775 1254 ,
801 1223 873 1259 quod
887 1222 906 1249 fi
919 1231 1001 1259 quem
1015 1222 1228 1250 animadvertant
1237 1224 1387 1259 praescripta
1400 1222 1443 1250 sua
1455 1233 1630 1252 contemnere
1639 1247 1647 1258 ‚

71 1268 136 1288 eum
158 1259 288 1288 muletam
301 1270 352 1298 pro
362 1260 453 1288 delidti
466 1260 658 1297 magnitudine.
699 1260 751 1297 Ipfi
763 1260 858 1288 nullius
869 1261 993 1297 potestati
1004 1260 1064 1288 sunt
1078 1259 1188 1288 obnoxii
1201 1281 1209 1292 ‚
1236 1269 1286 1288 nec
1297 1269 1420 1290 tenentur
1433 1261 1465 1288 ad
1481 1263 1646 1292 reddendam

71 1298 206 1327 rationem
227 1298 269 1326 vel
281 1297 399 1333 senatui,
418 1298 460 1327 vel
473 1299 568 1332 popula.
606 1299 637 1325 Id
651 1307 734 1336 genus
749 1300 887 1333 fiicerdotes
901 1319 908 1330 ‚
934 1298 987 1325 five
1000 1297 1064 1326 fiicri
1076 1297 1183 1325 doc7ores
1196 1319 1205 1330 ‚
1224 1298 1278 1326 five
1291 1298 1424 1327 sacrarum
1438 1299 1528 1337 legum
1542 1302 1646 1329 consul-

69 1337 93 1365 ti
107 1357 115 1368 ,
137 1337 189 1364 five
193 1336 321 1370 ‚sacrorum
334 1334 438 1372 custodes
451 1336 523 1363 reete
536 1336 642 1363 dicendi
655 1337 715 1364 fiint
727 1346 733 1362 :
761 1345 813 1372 ego
825 1335 992 1371 hierophantas
1013 1336 1107 1375 nostris
1121 1335 1245 1372 appellari
1264 1337 1388 1365 dixerim.
1429 1338 1460 1364 In
1473 1338 1593 1367 defuncti
1606 1341 1646 1368 lo-

71 1384 137 1403 cum
151 1375 215 1402 alius
228 1374 294 1402 solet
307 1373 442 1411 fiibrogari
455 1395 463 1406 ‚
490 1383 545 1401 non
557 1373 650 1410 populi
662 1373 788 1411 stiffi-agiis
801 1394 809 1405 ,
833 1373 878 1401 fied
891 1374 935 1410 qui
948 1373 1044 1410 collegio
1058 1375 1178 1401 maxime
1193 1374 1311 1402 videatur
1334 1375 1444 1403 idoneus
1459 1385 1490 1404 ex
1504 1378 1581 1404 omni
1596 1388 1645 1406 nu-

69 1422 151 1440 mero
166 1423 174 1440 ι
200 1422 250 1440 nec
271 1412 317 1440 nifi
335 1412 504 1448 inauguratus
526 1412 558 1439 ad
570 1411 748 1440 sacerdotium
761 1412 922 1440 admittitur.
957 1411 1092 1439 Hadienm
1104 1411 1240 1449 Dioztytus.
1272 1413 1339 1450 Qae
1353 1413 1409 1441 fere
1422 1414 1516 1441 eadem
1531 1416 1612 1443 eiiam
1631 1415 1646 1444 a

67 1449 186 1477 Cicerone
199 1452 364 1480 referuntur,
384 1459 446 1477 cum
462 1451 489 1478 in
502 1450 623 1478 oratione
636 1459 686 1486 pro
699 1451 795 1477 Domo
809 1448 852 1476 sua
866 1449 898 1477 ad
911 1449 1055 1477 Pontifices
1068 1450 1102 1477 fic
1115 1449 1240 1487 loquitur.
1261 1450 1335 1478 Cum
1349 1452 1433 1480 mulia
1446 1453 1572 1480 divinitus
1582 1454 1645 1481 Pon-

63 1487 144 1525 t'fices
156 1487 170 1515 ὲ
183 1487 329 1523 majoribus
341 1488 434 1515 nostris
445 1488 554 1516 inventa
566 1508 574 1519 ‚
593 1495 672 1525 atque
684 1488 801 1515 instituta
814 1487 873 1516 sunt
887 1507 894 1518 ‚
915 1495 974 1515 turn
989 1487 1053 1515 nihi]
1065 1487 1226 1524 praeclarius,
1246 1497 1327 1525 quain
1341 1490 1412 1525 quod
1426 1499 1474 1516 vos
1490 1489 1598 1518 eofflem
1616 1493 1644 1520 ἃ,

63 1525 237 1562 religionibus
250 1526 372 1553 Deorum
387 1525 602 1558 immortalium,
622 1529 649 1554 ἃ
662 1525 773 1553 summae
787 1525 950 1562 Reipublicae
966 1526 1073 1561 praeesse
1087 1526 1241 1557 voluerunt,
1264 1534 1293 1553 ut
1306 1527 1458 1562 amplissimi
1472 1530 1498 1556 ’δε
1507 1527 1643 1557 clariffimi

65 1563 137 1592 cives
159 1562 344 1597 ltempublicam
359 1564 427 1592 bene
440 1565 559 1602 gerendo
574 1584 582 1595 ‚
602 1563 729 1601 Pontfices
742 1563 903 1601 religionem
916 1562 1045 1600 sapienter
1057 1563 1266 1592 administrando
1281 1583 1291 1595 ‚
1319 1565 1526 1601 Rempublicam
1540 1566 1645 1595 conser-

65 1609 170 1629 varent.
191 1601 274 1666 (Ἐζᾶ
286 1601 305 1628 fi
319 1601 374 1629 ullo
386 1610 510 1639 tempore
523 1610 621 1639 magna
631 1602 704 1630 causa
717 1603 744 1629 in
752 1603 913 1635 sacerdotum
924 1602 1015 1639 populi
1030 1603 1149 1629 Romani
1156 1602 1270 1639 judicio,
1293 1612 1323 1630 ac
1336 1604 1465 1638 potestate
1479 1603 1578 1631 versata
1592 1606 1643 1633 est:

65 1638 122 1667 haec
143 1637 220 1675 profe
249 1648 266 1666 o
286 1647 359 1668 tanta
381 1640 417 1667 est
430 1660 438 1672 ‚
460 1648 490 1668 ut
507 1641 596 1668 omnis
614 1640 776 1677 Reipublicae
795 1641 909 1678 dignitas
922 1661 930 1672 ‚
950 1641 1075 1668 omnium
1096 1640 1177 1671 salus,
1197 1641 1265 1673 vita,
1285 1640 1403 1670 libertas,
1423 1651 1484 1669 arae,
1508 1641 1576 1673 foci,
1597 1644 1654 1670 Dii<

64 1685 176 1713 penates
189 1698 197 1709 ‚
215 1676 301 1709 bona,
322 1677 455 1708 fortunae,
468 1678 617 1709 domicilia,
636 1679 727 1706 vestrae
743 1678 889 1715 sapientiae,
909 1678 985 1710 fidei,
1005 1679 1180 1715 potestatique
1199 1679 1342 1706 commista
1361 1681 1389 1707 ἃ,
1411 1679 1510 1707 credita
1532 1679 1582 1707 ess'e
1603 1682 1644 1709 vi-

64 1716 185 1743 deantur.
225 1715 258 1742 Et
276 1716 356 1751 paulo
368 1716 426 1752 post
441 1718 474 1744 ad
488 1716 634 1745 Lentulum
648 1737 656 1748 ‚
675 1726 759 1744 unum
775 1727 808 1746 ex
819 1715 976 1755 Pontificibus
988 1728 997 1743 .·
1018 1719 1059 1744 Te
1071 1716 1190 1753 appello,
1209 1718 1311 1754 inquit,
1330 1718 1451 1746 Lentule,
1474 1718 1510 1745 tui
1525 1717 1645 1746 lacerdo-

62 1755 97 1783 tii
116 1754 175 1781 lunt
191 1754 261 1788 ten-sk
274 1772 282 1782 ,
306 1753 427 1781 curricula
441 1775 449 1786 ‚
467 1753 594 1790 praecentio
607 1774 616 1784 ,
640 1754 696 1782 ludi
711 1776 718 1787 ,
743 1754 871 1783 libationes
884 1776 892 1786 ,
915 1755 1036 1794 epulisque
1054 1755 1178 1782 ludorum.
1218 1754 1326 1792 Vosque
1347 1754 1475 1793 Pontfices
1488 1775 1496 1786 ,
1523 1756 1554 1782 ad
1577 1765 1643 1793 quos

64 1792 185 1826 Epulones
196 1793 273 1829 Jovis
286 1792 395 1828 OPtimi
409 1794 523 1822 Maximi
537 1814 548 1824 ,
565 1793 583 1820 fi
597 1794 660 1830 quid
675 1794 711 1821 est
724 1793 928 1830 praetermiss'um
943 1815 950 1826 ‚
970 1801 1016 1822 aut
1030 1794 1206 1821 commissum
1215 1813 1223 1826 ,
1245 1794 1358 1821 afferunt
1372 1803 1378 1819 2
1404 1803 1521 1831 quorum
1535 1795 1569 1822 de
1583 1797 1641 1823 lens

62 1830 151 1865 >tentia
163 1828 207 1856 illa
220 1830 313 1857 eadem
327 1839 467 1863 renovata,
486 1839 566 1868 atque
577 1832 716 1859 instaurata
729 1831 908 1864 celebrantur,
928 1834 980 1861 &c.

109 1868 269 1895 Pontificum
281 1867 410 1906 collegium
422 1868 503 1906 usque
515 1870 548 1897 ad
562 1868 690 1906 Theodofii
701 1870 809 1898 senioris
821 1872 996 1908 Imperatoris
1015 1877 1140 1907 tempora
1153 1872 1252 1898 Romae
1264 1869 1322 1897 fuit.
1358 1870 1460 1907 Qibus
1474 1890 1481 1902 ,
1510 1870 1639 1908 religione

66 1904 213 1942 christiana
236 1907 328 1934 omnia
351 1907 409 1942 jam
435 1908 575 1936 obtinente
585 1928 593 1940 ,
622 1908 883 1946 Imperatoribusque
908 1911 1021 1947 antiquae
1045 1909 1221 1945 superstitioni
1240 1907 1450 1940 adversantibus,
1477 1918 1532 1936 uno
1551 1910 1639 1939 edicTto

59 1943 220 1980 fficerdotum
240 1945 364 1973 omnium
384 1946 483 1975 reditus
501 1945 565 1974 fisco
584 1945 707 1982 applicati
724 1947 792 1975 sunt.
832 1947 924 1984 Qre
941 1949 1030 1984 postea
1051 1947 1128 1983 plane
1145 1946 1216 1974 Ponti
1235 1957 1285 1978 ces,
1304 1950 1434 1983 Augures,
1454 1948 1481 1975 &
1494 1947 1589 1984 reliqui
1593 1950 1639 1982 fiz-

66 1982 175 2009 cerdotes
196 1981 254 2009 fieri
271 1983 400 2012 desierunt
412 2005 421 2018 ‚
445 1994 509 2013 cum
522 1984 649 2011 reditibus
661 1986 788 2013 omnibus
801 1986 922 2013 mulctati
935 1987 1026 2013 essent.
1056 1984 1177 2022 Zosimus.
1209 1987 1284 2012 Unus
1297 1983 1443 2022 Pontficum
1459 1987 1583 2013 omnium
1598 1986 1639 2015 su-

67 2029 178 2058 premus
191 2028 264 2050 erat,
283 2022 327 2058 qui
339 2021 473 2050 Maximus
483 2022 634 2054 dicebatur,
653 2021 668 2049 a
681 2026 768 2050 Numa
780 2024 927 2055 institutus,
948 2024 1021 2060 quod
1036 2031 1065 2051 ut
1079 2021 1207 2060 Dioqvsius
1220 2022 1316 2054 tradit,
1337 2025 1517 2052 maximarum
1530 2033 1620 2052 rerum
1630 2046 1637 2056 ‚

51 2068 126 2097 -quae
138 2058 171 2086 ad
183 2058 253 2085 sacra
267 2061 293 2087 ὅ(
305 2058 462 2096 religionem
474 2062 610 2097 pertinent
622 2080 630 2091 ,
656 2060 737 2096 judex
753 2061 815 2089 esset
828 2082 836 2094 ,
865 2065 892 2091 &
906 2062 1004 2090 vindex
1017 2062 1192 2090 contumaciae
1205 2061 1373 2097 privatorum
1389 2064 1415 2090 &
1429 2062 1639 2099 magistratuum.

66 2100 103 2127 de
123 2097 180 2132 ejus
202 2096 333 2125 creatione
348 2098 382 2125 fic
394 2097 484 2127 scribit
493 2099 563 2127 libro
576 2099 667 2135 primo
681 2099 769 2127 Livius
780 2111 787 2125 .·
814 2100 963 2128 Minoribus
978 2098 1132 2137 Pontificibus
1145 2099 1239 2126 creatis
1252 2118 1260 2130 ,
1285 2102 1376 2126 Numa
1387 2099 1529 2138 Pontificem
1542 2101 1639 2129 deinde

65 2133 217 2164 Maximum
238 2135 360 2163 Numam
375 2137 507 2165 Marcium
520 2158 529 2169 ‚
551 2139 591 2165 M.
604 2138 633 2164 F.
647 2147 679 2165 ex
694 2137 813 2166 Patribus
827 2138 906 2177 legit,
926 2139 1002 2176 eique
1017 2137 1088 2165 sacra
1100 2139 1194 2165 omnia
1208 2136 1350 2174 exscripta,
1370 2138 1552 2175 exsignataque
1565 2141 1639 2167 atti-i-

60 2174 137 2209 buit:
159 2172 253 2211 quibus
271 2172 375 2206 hostiis,
395 2174 488 2211 quihus
505 2174 612 2207 diebus,
633 2177 665 2204 ad
685 2185 742 2213 quae
760 2177 861 2213 templa
878 2176 949 2205 fiicra
968 2177 1076 2208 fierent,
1095 2183 1175 2212 atque
1193 2175 1264 2203 unde
1282 2177 1309 2202 in
1328 2184 1373 2203 eos
1391 2175 1512 2213 sumptus
1528 2180 1640 2212 pecunia

67 2218 229 2250 erogaretur.
269 2213 370 2239 Caetera
389 2220 495 2250 quoque
516 2214 609 2241 omnia
627 2213 753 2250 publica,
778 2216 932 2252 piivataque
952 2214 1021 2243 sacra
1042 2214 1176 2241 l'ontificis
1189 2213 1261 2241 scitis
1273 2212 1384 2250 subjecit
1396 2235 1403 2246 ‚
1429 2223 1459 2243 ut
1472 2214 1536 2242 esset
1548 2236 1556 2247 ,
1583 2226 1637 2252 quo

65 2250 216 2280 constiltum
231 2247 305 2286 plebs
318 2251 422 2277 veniret
434 2271 442 2282 ,
468 2261 502 2279 ne
513 2253 575 2289 quid
588 2252 673 2280 divini
683 2253 749 2289 juris
763 2253 924 2291 negligendo
936 2254 1036 2290 patrios
1048 2253 1113 2279 ritus
1126 2272 1134 2283 ,
1159 2252 1364 2289 peregrinosque
1377 2252 1538 2280 addiscendo
1550 2274 1558 2285 ,
1584 2262 1640 2281 tur-

65 2287 182 2317 baretur.
204 2288 266 2316 Nec
278 2287 395 2317 coelestes
408 2289 493 2317 modo
505 2291 685 2321 ceremonias,
706 2290 749 2318 sed
761 2291 828 2326 justa
843 2301 949 2328 quoque
964 2289 1095 2323 funebria,
1117 2290 1311 2328 placandosque
1323 2300 1429 2323 manes,
1449 2298 1478 2317 ut
1492 2291 1565 2318 idem
1577 2293 1638 2318 Pon-

65 2326 130 2363 tifex
150 2327 295 2360 edoceret,
321 2335 432 2364 quaeque
450 2328 572 2365 prodigia
588 2327 742 2356 fulminibus
756 2349 764 2360 ‚
789 2329 875 2358 aliove
902 2339 956 2367 quo
975 2329 1032 2357 viso
1052 2329 1128 2357 misia
1147 2328 1336 2365 susciperentur
1349 2350 1368 2361 ‚⁴
1382 2338 1460 2366 :itque
1479 2338 1641 2357 ctu'areiuur.

999 2369 1043 2395 Ec
1066 2378 1076 2398 2
1544 2370 1637 2396 Haere-
