2075 2734
382 93 431 122 De
452 94 516 121 Stn
530 98 733 122 ATOR13U5,
759 98 880 117 tonum
905 93 1073 120 Numnno,
1095 90 1146 118 Sec.
1186 89 1269 116 Car.
1290 98 1316 125 5.
1352 112 1358 117 .
1597 90 1657 126 489

78 152 124 190 qui
135 146 242 178 centurio
254 146 405 175 dicebatur:
424 146 470 183 qui
483 153 548 173 vero
561 143 601 171 his
614 141 755 174 omnibus,
776 151 882 169 necnon
897 144 923 170 &
938 141 1153 173 centurionibus,
1172 149 1298 179 praeerat,
1311 140 1453 177 prosedas.
1474 139 1527 168 five
1538 140 1655 170 tribunus

76 189 183 216 celerum
194 185 401 222 nuncupabatur.
422 182 570 210 Plutarchus
582 182 611 209 in
626 182 719 208 Numa
731 179 820 207 scribit
830 181 952 206 Numam
962 180 1124 216 Pompilium
1138 180 1284 208 secundum
1298 181 1403 217 Regem
1412 199 1419 210 ,
1441 179 1558 206 celerum
1573 180 1659 207 custo-

79 228 152 255 diam
166 223 330 260 deposuiffe:
352 221 423 259 quod
438 221 457 248 fi
470 221 506 248 ita
519 219 554 246 est
567 238 575 249 ‚
594 218 763 255 sequentibus
776 217 896 254 Regibus
909 238 917 248 ‚
946 228 1041 246 eorum
1058 228 1154 246 munus
1170 217 1256 246 rursus
1270 218 1419 245 institutum
1434 216 1509 244 fuiffe
1522 238 1529 249 ,
1550 218 1660 245 creden-

78 265 144 292 dum
158 263 209 294 est,
226 271 291 289 cum
306 262 386 288 etiam
401 261 428 287 in
442 258 605 294 reliquorum
621 257 729 293 Regum
744 256 805 284 vitis
818 254 924 282 celerum
940 257 1043 283 mentio
1057 257 1110 283 fiat.
1152 257 1212 283 Nos
1226 256 1356 283 Germani
1375 255 1505 291 appellare
1518 255 1655 292 poffumus

79 301 193 333 celeres,
211 299 253 327 a'ie
266 299 419 334 herfiharer:
440 295 578 324 tribunum
595 293 636 322 vel
650 294 807 332 praefectum
823 293 953 326 celerum,
975 294 1020 320 der
1034 295 1172 329 herschnrer
1186 295 1332 329 hauptman.

741 373 884 399 CAr’.
945 374 981 400 V.

100 439 153 472 De
162 435 364 484 senatoribus,
389 445 490 467 eorum
504 445 625 467 numero
635 459 644 474 ,
673 436 710 473 ὠ
723 431 864 465 lenione.-
892 434 965 465 item
979 456 988 472 ‚
1023 431 1077 476 qui
1085 430 1154 476 sitm
1167 433 1295 477 patricii
1309 433 1478 477 majorum,
1503 431 1557 477 qui
1570 432 1630 464 mi-

166 498 272 520 norum
277 485 418 532 gentium
428 485 500 530 :qui
510 491 614 532 patrer
623 480 799 530 conscripti:
809 483 876 527 quis
881 482 1022 528 princeps
1025 478 1161 524 senatus,
1173 486 1218 512 (9⁸
1227 483 1279 525 qui
1282 478 1430 523 senatores
1434 478 1568 528 pedarii.

78 560 274 621 Dicendum
288 559 345 595 jam
360 558 393 586 de
410 555 554 592 Confidibm
567 555 648 584 esset:
668 565 732 583 cum
753 563 843 584 autem
863 556 1001 593 augustum
1024 555 1133 591 Regum
1149 575 1156 586 ‚
1177 557 1204 583 δε
1221 553 1334 581 aliorum
1350 555 1431 581 etiam
1455 554 1656 591 magistratuum

168 597 304 625 consilium
321 596 401 624 fuerit
411 597 519 630 finatus
533 615 539 626 ‚
561 596 586 622 δε
600 604 633 622 ex
646 603 678 621 eo
691 594 809 631 plerique
822 615 829 625 ‚
850 595 883 621 de
897 593 991 631 quibus
1012 593 1107 620 ordine
1128 593 1229 620 dicetur
1245 613 1252 624 ‚
1273 590 1433 628 magistratus
1449 593 1528 619 creati
1543 603 1548 618 :
1568 598 1656 626 operae

76 636 195 672 pretium
209 635 316 670 videtur
329 655 336 665 ,
357 642 388 662 ut
399 634 470 670 prius
483 633 517 660 de
522 631 680 667 senatoribus
694 641 775 668 pauca
789 639 951 660 annotentur
961 653 967 663 ,
989 634 1016 660 St
1029 632 1138 668 quinam
1152 629 1285 659 candidati
1306 630 1405 658 fuerint
1418 630 1562 665 explicetur
1574 648 1582 659 ,
1603 636 1657 664 quo

78 673 151 701 fasto
163 672 195 699 ad
211 672 417 709 descriptionem
430 670 624 709 magistratuum
639 678 814 698 revertemur.

117 715 250 738 Senatores
263 711 276 738 ὲ
290 710 412 738 Romulo
423 710 543 746 primum
557 709 689 736 institutos
701 708 766 740 effe,
785 706 888 738 Livius,
908 708 925 735 l.
939 719 959 736 1.
977 706 1078 745 Dionys:
1090 708 1107 735 l.
1120 717 1141 736 r.
1157 707 1226 734 Plut.
1240 708 1266 735 in
1281 705 1413 734 Romulo.
1425 702 1657 741 aliiqueauthores

77 749 202 781 tradunt,
221 748 319 786 eosque
331 749 376 785 qui
390 757 449 776 tum
463 747 567 785 generis
579 746 769 782 amplitudine,
791 754 849 774 tum
865 747 1019 782 prudentia,
1038 755 1096 775 tum
1112 747 1194 774 etiam
1208 746 1328 773 instituto
1342 745 1402 771 vitae
1422 743 1544 770 clariores
1558 742 1655 771 essent,

78 786 178 816 eleetos
192 787 242 814 hac
256 787 366 824 quidem
379 787 494 814 ratione:
514 786 634 821 primum
649 784 703 820 ipse
718 784 839 811 Romulus
860 793 891 811 ex
905 785 1032 812 omnibus
1045 794 1129 812 unum
1143 785 1307 821 praecipuum
1322 781 1467 810 declaravit
1480 801 1486 811 ,
1509 781 1550 807 cui
1564 789 1656 807 rerum

78 825 238 852 urbanarum
254 826 379 863 regimen
392 824 590 860 committeret,
611 823 715 858 quoties
727 821 780 858 ipse
791 821 862 849 foras
875 823 1024 850 exercitum
1038 823 1160 853 duceret,
1180 822 1278 849 deinde
1289 821 1362 857 jussit
1376 818 1471 846 tribum
1484 826 1658 853 unamquam-

79 872 131 899 que
146 869 198 891 tres
210 865 280 891 viros
292 862 416 900 seligere,
436 863 481 898 qui
496 870 543 897 per
555 866 661 887 aetatem
677 861 796 887 maxime
811 859 944 895 saperent,
965 862 991 888 ὃς
1006 869 1104 897 genere
1117 859 1309 899 praecellerent:
1330 859 1388 894 post
1401 857 1450 885 hos
1467 866 1507 884 ix.
1523 855 1661 882 mandarit

79 899 186 938 ‘lingulis
199 902 290 932 curiis,
310 908 340 928 ut
357 900 370 928 ὲ
378 899 492 935 patriciis
506 906 596 927 ternos
614 897 757 935 eligerent,
778 899 897 925 maxime
911 898 1040 931 idoneos,
1061 898 1223 936 adjeetisque
1234 898 1267 925 ad
1280 895 1339 924 illos
1358 907 1398 924 ix.
1417 904 1484 932 quos
1497 892 1578 921 tribus
1592 891 1662 929 lege-

79 946 157 970 rant,
177 937 217 966 his
230 939 376 976 nonaginta
389 959 396 970 ,
419 940 446 966 &
460 936 585 965 omnibus
593 936 721 971 praefceto
735 936 803 964 duce
816 957 824 968 ,
845 945 927 973 quem
942 936 996 972 ipse
1009 936 1169 968 secreverat,
1189 935 1372 964 centenarium
1387 933 1504 971 explevit
1508 933 1661 966 senatorum

78 986 229 1004 numerum:
249 977 291 1005 vel
304 977 364 1014 quia
377 986 440 1003 eum
455 983 602 1003 numerum
618 973 677 1002 satis
692 974 744 1001 effe
757 982 877 1011 putaret,
897 974 939 1002 vel
952 976 1014 1011 quia
1025 985 1049 1003 c.
1065 982 1172 1003 tantum
1187 984 1219 1002 ex
1232 973 1276 1001 illa
1290 972 1462 1001 multitudine
1476 970 1559 998 creari
1572 976 1660 1006 patres

77 1013 190 1050 pollent.
229 1017 291 1043 Hoc
306 1013 469 1053 coffstorium
482 1013 535 1041 five
555 1010 682 1040 concilium
696 1033 703 1043 ,
720 1013 842 1047 ftnmum
862 1012 1002 1049 appellavit
1018 1034 1025 1044 ,
1045 1013 1078 1040 de
1094 1022 1147 1050 quo
1160 1012 1268 1049 postea:
1289 1010 1357 1047 ipios
1374 1017 1464 1038 autem
1479 1029 1487 1040 ,
1515 1008 1561 1045 qui
1582 1006 1659 1034 electi

76 1051 161 1080 effent
172 1053 300 1087 senatores
319 1054 345 1081 ὃς
365 1061 460 1090 patres.
499 1055 630 1078 Senatores
649 1050 776 1087 quidem,
796 1050 838 1079 vel
858 1060 968 1088 proprer
986 1058 1094 1079 aetatem
1114 1060 1223 1081 eorum,
1243 1049 1286 1076 vel
1305 1056 1416 1085 propter
1435 1049 1580 1077 virtutem,
1602 1045 1663 1082 quia

75 1089 155 1126 prisci
175 1091 247 1117 viros
265 1098 341 1119 aetate
360 1094 386 1119 ὃς
406 1092 505 1118 virtute
524 1089 673 1126 praestantes
699 1087 790 1116 senum
811 1089 987 1126 appellatione
1006 1089 1182 1117 honorarunt.
1221 1090 1310 1115 Patres
1334 1094 1425 1114 autem
1440 1107 1447 1117 ‚
1479 1084 1521 1111 vel
1540 1084 1612 1121 quod
1634 1082 1662 1110 hi

77 1126 180 1159 solum,
200 1129 245 1165 qui
265 1128 380 1166 legitimi
400 1137 487 1164 patres
506 1127 602 1158 essent,
624 1127 724 1159 creari,
740 1126 783 1155 vel
804 1127 875 1163 quod
895 1127 932 1155 illi
951 1136 1038 1163 patres
1059 1127 1118 1154 suos
1137 1126 1274 1155 ostendere
1292 1124 1410 1162 possent,
1431 1123 1503 1161 quod
1520 1132 1575 1150 non
1591 1120 1676 1148 mul->

80 1166 114 1193 tis
136 1167 250 1203 contigit
267 1177 300 1195 ex
320 1167 413 1202 primis
432 1166 482 1193 illis
501 1166 627 1193 advenis:
656 1164 698 1192 vel
717 1163 730 1191 ὲ
749 1166 898 1202 patrocinio
917 1165 969 1193 hoc
988 1166 1107 1193 nominis
1126 1171 1283 1202 acceperunt
1298 1184 1305 1195 ‚
1331 1162 1372 1190 vel
1391 1163 1474 1189 etiam
1489 1182 1496 1193 ,
1524 1161 1595 1197 quod
1609 1161 1663 1195 pri-

82 1213 175 1231 mores
194 1205 222 1232 δ’.
240 1212 363 1240 potentes
381 1205 440 1232 illos
458 1210 596 1240 oporteret
614 1209 726 1238 paterno
746 1202 838 1229 officio
857 1205 884 1231 ὃ(
905 1203 1068 1240 indulgentia
1086 1203 1261 1231 humiliorum
1282 1199 1385 1229 causam
1400 1220 1408 1231 ,
1435 1200 1463 1227 in
1484 1199 1566 1226 fidem
1585 1198 1661 1225 suam

81 1250 227 1278 curamque
241 1241 369 1278 suscipere
384 1263 391 1272 .
411 1242 537 1278 quodque
551 1241 638 1268 caeteri
653 1240 829 1268 edocerentur
841 1261 849 1272 ‚
872 1248 901 1268 ut
914 1241 1043 1268 tutiorem
1058 1241 1104 1268 fibi
1119 1242 1202 1269 vitam
1223 1241 1251 1267 in
1264 1248 1361 1266 eorum
1378 1237 1500 1275 praesidio
1515 1237 1660 1263 vivendum

80 1279 236 1310 statuerent,
257 1289 343 1316 neque
354 1279 448 1316 quibus
459 1280 559 1306 virtute
572 1278 698 1305 cederent
713 1299 720 1310 ‚
740 1287 833 1305 eorum
848 1278 950 1305 honore
965 1287 1126 1316 augerentur
1138 1300 1145 1310 ,
1167 1278 1211 1306 sed
1227 1277 1359 1305 benevolo
1377 1279 1404 1304 ὃς
1419 1276 1509 1302 amico
1526 1275 1618 1301 animo
1634 1275 1662 1300 in

81 1325 127 1343 eos
142 1316 245 1348 forent,
260 1318 394 1355 patresque
405 1317 464 1344 illos
479 1316 588 1344 honoris
599 1317 683 1353 gratia
697 1318 723 1344 ἃ
738 1315 912 1352 appellarent,
934 1318 961 1344 ἃ
976 1318 1026 1344 effe
1040 1318 1220 1353 opinarentur.
1246 1315 1345 1350 Βίων-[ἶ
1358 1313 1416 1341 Liv.
1433 1312 1561 1340 Plutarch.
1576 1311 1663 1346 Festus

80 1354 133 1385 ait,
155 1364 200 1382 eos
209 1363 294 1388 patres
308 1356 394 1383 diCtos
408 1355 496 1386 fuisse,
517 1355 561 1391 qui
576 1363 702 1390 agrorum
717 1362 805 1389 partes
820 1353 989 1382 attribuerint
1004 1355 1168 1382 tenuioribus
1182 1375 1189 1386 ‚
1209 1364 1239 1382 ac
1254 1353 1272 1380 fi
1286 1353 1372 1380 liberis
1389 1352 1513 1388 propriis.
1548 1353 1613 1378 Haec
1627 1351 1661 1378 de

79 1392 356 1427 pximisfinatoribus,
376 1402 492 1430 quorum
506 1401 615 1421 centum
631 1391 744 1419 fuerunt.
787 1392 887 1419 Audias
899 1400 988 1420 autem
1001 1392 1044 1421 hic
1061 1402 1187 1421 numerus
1201 1402 1257 1419 non
1273 1391 1362 1417 multo
1375 1390 1431 1426 post
1446 1389 1511 1421 fuit,
1533 1388 1661 1416 confefflo

79 1430 149 1457 bello
163 1430 268 1458 Sabinu.
308 1432 380 1458 Cum
396 1432 470 1458 enim
483 1429 646 1458 Sabinorum,
666 1430 824 1463 Etruftorum
838 1449 846 1459 ‚
866 1431 893 1458 &
908 1430 1020 1458 aliorum
1037 1431 1121 1458 indies
1142 1431 1174 1458 ad
1190 1429 1291 1465 asylum
1309 1428 1524 1465 confugientium
1545 1427 1661 1454 adventu

82 1467 154 1495 Urbs
169 1468 244 1495 valde
257 1468 394 1500 crevisset,
415 1468 512 1505 eosque
525 1467 646 1495 Romulus
659 1468 687 1494 in
703 1467 838 1494 civitatem
854 1477 929 1504 aequo
944 1469 1003 1503 jure
1017 1468 1164 1504 suscepiss‘et
1178 1490 1184 1500 ,
1205 1477 1283 1505 atque
1296 1468 1323 1494 in
1335 1470 1470 1496 Lucerum,
1492 1463 1661 1498 Tatienfium-

80 1515 130 1545 que
144 1506 227 1534 tribus
241 1506 405 1542 conjecisset:
426 1506 524 1542 placuit
538 1505 642 1532 Romulo
657 1525 665 1534 ,
686 1507 712 1533 ἃ
727 1505 802 1532 Tatio
814 1525 821 1534 ,
842 1515 922 1542 quem
938 1506 993 1542 ipse
1006 1506 1085 1542 paulo
1099 1515 1160 1534 ante
1173 1506 1274 1534 vietum
1284 1526 1292 1537 ‚
1312 1506 1339 1532 in
1354 1503 1507 1530 societatem
1521 1503 1598 1538 regni
1608 1504 1664 1528 Ro-

83 1545 156 1571 mani
171 1544 333 1576 adsciverat,
352 1552 382 1572 ut
390 1543 555 1578 patriciorum
568 1543 703 1580 duplicato
717 1552 846 1576 numero,
858 1545 1006 1577 sturnorum
1024 1554 1131 1581 quoque
1144 1553 1272 1572 numerus
1285 1548 1433 1579 augeretur.
1467 1540 1506 1567 Ex
1517 1539 1662 1567 illustriori-

82 1580 132 1607 bus
146 1581 228 1617 igitur
242 1581 349 1609 familiis
362 1582 433 1610 viros
447 1589 556 1610 centum
570 1583 703 1610 curiarum
720 1580 847 1618 suffragiis
861 1581 1020 1619 deligentes,
1040 1584 1068 1610 in
1082 1592 1166 1617 patres
1179 1589 1339 1618 cooptarunt
1348 1601 1356 1611 ,
1378 1582 1405 1607 ἃ
1418 1577 1549 1606 veteribus
1561 1578 1661 1610 senato-

79 1617 147 1644 ribus
160 1618 362 1654 adscripserunt:
382 1627 461 1656 atque
474 1620 522 1646 hac
532 1620 635 1647 ratione
639 1621 787 1654 senatorum
801 1629 946 1647 numerum
960 1621 992 1648 ad
1007 1621 1136 1649 ducentos
1150 1628 1285 1648 auxerunt,
1306 1619 1406 1653 Dronyfi
1417 1617 1433 1645 l.
1444 1627 1467 1644 2.
1490 1617 1586 1652 Neque
1595 1625 1659 1644 vero

79 1655 124 1683 hic
139 1665 266 1684 numerus
282 1665 398 1685 retentus
413 1658 459 1684 diu
472 1657 529 1684 fuit.
548 1656 704 1695 Tarquinius
720 1657 792 1684 enim
809 1657 904 1692 Priscus
918 1677 926 1687 ‚
947 1668 1012 1687 mox
1028 1666 1057 1686 ut
1068 1660 1248 1696 principatum
1263 1657 1365 1693 accepit
1377 1677 1384 1688 ,
1411 1656 1443 1683 ad
1458 1654 1658 1682 conciliandum

81 1693 129 1721 fibi
142 1694 224 1730 plebis
239 1693 359 1722 favorem
373 1694 482 1723 selestos
494 1715 503 1727 ,
524 1704 556 1722 ex
568 1696 645 1722 omni
659 1694 827 1732 plebejorum
851 1705 967 1724 numero
986 1698 1058 1724 viros
1078 1706 1186 1726 centum
1207 1696 1328 1733 speetatae
1349 1693 1390 1721 vel
1410 1691 1573 1721 fortitudinis
1586 1712 1593 1723 ,
1614 1691 1658 1720 vel

79 1732 228 1768 prudentiae
240 1752 248 1763 ,
273 1733 300 1760 in
308 1732 472 1767 patriciorum
485 1733 576 1768 primo
589 1732 695 1760 allectos
709 1733 834 1760 ordinem
848 1755 855 1766 ‚
877 1743 983 1768 patrum
1005 1735 1086 1763 etiam
1107 1735 1241 1770 adscriplit
1256 1742 1371 1761 numero
1386 1742 1391 1758 :
1418 1741 1448 1759 ac
1461 1738 1519 1757 tum
1534 1730 1658 1766 primum

82 1770 174 1798 Roma
188 1778 322 1798 trecentos
336 1770 442 1802 habuit,
461 1772 506 1806 qui
520 1771 628 1799 ducenti
641 1779 702 1798 ante
718 1770 833 1800 fuerant.
857 1771 962 1808 Dionys?
972 1772 1019 1802 lib.
1035 1783 1060 1810 3.
1080 1775 1134 1802 Hic
1146 1782 1273 1801 numerus
1285 1771 1373 1807 postea
1387 1768 1536 1806 aliquandiu
1553 1767 1659 1796 manfir.

82 1808 156 1848 Nam
171 1808 244 1845 quod
259 1808 356 1845 legitur
369 1809 403 1836 de
416 1812 447 1835 L.
461 1807 548 1844 Junio
562 1811 658 1840 Bruto,
679 1811 706 1836 ὃς
720 1812 752 1834 Ρ.
767 1809 864 1837 Valerio
874 1811 994 1844 l‘oplzcola
1007 1832 1015 1840 .
1037 1812 1109 1848 quod
1126 1812 1274 1848 praecipuos
1294 1819 1325 1836 ex
1338 1807 1415 1846 plebe
1426 1807 1561 1843 allegerint
1575 1807 1602 1833 in
1609 1815 1658 1839 pa-

81 1845 209 1873 xrniorum
224 1848 347 1874 ordinem
357 1867 363 1877 ,
386 1849 412 1874 8<
426 1855 458 1873 ex
467 1846 508 1874 his
518 1845 637 1874 senatum
651 1846 665 1873 a
678 1845 816 1884 Tarquinio
830 1848 933 1882 Superbo
947 1848 1059 1876 caedibus
1074 1851 1101 1878 &
1115 1848 1308 1885 expulsionibus
1328 1847 1505 1874 imminutum
1520 1865 1529 1876 ,
1556 1843 1658 1881 supple-

82 1885 184 1914 verint,
205 1885 224 1911 ii
236 1894 378 1912 numerum
393 1891 513 1912 veterem
529 1894 582 1911 non
593 1893 738 1915 auxerunt,
758 1884 802 1912 sed
815 1893 920 1913 tanturn
933 1887 1100 1914 diminutum
1112 1887 1308 1924 suppleverunt.
1336 1887 1434 1920 Longo
1446 1891 1572 1919 tempore
1584 1883 1658 1918 post.

82 1921 98 1949 ὲ
113 1924 145 1947 C.
156 1922 260 1948 Graccho
274 1922 335 1949 trib.
349 1922 419 1958 pleb.
437 1923 536 1950 aneetis
549 1932 581 1949 ex
595 1923 706 1959 equestri
726 1924 821 1951 ordine
835 1925 962 1952 trecentis
971 1945 977 1954 ‚
987 1923 1235 1958 ftxcmztiftnatores
1248 1925 1308 1960 lege
1317 1920 1516 1959 primumbfaeti
1529 1920 1588 1948 sunt
1597 1941 1604 1952 ,
1619 1927 1658 1949 te-

83 1958 165 1986 stibus
178 1958 306 1989 Plutarch.
318 1961 346 1987 in
361 1962 438 1988 Grac.
453 1963 479 1990 δε
495 1960 580 1992 floro,
600 1962 664 1996 epit.
677 1960 723 1987 lib.
732 1963 776 1989 60.
791 1963 835 1997 qui
850 1970 942 1989 tamen
956 1961 1094 1988 sexcentos
1106 1964 1209 1998 equites
1214 1960 1371 1995 finitoribus
1385 1960 1489 1987 additos
1508 1958 1583 1986 fuiffe
1595 1959 1657 1986 ieri-

82 1996 131 2024 bit.
150 1999 254 2024 Verum
269 1996 322 2024 haec
336 1998 375 2025 lex
389 2005 433 2026 aut
446 1997 460 2026 ὲ
473 1998 573 2035 populo
586 1998 720 2035 antiquata
729 2018 736 2030 ,
756 2007 800 2026 aut
813 2009 868 2027 non
882 2001 918 2027 ita
932 1999 1021 2027 multo
1034 1999 1092 2034 post
1105 1999 1232 2036 abrogata
1247 1998 1297 2026 esse
1310 1999 1416 2026 videtur
1428 2018 1436 2029 ,
1455 2006 1518 2024 cum
1534 1997 1628 2024 eadem
1641 1996 1656 2024 Ξι

83 2039 124 2062 M.
138 2035 218 2068 Druso
233 2034 292 2063 trib.
308 2035 377 2071 pleb.
389 2035 421 2063 sit
433 2036 528 2067 relata,
548 2044 577 2063 ut
593 2037 628 2064 est
642 2036 710 2072 apud
725 2035 870 2071 Appianum
884 2037 927 2064 lib.
942 2046 966 2064 1.
979 2036 1060 2064 bellor.
1075 2035 1141 2064 civil.
1180 2037 1229 2065 Sed
1245 2039 1271 2065 &
1284 2036 1326 2064 illa
1338 2035 1393 2068 lex,
1413 2044 1465 2063 una
1479 2045 1541 2063 cum
1557 2035 1657 2063 caeteris

83 2073 201 2111 Lil'lanis
214 2072 322 2107 Phihppo
335 2073 438 2108 Conficle
450 2075 598 2107 referente,
617 2084 672 2102 uno
689 2076 714 2101 S.
729 2075 760 2101 C.
777 2073 874 2103 sublata
888 2074 946 2103 fuit.
988 2074 1066 2102 Faeta
1082 2076 1162 2111 etiam
1179 2074 1260 2102 lectio
1273 2075 1378 2109 senatus
1391 2075 1428 2102 est
1442 2095 1449 2106 ‚
1475 2074 1540 2101 teste
1551 2072 1654 2100 ibidem

82 2115 193 2144 Appmno
208 2111 239 2137 L.
252 2111 335 2138 Corn.
349 2112 417 2138 Sulla
429 2133 437 2144 ,
460 2113 579 2149 anto
595 2112 726 2148 Pompejo
742 2111 817 2140 Rufo
831 2113 903 2140 Coss.
924 2113 964 2140 Ita
977 2114 1050 2140 enim
1065 2113 1155 2146 ‚scribit
1168 2134 1177 2145 ,
1197 2123 1243 2141 eos
1258 2112 1385 2141 Coniules
1402 2113 1429 2140 in
1432 2113 1555 2147 finarum
1565 2132 1574 2143 1
1595 2119 1656 2139 tum

82 2149 204 2175 maxime
217 2156 328 2185 propter
340 2148 544 2188 infrequentiam
560 2150 789 2178 contemnendum
805 2172 812 2183 ,
833 2159 969 2178 trecentos
985 2161 1017 2178 ex
1032 2144 1206 2187 optimatibus
1221 2150 1310 2189 legiffe
1324 2162 1329 2178 :
1355 2160 1435 2187 quam
1452 2159 1543 2177 tamen
1562 2149 1657 2176 1εᾶῐο-

83 2195 149 2228 nem
169 2195 224 2213 non
244 2186 258 2228 ᾇ
277 2185 493 2226 Consulum-sed
514 2190 528 2215 a
546 2187 677 2223 censoribus
697 2189 741 2225 qui
761 2196 822 2217 tum
844 2188 950 2217 fuerunt
963 2210 970 2219 ,
990 2193 1023 2215 L.
1044 2189 1112 2221 Julio
1130 2191 1223 2224 Caefizre
1243 2192 1269 2218 &
1289 2193 1320 2216 Ρ.
1337 2187 1432 2216 Licinio
1453 2188 1537 2226 Crasso
1556 2188 1656 2216 factam

83 2223 160 2251 fuiffe
171 2245 180 2256 ‚
211 2233 335 2261 opinatur
358 2227 487 2264 Sigonius·
505 2225 518 2260 [
531 2224 592 2265 libro
610 2236 634 2254 2.
660 2228 691 2254 de
715 2226 820 2265 antiquo
838 2229 898 2262 jure
921 2226 1015 2254 avium
1041 2231 1210 2254 Romanorum
1235 2237 1286 2262 cap.
1313 2236 1338 2253 2.
1374 2225 1504 2265 Dionffim
1528 2227 1591 2254 libro
1610 2236 1628 2260 4
1633 2234 1658 2260 3.

86 2261 128 2295 <65
148 2271 194 2297 52.
221 2271 343 2289 extremo.
384 2266 518 2290 Suetonius
543 2273 570 2289 m
589 2264 702 2302 Augusto
715 2285 722 2296 ,
753 2275 804 2301 cap.
826 2275 869 2302 35.
903 2265 971 2292 idem
990 2264 1040 2292 Dio
1058 2264 1117 2292 libro
1141 2267 1209 2302 54]
1250 2266 1328 2294 Idem
1348 2261 1440 2293 etiam*
1449 2264 1580 2300 Appianas
1601 2272 1659 2290 me-

87 2301 181 2343 moriae
206 2301 325 2335 prodidit
340 2321 347 2332 ,
376 2300 461 2336 ipsum
485 2300 584 2327 Sullam
603 2303 772 2330 Distatorem
790 2304 911 2338 senalum
936 2302 1090 2331 exhaustum
1114 2305 1240 2332 trecentis
1263 2303 1426 2341 principibus
1458 2304 1583 2341 equestris
1615 2310 1660 2328 or-

89 2337 158 2367 dinis
181 2337 256 2368 lectis
270 2359 279 2371 ,
319 2338 383 2367 dato
407 2337 527 2367 tribubus
551 2338 585 2367 de
610 2340 716 2378 singulis
746 2341 869 2380 suffragio
881 2362 889 2375 ‚
928 2340 1091 2380 supplevisse.
1151 2344 1311 2381 Qanquam
1337 2351 1429 2371 autem
1460 2343 1538 2371 certis
1564 2340 1663 2369 Sullani

1001 2381 1056 2418 αἳ
1064 2389 1081 2418 q
1586 2379 1664 2413 =,li-‘na-
