<?xml version="1.0" encoding="UTF-8"?>
<!DOCTYPE html PUBLIC "-//W3C//DTD XHTML 1.0 Transitional//EN"
    "http://www.w3.org/TR/xhtml1/DTD/xhtml1-transitional.dtd">
<html xmlns="http://www.w3.org/1999/xhtml" xml:lang="en" lang="en">
 <head>
  <title>
</title>
<meta http-equiv="Content-Type" content="text/html;charset=utf-8" />
  <meta name='ocr-system' content='tesseract 3.04.00' />
  <meta name='ocr-capabilities' content='ocr_page ocr_carea ocr_par ocr_line ocrx_word'/>
</head>
<body>
  <div class='ocr_page' id='page_1' title='image "./johannisrosinian00rosi/johannisrosinian00rosi_0771.png"; bbox 0 0 2075 2734; ppageno 0'>
   <div class='ocr_carea' id='block_1_1' title="bbox 171 0 378 18">
    <p class='ocr_par' dir='ltr' id='par_1_1' title="bbox 171 0 378 18">
     <span class='ocr_line' id='line_1_1' title="bbox 171 0 378 18; baseline 0 -8"><span class='ocrx_word' id='word_1_1' title='bbox 171 0 273 18; x_wconf 61' lang='lat'>&#39;³·&#39;&#39;3⁷⁹&#39;⁷⁴</span> <span class='ocrx_word' id='word_1_2' title='bbox 306 0 308 2; x_wconf 96' lang='lat'>·</span> <span class='ocrx_word' id='word_1_3' title='bbox 341 0 378 10; x_wconf 73' lang='lat'>=-.</span> 
     </span>
    </p>
   </div>
   <div class='ocr_carea' id='block_1_2' title="bbox 811 74 823 83">
    <p class='ocr_par' dir='ltr' id='par_1_2' title="bbox 811 74 823 83">
     <span class='ocr_line' id='line_1_2' title="bbox 811 74 823 83; baseline 0 0"><span class='ocrx_word' id='word_1_4' title='bbox 811 74 823 83; x_wconf 71' lang='lat' dir='ltr'><em>a</em></span> 
     </span>
    </p>
   </div>
   <div class='ocr_carea' id='block_1_3' title="bbox 300 118 1691 166">
    <p class='ocr_par' dir='ltr' id='par_1_3' title="bbox 300 118 1691 166">
     <span class='ocr_line' id='line_1_3' title="bbox 300 118 1691 166; baseline 0.002 -18"><span class='ocrx_word' id='word_1_5' title='bbox 300 119 352 148; x_wconf 78' lang='lat' dir='ltr'>De</span> <span class='ocrx_word' id='word_1_6' title='bbox 372 120 616 150; x_wconf 65' lang='lat' dir='ltr'>Evocarione</span> <span class='ocrx_word' id='word_1_7' title='bbox 636 119 794 148; x_wconf 62' lang='lat' dir='ltr'>Deorum</span> <span class='ocrx_word' id='word_1_8' title='bbox 814 125 1082 149; x_wconf 72' lang='lat' dir='ltr'>T.u·rzLAR1uM‚</span> <span class='ocrx_word' id='word_1_9' title='bbox 1102 119 1155 147; x_wconf 81' lang='lat' dir='ltr'>&amp;c-</span> <span class='ocrx_word' id='word_1_10' title='bbox 1196 118 1279 148; x_wconf 64' lang='lat' dir='ltr'>Car.</span> <span class='ocrx_word' id='word_1_11' title='bbox 1303 122 1343 150; x_wconf 88' lang='lat'>18.</span> <span class='ocrx_word' id='word_1_12' title='bbox 1365 123 1391 151; x_wconf 75' lang='grc' dir='ltr'>ὅ(</span> <span class='ocrx_word' id='word_1_13' title='bbox 1415 125 1457 159; x_wconf 72' lang='grc' dir='ltr'>ι9ῑ</span> <span class='ocrx_word' id='word_1_14' title='bbox 1637 135 1691 166; x_wconf 77' lang='lat'>737</span> 
     </span>
    </p>
   </div>
   <div class='ocr_carea' id='block_1_4' title="bbox 101 167 1690 474">
    <p class='ocr_par' dir='ltr' id='par_1_4' title="bbox 105 167 1690 245">
     <span class='ocr_line' id='line_1_4' title="bbox 105 167 1690 211; baseline 0.003 -11"><span class='ocrx_word' id='word_1_15' title='bbox 105 172 120 208; x_wconf 68' lang='grc'><em>1</em></span> <span class='ocrx_word' id='word_1_16' title='bbox 128 172 184 200; x_wconf 64' lang='lat' dir='ltr'>istu</span> <span class='ocrx_word' id='word_1_17' title='bbox 198 169 270 199; x_wconf 87' lang='lat' dir='ltr'>enim</span> <span class='ocrx_word' id='word_1_18' title='bbox 283 169 415 205; x_wconf 86' lang='lat' dir='ltr'>rapidiore</span> <span class='ocrx_word' id='word_1_19' title='bbox 427 170 610 208; x_wconf 80' lang='lat' dir='ltr'>extinguitur)</span> <span class='ocrx_word' id='word_1_20' title='bbox 629 168 731 198; x_wconf 86' lang='lat' dir='ltr'>haeserit</span> <span class='ocrx_word' id='word_1_21' title='bbox 746 167 872 206; x_wconf 85' lang='lat' dir='ltr'>usquam,</span> <span class='ocrx_word' id='word_1_22' title='bbox 892 167 1022 195; x_wconf 84' lang='lat' dir='ltr'>tenaciter</span> <span class='ocrx_word' id='word_1_23' title='bbox 1037 176 1155 197; x_wconf 82' lang='lat' dir='ltr'>cremat:</span> <span class='ocrx_word' id='word_1_24' title='bbox 1175 170 1300 209; x_wconf 80' lang='lat' dir='ltr'>aquisque</span> <span class='ocrx_word' id='word_1_25' title='bbox 1314 172 1450 211; x_wconf 64' lang='lat' dir='ltr'>conspersa</span> <span class='ocrx_word' id='word_1_26' title='bbox 1465 172 1580 204; x_wconf 70' lang='lat' dir='ltr'>acriores</span> <span class='ocrx_word' id='word_1_27' title='bbox 1591 178 1690 208; x_wconf 76' lang='lat' dir='ltr'>excitat</span> 
     </span>
     <span class='ocr_line' id='line_1_5' title="bbox 106 206 1228 245; baseline -0.002 -8"><span class='ocrx_word' id='word_1_28' title='bbox 106 211 180 239; x_wconf 67' lang='lat' dir='ltr'>:estus</span> <span class='ocrx_word' id='word_1_29' title='bbox 193 209 395 241; x_wconf 72' lang='lat' dir='ltr'>incendiorum,</span> <span class='ocrx_word' id='word_1_30' title='bbox 415 218 465 236; x_wconf 90' lang='lat' dir='ltr'>nec</span> <span class='ocrx_word' id='word_1_31' title='bbox 476 208 599 235; x_wconf 87' lang='lat' dir='ltr'>remedio</span> <span class='ocrx_word' id='word_1_32' title='bbox 613 207 668 235; x_wconf 89' lang='lat' dir='ltr'>ullo</span> <span class='ocrx_word' id='word_1_33' title='bbox 682 217 763 244; x_wconf 86' lang='lat' dir='ltr'>quam</span> <span class='ocrx_word' id='word_1_34' title='bbox 778 206 928 242; x_wconf 67' lang='lat' dir='ltr'>mperjaffl»</span> <span class='ocrx_word' id='word_1_35' title='bbox 946 206 1054 240; x_wconf 91' lang='lat' dir='ltr'>pulvere</span> <span class='ocrx_word' id='word_1_36' title='bbox 1067 206 1228 245; x_wconf 84' lang='lat' dir='ltr'>consopitur.</span> 
     </span>
    </p>

    <p class='ocr_par' dir='ltr' id='par_1_5' title="bbox 101 243 1689 397">
     <span class='ocr_line' id='line_1_6' title="bbox 143 243 1689 287; baseline 0.003 -14"><span class='ocrx_word' id='word_1_37' title='bbox 143 250 186 275; x_wconf 90' lang='lat' dir='ltr'>De</span> <span class='ocrx_word' id='word_1_38' title='bbox 194 245 302 283; x_wconf 70' lang='lat' dir='ltr'>saltibus</span> <span class='ocrx_word' id='word_1_39' title='bbox 316 245 455 274; x_wconf 72' lang='lat' dir='ltr'>muralibus</span> <span class='ocrx_word' id='word_1_40' title='bbox 468 247 505 274; x_wconf 83' lang='lat' dir='ltr'>ita</span> <span class='ocrx_word' id='word_1_41' title='bbox 519 244 634 282; x_wconf 78' lang='lat' dir='ltr'>Vegetim</span> <span class='ocrx_word' id='word_1_42' title='bbox 648 244 693 272; x_wconf 87' lang='lat' dir='ltr'>lib.</span> <span class='ocrx_word' id='word_1_43' title='bbox 708 255 736 281; x_wconf 88' lang='lat'>4.</span> <span class='ocrx_word' id='word_1_44' title='bbox 756 246 799 272; x_wconf 87' lang='lat' dir='ltr'>De</span> <span class='ocrx_word' id='word_1_45' title='bbox 816 244 926 271; x_wconf 84' lang='lat' dir='ltr'>materia</span> <span class='ocrx_word' id='word_1_46' title='bbox 946 245 971 271; x_wconf 73' lang='grc' dir='ltr'>δε</span> <span class='ocrx_word' id='word_1_47' title='bbox 988 243 1112 285; x_wconf 69' lang='lat' dir='ltr'>tabulatis</span> <span class='ocrx_word' id='word_1_48' title='bbox 1131 246 1235 274; x_wconf 87' lang='lat' dir='ltr'>testudo</span> <span class='ocrx_word' id='word_1_49' title='bbox 1251 250 1402 277; x_wconf 80' lang='lat' dir='ltr'>contexitur</span> <span class='ocrx_word' id='word_1_50' title='bbox 1416 259 1424 278; x_wconf 72' lang='grc' dir='ltr'>ς</span> <span class='ocrx_word' id='word_1_51' title='bbox 1445 259 1502 287; x_wconf 64' lang='lat' dir='ltr'>quac</span> <span class='ocrx_word' id='word_1_52' title='bbox 1514 260 1550 278; x_wconf 81' lang='lat' dir='ltr'>rie</span> <span class='ocrx_word' id='word_1_53' title='bbox 1565 261 1689 282; x_wconf 72' lang='lat' dir='ltr'>exuratur</span> 
     </span>
     <span class='ocr_line' id='line_1_7' title="bbox 103 282 1689 325; baseline 0.003 -12"><span class='ocrx_word' id='word_1_54' title='bbox 103 285 244 316; x_wconf 85' lang='lat' dir='ltr'>incendio,</span> <span class='ocrx_word' id='word_1_55' title='bbox 265 285 343 312; x_wconf 85' lang='lat' dir='ltr'>coriis</span> <span class='ocrx_word' id='word_1_56' title='bbox 356 284 397 311; x_wconf 86' lang='lat' dir='ltr'>vel</span> <span class='ocrx_word' id='word_1_57' title='bbox 412 283 518 316; x_wconf 87' lang='lat' dir='ltr'>ciliciis,</span> <span class='ocrx_word' id='word_1_58' title='bbox 537 282 748 320; x_wconf 83' lang='lat' dir='ltr'>centonibusque</span> <span class='ocrx_word' id='word_1_59' title='bbox 762 283 878 310; x_wconf 82' lang='lat' dir='ltr'>vestitur.</span> <span class='ocrx_word' id='word_1_60' title='bbox 916 283 981 308; x_wconf 87' lang='lat' dir='ltr'>Haec</span> <span class='ocrx_word' id='word_1_61' title='bbox 994 282 1149 310; x_wconf 78' lang='lat' dir='ltr'>intrinlecus</span> <span class='ocrx_word' id='word_1_62' title='bbox 1163 287 1259 322; x_wconf 83' lang='lat' dir='ltr'>accipit</span> <span class='ocrx_word' id='word_1_63' title='bbox 1273 287 1375 314; x_wconf 80' lang='lat' dir='ltr'>trabem</span> <span class='ocrx_word' id='word_1_64' title='bbox 1391 308 1398 318; x_wconf 87' lang='lat'>,</span> <span class='ocrx_word' id='word_1_65' title='bbox 1418 297 1474 325; x_wconf 65' lang='lat' dir='ltr'>quse</span> <span class='ocrx_word' id='word_1_66' title='bbox 1488 290 1592 317; x_wconf 81' lang='lat' dir='ltr'>adunco</span> <span class='ocrx_word' id='word_1_67' title='bbox 1607 292 1689 325; x_wconf 74' lang='lat' dir='ltr'>praeli-</span> 
     </span>
     <span class='ocr_line' id='line_1_8' title="bbox 101 319 1686 362; baseline 0.002 -11"><span class='ocrx_word' id='word_1_68' title='bbox 101 325 174 360; x_wconf 86' lang='lat' dir='ltr'>gitur</span> <span class='ocrx_word' id='word_1_69' title='bbox 186 322 274 350; x_wconf 82' lang='lat' dir='ltr'>ferro:</span> <span class='ocrx_word' id='word_1_70' title='bbox 295 322 366 359; x_wconf 89' lang='lat' dir='ltr'>quod</span> <span class='ocrx_word' id='word_1_71' title='bbox 375 321 435 358; x_wconf 69' lang='lat' dir='ltr'>fiilx</span> <span class='ocrx_word' id='word_1_72' title='bbox 448 329 556 348; x_wconf 84' lang='lat' dir='ltr'>vocatur</span> <span class='ocrx_word' id='word_1_73' title='bbox 570 320 602 348; x_wconf 90' lang='lat' dir='ltr'>ab</span> <span class='ocrx_word' id='word_1_74' title='bbox 617 330 650 348; x_wconf 90' lang='lat' dir='ltr'>eo</span> <span class='ocrx_word' id='word_1_75' title='bbox 660 341 666 351; x_wconf 92' lang='lat'>,</span> <span class='ocrx_word' id='word_1_76' title='bbox 686 321 758 358; x_wconf 87' lang='lat' dir='ltr'>quod</span> <span class='ocrx_word' id='word_1_77' title='bbox 776 322 911 349; x_wconf 77' lang='lat' dir='ltr'>incurvata</span> <span class='ocrx_word' id='word_1_78' title='bbox 926 319 977 351; x_wconf 87' lang='lat' dir='ltr'>est,</span> <span class='ocrx_word' id='word_1_79' title='bbox 998 328 1027 347; x_wconf 87' lang='lat' dir='ltr'>ut</span> <span class='ocrx_word' id='word_1_80' title='bbox 1040 321 1074 347; x_wconf 87' lang='lat' dir='ltr'>dc</span> <span class='ocrx_word' id='word_1_81' title='bbox 1090 330 1171 349; x_wconf 89' lang='lat' dir='ltr'>muro</span> <span class='ocrx_word' id='word_1_82' title='bbox 1184 323 1302 352; x_wconf 82' lang='lat' dir='ltr'>extrahat</span> <span class='ocrx_word' id='word_1_83' title='bbox 1316 324 1425 362; x_wconf 84' lang='lat' dir='ltr'>lapides.</span> <span class='ocrx_word' id='word_1_84' title='bbox 1447 328 1576 356; x_wconf 82' lang='lat' dir='ltr'>Meminit</span> <span class='ocrx_word' id='word_1_85' title='bbox 1590 328 1686 356; x_wconf 79' lang='lat' dir='ltr'>harum</span> 
     </span>
     <span class='ocr_line' id='line_1_9' title="bbox 104 357 789 397; baseline -0.003 -9"><span class='ocrx_word' id='word_1_86' title='bbox 104 362 187 390; x_wconf 85' lang='lat' dir='ltr'>etiam</span> <span class='ocrx_word' id='word_1_87' title='bbox 203 360 293 388; x_wconf 76' lang='lat' dir='ltr'>Livius</span> <span class='ocrx_word' id='word_1_88' title='bbox 306 360 373 387; x_wconf 82' lang='lat' dir='ltr'>libro</span> <span class='ocrx_word' id='word_1_89' title='bbox 389 361 430 396; x_wconf 80' lang='lat'>38.</span> <span class='ocrx_word' id='word_1_90' title='bbox 451 359 544 393; x_wconf 70' lang='lat' dir='ltr'>Caeſsr,</span> <span class='ocrx_word' id='word_1_91' title='bbox 564 357 676 397; x_wconf 81' lang='lat' dir='ltr'>Orofius,</span> <span class='ocrx_word' id='word_1_92' title='bbox 698 362 724 388; x_wconf 66' lang='grc' dir='ltr'>δε</span> <span class='ocrx_word' id='word_1_93' title='bbox 738 359 789 387; x_wconf 84' lang='lat' dir='ltr'>alii.</span> 
     </span>
    </p>

    <p class='ocr_par' dir='ltr' id='par_1_6' title="bbox 102 394 1687 474">
     <span class='ocr_line' id='line_1_10' title="bbox 139 394 1687 435; baseline 0.003 -10"><span class='ocrx_word' id='word_1_94' title='bbox 139 399 249 425; x_wconf 78' lang='lat' dir='ltr'>Murices</span> <span class='ocrx_word' id='word_1_95' title='bbox 260 399 312 425; x_wconf 73' lang='lat' dir='ltr'>alio</span> <span class='ocrx_word' id='word_1_96' title='bbox 324 397 435 424; x_wconf 89' lang='lat' dir='ltr'>nomine</span> <span class='ocrx_word' id='word_1_97' title='bbox 448 395 542 425; x_wconf 41' lang='lat' dir='ltr'>trabali.</span> <span class='ocrx_word' id='word_1_98' title='bbox 565 396 619 424; x_wconf 78' lang='lat' dir='ltr'>five</span> <span class='ocrx_word' id='word_1_99' title='bbox 627 396 718 424; x_wconf 76' lang='lat' dir='ltr'>tribuli</span> <span class='ocrx_word' id='word_1_100' title='bbox 728 397 810 433; x_wconf 70' lang='lat' dir='ltr'>diCki,</span> <span class='ocrx_word' id='word_1_101' title='bbox 831 394 987 431; x_wconf 78' lang='lat' dir='ltr'>machinulae</span> <span class='ocrx_word' id='word_1_102' title='bbox 1002 395 1092 424; x_wconf 79' lang='lat' dir='ltr'>ferreae</span> <span class='ocrx_word' id='word_1_103' title='bbox 1102 403 1248 435; x_wconf 82' lang='lat' dir='ltr'>tetragonae</span> <span class='ocrx_word' id='word_1_104' title='bbox 1263 408 1351 434; x_wconf 79' lang='lat' dir='ltr'>erant,</span> <span class='ocrx_word' id='word_1_105' title='bbox 1372 402 1466 430; x_wconf 78' lang='lat' dir='ltr'>aculeis</span> <span class='ocrx_word' id='word_1_106' title='bbox 1481 404 1630 434; x_wconf 78' lang='lat' dir='ltr'>extantibus</span> <span class='ocrx_word' id='word_1_107' title='bbox 1645 405 1687 434; x_wconf 68' lang='lat' dir='ltr'>in-</span> 
     </span>
     <span class='ocr_line' id='line_1_11' title="bbox 102 433 926 474; baseline -0.004 -10"><span class='ocrx_word' id='word_1_108' title='bbox 102 435 187 471; x_wconf 75' lang='lat' dir='ltr'>festae,</span> <span class='ocrx_word' id='word_1_109' title='bbox 209 445 266 474; x_wconf 84' lang='lat' dir='ltr'>quae</span> <span class='ocrx_word' id='word_1_110' title='bbox 277 435 362 472; x_wconf 86' lang='lat' dir='ltr'>spargi</span> <span class='ocrx_word' id='word_1_111' title='bbox 375 433 494 463; x_wconf 84' lang='lat' dir='ltr'>solebant</span> <span class='ocrx_word' id='word_1_112' title='bbox 508 434 631 464; x_wconf 82' lang='lat' dir='ltr'>adversus</span> <span class='ocrx_word' id='word_1_113' title='bbox 645 436 797 473; x_wconf 89' lang='lat' dir='ltr'>eruptiones</span> <span class='ocrx_word' id='word_1_114' title='bbox 812 434 926 464; x_wconf 87' lang='lat' dir='ltr'>hostiles.</span> 
     </span>
    </p>
   </div>
   <div class='ocr_carea' id='block_1_5' title="bbox 167 511 1618 618">
    <p class='ocr_par' dir='ltr' id='par_1_7' title="bbox 167 511 1618 618">
     <span class='ocr_line' id='line_1_12' title="bbox 733 511 1038 540; baseline -0.007 0"><span class='ocrx_word' id='word_1_115' title='bbox 733 513 758 540; x_wconf 92' lang='lat' dir='ltr'>C</span> <span class='ocrx_word' id='word_1_116' title='bbox 787 522 804 539; x_wconf 86' lang='grc' dir='ltr'><strong>Λ</strong></span> <span class='ocrx_word' id='word_1_117' title='bbox 831 522 855 539; x_wconf 80' lang='lat'>1².</span> <span class='ocrx_word' id='word_1_118' title='bbox 901 511 1038 539; x_wconf 88' lang='lat' dir='ltr'>XVIII.</span> 
     </span>
     <span class='ocr_line' id='line_1_13' title="bbox 167 563 1618 618; baseline 0.004 -19"><span class='ocrx_word' id='word_1_119' title='bbox 167 566 219 599; x_wconf 85' lang='lat' dir='ltr'>De</span> <span class='ocrx_word' id='word_1_120' title='bbox 236 566 409 599; x_wconf 78' lang='lat' dir='ltr'>evocatione</span> <span class='ocrx_word' id='word_1_121' title='bbox 421 563 544 598; x_wconf 82' lang='lat' dir='ltr'>deorum</span> <span class='ocrx_word' id='word_1_122' title='bbox 559 566 756 608; x_wconf 57' lang='lat' dir='ltr'>adelasiam,</span> <span class='ocrx_word' id='word_1_123' title='bbox 773 572 821 600; x_wconf 63' lang='lat'>&lt;9⁴</span> <span class='ocrx_word' id='word_1_124' title='bbox 838 565 998 600; x_wconf 81' lang='lat' dir='ltr'>devotione</span> <span class='ocrx_word' id='word_1_125' title='bbox 1011 566 1131 601; x_wconf 79' lang='lat' dir='ltr'>urbium</span> <span class='ocrx_word' id='word_1_126' title='bbox 1147 576 1238 615; x_wconf 74' lang='lat' dir='ltr'>atque</span> <span class='ocrx_word' id='word_1_127' title='bbox 1255 570 1440 602; x_wconf 76' lang='lat' dir='ltr'>exercituum</span> <span class='ocrx_word' id='word_1_128' title='bbox 1457 569 1618 618; x_wconf 78' lang='lat' dir='ltr'>hostilium.</span> 
     </span>
    </p>
   </div>
   <div class='ocr_carea' id='block_1_6' title="bbox 92 642 1691 1744">
    <p class='ocr_par' dir='ltr' id='par_1_8' title="bbox 92 642 1691 1744">
     <span class='ocr_line' id='line_1_14' title="bbox 101 642 1683 705; baseline 0.004 -34"><span class='ocrx_word' id='word_1_129' title='bbox 101 644 176 705; x_wconf 81' lang='lat' dir='ltr'>Jam</span> <span class='ocrx_word' id='word_1_130' title='bbox 190 653 257 671; x_wconf 89' lang='lat' dir='ltr'>vero</span> <span class='ocrx_word' id='word_1_131' title='bbox 272 645 297 671; x_wconf 72' lang='lat' dir='ltr'>St</span> <span class='ocrx_word' id='word_1_132' title='bbox 312 642 363 671; x_wconf 88' lang='lat' dir='ltr'>hoc</span> <span class='ocrx_word' id='word_1_133' title='bbox 377 643 478 672; x_wconf 81' lang='lat' dir='ltr'>silentio</span> <span class='ocrx_word' id='word_1_134' title='bbox 490 655 545 674; x_wconf 92' lang='lat' dir='ltr'>non</span> <span class='ocrx_word' id='word_1_135' title='bbox 559 646 596 672; x_wconf 88' lang='lat' dir='ltr'>est</span> <span class='ocrx_word' id='word_1_136' title='bbox 609 645 836 681; x_wconf 77' lang='lat' dir='ltr'>praetereundum,</span> <span class='ocrx_word' id='word_1_137' title='bbox 858 647 929 682; x_wconf 86' lang='lat' dir='ltr'>quod</span> <span class='ocrx_word' id='word_1_138' title='bbox 943 646 1082 674; x_wconf 78' lang='lat' dir='ltr'>Macrobius</span> <span class='ocrx_word' id='word_1_139' title='bbox 1094 647 1138 675; x_wconf 86' lang='lat' dir='ltr'>lib.</span> <span class='ocrx_word' id='word_1_140' title='bbox 1152 657 1174 684; x_wconf 80' lang='lat'>3.</span> <span class='ocrx_word' id='word_1_141' title='bbox 1189 648 1293 675; x_wconf 84' lang='lat' dir='ltr'>Saturn.</span> <span class='ocrx_word' id='word_1_142' title='bbox 1308 656 1364 682; x_wconf 85' lang='lat' dir='ltr'>cap.</span> <span class='ocrx_word' id='word_1_143' title='bbox 1374 658 1397 682; x_wconf 91' lang='lat'>9.</span> <span class='ocrx_word' id='word_1_144' title='bbox 1412 656 1571 679; x_wconf 82' lang='lat' dir='ltr'>notat,cum</span> <span class='ocrx_word' id='word_1_145' title='bbox 1585 659 1683 678; x_wconf 60' lang='lat' dir='ltr'>omnes</span> 
     </span>
     <span class='ocr_line' id='line_1_15' title="bbox 149 681 1683 722; baseline 0.004 -12"><span class='ocrx_word' id='word_1_146' title='bbox 149 682 227 710; x_wconf 85' lang='lat' dir='ltr'>urbes</span> <span class='ocrx_word' id='word_1_147' title='bbox 241 683 268 709; x_wconf 90' lang='lat' dir='ltr'>in</span> <span class='ocrx_word' id='word_1_148' title='bbox 283 681 393 717; x_wconf 79' lang='lat' dir='ltr'>alicujus</span> <span class='ocrx_word' id='word_1_149' title='bbox 407 684 450 710; x_wconf 86' lang='lat' dir='ltr'>dei</span> <span class='ocrx_word' id='word_1_150' title='bbox 466 683 548 712; x_wconf 83' lang='lat' dir='ltr'>essent</span> <span class='ocrx_word' id='word_1_151' title='bbox 562 683 644 711; x_wconf 87' lang='lat' dir='ltr'>tutela</span> <span class='ocrx_word' id='word_1_152' title='bbox 659 704 667 715; x_wconf 90' lang='lat'><em>‚</em></span> <span class='ocrx_word' id='word_1_153' title='bbox 689 692 797 710; x_wconf 78' lang='lat' dir='ltr'>moreni</span> <span class='ocrx_word' id='word_1_154' title='bbox 813 685 1003 712; x_wconf 80' lang='lat' dir='ltr'>Romanorum</span> <span class='ocrx_word' id='word_1_155' title='bbox 1018 693 1159 716; x_wconf 82' lang='lat' dir='ltr'>arcanum,</span> <span class='ocrx_word' id='word_1_156' title='bbox 1181 687 1207 713; x_wconf 65' lang='lat' dir='ltr'>Sc</span> <span class='ocrx_word' id='word_1_157' title='bbox 1221 685 1312 713; x_wconf 83' lang='lat' dir='ltr'>multis</span> <span class='ocrx_word' id='word_1_158' title='bbox 1327 686 1451 722; x_wconf 81' lang='lat' dir='ltr'>ignotum</span> <span class='ocrx_word' id='word_1_159' title='bbox 1466 686 1554 717; x_wconf 81' lang='lat' dir='ltr'>fuisse,</span> <span class='ocrx_word' id='word_1_160' title='bbox 1576 696 1605 714; x_wconf 87' lang='lat' dir='ltr'>ut</span> <span class='ocrx_word' id='word_1_161' title='bbox 1619 698 1683 716; x_wconf 85' lang='lat' dir='ltr'>cum</span> 
     </span>
     <span class='ocr_line' id='line_1_16' title="bbox 101 719 1682 759; baseline 0.003 -11"><span class='ocrx_word' id='word_1_162' title='bbox 101 720 252 749; x_wconf 72' lang='lat' dir='ltr'>obsiderent</span> <span class='ocrx_word' id='word_1_163' title='bbox 271 719 366 746; x_wconf 84' lang='lat' dir='ltr'>urbem</span> <span class='ocrx_word' id='word_1_164' title='bbox 381 720 496 748; x_wconf 82' lang='lat' dir='ltr'>hostium</span> <span class='ocrx_word' id='word_1_165' title='bbox 510 742 516 752; x_wconf 92' lang='lat'>,</span> <span class='ocrx_word' id='word_1_166' title='bbox 537 730 650 759; x_wconf 89' lang='lat' dir='ltr'>eamque</span> <span class='ocrx_word' id='word_1_167' title='bbox 660 722 717 756; x_wconf 82' lang='lat' dir='ltr'>jam</span> <span class='ocrx_word' id='word_1_168' title='bbox 730 723 786 757; x_wconf 85' lang='lat' dir='ltr'>capi</span> <span class='ocrx_word' id='word_1_169' title='bbox 800 722 873 758; x_wconf 71' lang='lat' dir='ltr'>posse</span> <span class='ocrx_word' id='word_1_170' title='bbox 887 723 1056 751; x_wconf 83' lang='lat' dir='ltr'>confiderent</span> <span class='ocrx_word' id='word_1_171' title='bbox 1068 744 1076 755; x_wconf 91' lang='lat'><em>‚</em></span> <span class='ocrx_word' id='word_1_172' title='bbox 1100 731 1174 751; x_wconf 88' lang='lat' dir='ltr'>certo</span> <span class='ocrx_word' id='word_1_173' title='bbox 1188 725 1308 750; x_wconf 78' lang='lat' dir='ltr'>carmine</span> <span class='ocrx_word' id='word_1_174' title='bbox 1322 731 1465 752; x_wconf 74' lang='lat' dir='ltr'>evocarent</span> <span class='ocrx_word' id='word_1_175' title='bbox 1479 726 1599 751; x_wconf 69' lang='lat' dir='ltr'>tutelares</span> <span class='ocrx_word' id='word_1_176' title='bbox 1611 726 1682 753; x_wconf 67' lang='lat' dir='ltr'>deos:</span> 
     </span>
     <span class='ocr_line' id='line_1_17' title="bbox 100 758 1681 797; baseline 0.003 -10"><span class='ocrx_word' id='word_1_177' title='bbox 100 760 173 795; x_wconf 89' lang='lat' dir='ltr'>quod</span> <span class='ocrx_word' id='word_1_178' title='bbox 191 767 235 787; x_wconf 89' lang='lat' dir='ltr'>aut</span> <span class='ocrx_word' id='word_1_179' title='bbox 249 758 323 785; x_wconf 85' lang='lat' dir='ltr'>aliter</span> <span class='ocrx_word' id='word_1_180' title='bbox 343 759 436 786; x_wconf 78' lang='lat' dir='ltr'>urbem</span> <span class='ocrx_word' id='word_1_181' title='bbox 459 760 516 796; x_wconf 87' lang='lat' dir='ltr'>capi</span> <span class='ocrx_word' id='word_1_182' title='bbox 535 760 609 795; x_wconf 78' lang='lat' dir='ltr'>posse</span> <span class='ocrx_word' id='word_1_183' title='bbox 627 769 682 788; x_wconf 89' lang='lat' dir='ltr'>non</span> <span class='ocrx_word' id='word_1_184' title='bbox 699 761 837 788; x_wconf 85' lang='lat' dir='ltr'>crederent</span> <span class='ocrx_word' id='word_1_185' title='bbox 854 770 859 787; x_wconf 76' lang='grc' dir='ltr'><strong><em>ε</em></strong></span> <span class='ocrx_word' id='word_1_186' title='bbox 889 768 934 788; x_wconf 85' lang='lat' dir='ltr'>aut</span> <span class='ocrx_word' id='word_1_187' title='bbox 956 761 1058 788; x_wconf 86' lang='lat' dir='ltr'>etiamfi</span> <span class='ocrx_word' id='word_1_188' title='bbox 1075 761 1160 797; x_wconf 76' lang='lat' dir='ltr'>poffet</span> <span class='ocrx_word' id='word_1_189' title='bbox 1173 781 1180 792; x_wconf 98' lang='lat'>‚</span> <span class='ocrx_word' id='word_1_190' title='bbox 1200 760 1274 788; x_wconf 85' lang='lat' dir='ltr'>nefas</span> <span class='ocrx_word' id='word_1_191' title='bbox 1293 761 1474 789; x_wconf 81' lang='lat' dir='ltr'>existimarent</span> <span class='ocrx_word' id='word_1_192' title='bbox 1489 782 1495 792; x_wconf 86' lang='lat'>,</span> <span class='ocrx_word' id='word_1_193' title='bbox 1516 763 1572 789; x_wconf 75' lang='lat' dir='ltr'>deos</span> <span class='ocrx_word' id='word_1_194' title='bbox 1584 763 1681 791; x_wconf 77' lang='lat' dir='ltr'>habere</span> 
     </span>
     <span class='ocr_line' id='line_1_18' title="bbox 97 796 1682 834; baseline 0.003 -11"><span class='ocrx_word' id='word_1_195' title='bbox 97 800 213 831; x_wconf 61' lang='lat' dir='ltr'>captivos.</span> <span class='ocrx_word' id='word_1_196' title='bbox 244 796 323 824; x_wconf 90' lang='lat' dir='ltr'>Unde</span> <span class='ocrx_word' id='word_1_197' title='bbox 339 797 365 823; x_wconf 61' lang='grc' dir='ltr'>ἃ</span> <span class='ocrx_word' id='word_1_198' title='bbox 377 796 424 833; x_wconf 83' lang='lat' dir='ltr'>ipfi</span> <span class='ocrx_word' id='word_1_199' title='bbox 440 798 558 825; x_wconf 86' lang='lat' dir='ltr'>Romani</span> <span class='ocrx_word' id='word_1_200' title='bbox 572 805 631 825; x_wconf 88' lang='lat' dir='ltr'>tum</span> <span class='ocrx_word' id='word_1_201' title='bbox 645 798 737 829; x_wconf 72' lang='lat' dir='ltr'>deum,</span> <span class='ocrx_word' id='word_1_202' title='bbox 757 798 784 824; x_wconf 88' lang='lat' dir='ltr'>in</span> <span class='ocrx_word' id='word_1_203' title='bbox 799 798 873 833; x_wconf 83' lang='lat' dir='ltr'>cujus</span> <span class='ocrx_word' id='word_1_204' title='bbox 885 799 966 826; x_wconf 86' lang='lat' dir='ltr'>tutela</span> <span class='ocrx_word' id='word_1_205' title='bbox 979 799 1041 827; x_wconf 85' lang='lat' dir='ltr'>urbs</span> <span class='ocrx_word' id='word_1_206' title='bbox 1056 801 1147 827; x_wconf 84' lang='lat' dir='ltr'>Roma</span> <span class='ocrx_word' id='word_1_207' title='bbox 1162 799 1197 826; x_wconf 90' lang='lat' dir='ltr'>est</span> <span class='ocrx_word' id='word_1_208' title='bbox 1211 820 1218 830; x_wconf 92' lang='lat'><em>‚</em></span> <span class='ocrx_word' id='word_1_209' title='bbox 1240 806 1299 826; x_wconf 90' lang='lat' dir='ltr'>tum</span> <span class='ocrx_word' id='word_1_210' title='bbox 1315 798 1392 834; x_wconf 75' lang='lat' dir='ltr'>ipsius</span> <span class='ocrx_word' id='word_1_211' title='bbox 1406 800 1476 826; x_wconf 82' lang='lat' dir='ltr'>urbis</span> <span class='ocrx_word' id='word_1_212' title='bbox 1490 800 1615 828; x_wconf 80' lang='lat' dir='ltr'>Latinum</span> <span class='ocrx_word' id='word_1_213' title='bbox 1631 811 1682 828; x_wconf 91' lang='lat' dir='ltr'>no-</span> 
     </span>
     <span class='ocr_line' id='line_1_19' title="bbox 98 833 1679 873; baseline 0.003 -11"><span class='ocrx_word' id='word_1_214' title='bbox 98 844 163 863; x_wconf 84' lang='lat' dir='ltr'>rnen</span> <span class='ocrx_word' id='word_1_215' title='bbox 178 836 304 872; x_wconf 83' lang='lat' dir='ltr'>ignotum</span> <span class='ocrx_word' id='word_1_216' title='bbox 318 833 368 860; x_wconf 81' lang='lat' dir='ltr'>effe</span> <span class='ocrx_word' id='word_1_217' title='bbox 382 836 514 862; x_wconf 87' lang='lat' dir='ltr'>voluerint</span> <span class='ocrx_word' id='word_1_218' title='bbox 525 856 532 866; x_wconf 89' lang='lat'>,</span> <span class='ocrx_word' id='word_1_219' title='bbox 555 837 728 872; x_wconf 81' lang='lat' dir='ltr'>caverintque</span> <span class='ocrx_word' id='word_1_220' title='bbox 742 845 776 862; x_wconf 88' lang='lat' dir='ltr'>ne</span> <span class='ocrx_word' id='word_1_221' title='bbox 789 837 860 871; x_wconf 90' lang='lat' dir='ltr'>quod</span> <span class='ocrx_word' id='word_1_222' title='bbox 874 836 921 871; x_wconf 70' lang='lat' dir='ltr'>ipsi</span> <span class='ocrx_word' id='word_1_223' title='bbox 938 836 1004 873; x_wconf 83' lang='lat' dir='ltr'>saepe</span> <span class='ocrx_word' id='word_1_224' title='bbox 1022 837 1146 865; x_wconf 78' lang='lat' dir='ltr'>adversus</span> <span class='ocrx_word' id='word_1_225' title='bbox 1168 837 1246 864; x_wconf 85' lang='lat' dir='ltr'>urbes</span> <span class='ocrx_word' id='word_1_226' title='bbox 1260 836 1377 864; x_wconf 74' lang='lat' dir='ltr'>hostium</span> <span class='ocrx_word' id='word_1_227' title='bbox 1393 837 1480 864; x_wconf 78' lang='lat' dir='ltr'>feciffe</span> <span class='ocrx_word' id='word_1_228' title='bbox 1495 837 1520 864; x_wconf 86' lang='lat' dir='ltr'>se</span> <span class='ocrx_word' id='word_1_229' title='bbox 1532 847 1679 873; x_wconf 64' lang='lat' dir='ltr'>noverant,</span> 
     </span>
     <span class='ocr_line' id='line_1_20' title="bbox 98 870 1680 912; baseline 0.003 -12"><span class='ocrx_word' id='word_1_230' title='bbox 98 873 172 900; x_wconf 86' lang='lat' dir='ltr'>idem</span> <span class='ocrx_word' id='word_1_231' title='bbox 185 874 232 910; x_wconf 84' lang='lat' dir='ltr'>ipfi</span> <span class='ocrx_word' id='word_1_232' title='bbox 246 881 352 908; x_wconf 81' lang='lat' dir='ltr'>quoque</span> <span class='ocrx_word' id='word_1_233' title='bbox 364 870 442 908; x_wconf 75' lang='lat' dir='ltr'>hostili</span> <span class='ocrx_word' id='word_1_234' title='bbox 454 872 592 899; x_wconf 76' lang='lat' dir='ltr'>evocatione</span> <span class='ocrx_word' id='word_1_235' title='bbox 604 881 759 908; x_wconf 75' lang='lat' dir='ltr'>paterentur</span> <span class='ocrx_word' id='word_1_236' title='bbox 768 894 776 905; x_wconf 95' lang='lat'><em>‚</em></span> <span class='ocrx_word' id='word_1_237' title='bbox 796 873 815 900; x_wconf 87' lang='lat' dir='ltr'>fi</span> <span class='ocrx_word' id='word_1_238' title='bbox 829 873 919 901; x_wconf 75' lang='lat' dir='ltr'>tutelae</span> <span class='ocrx_word' id='word_1_239' title='bbox 932 874 983 902; x_wconf 82' lang='lat' dir='ltr'>suae</span> <span class='ocrx_word' id='word_1_240' title='bbox 996 885 1096 902; x_wconf 76' lang='lat' dir='ltr'>nomen</span> <span class='ocrx_word' id='word_1_241' title='bbox 1109 875 1298 912; x_wconf 73' lang='lat' dir='ltr'>divulgaretur.</span> <span class='ocrx_word' id='word_1_242' title='bbox 1325 875 1439 902; x_wconf 65' lang='lat' dir='ltr'>Eronztt&#39;s</span> <span class='ocrx_word' id='word_1_243' title='bbox 1453 874 1504 902; x_wconf 78' lang='lat' dir='ltr'>diis</span> <span class='ocrx_word' id='word_1_244' title='bbox 1519 884 1577 903; x_wconf 87' lang='lat' dir='ltr'>tum</span> <span class='ocrx_word' id='word_1_245' title='bbox 1595 877 1680 912; x_wconf 73' lang='lat' dir='ltr'>iplam</span> 
     </span>
     <span class='ocr_line' id='line_1_21' title="bbox 99 910 1681 951; baseline 0.003 -13"><span class='ocrx_word' id='word_1_246' title='bbox 99 912 181 938; x_wconf 77' lang='lat' dir='ltr'>etiam</span> <span class='ocrx_word' id='word_1_247' title='bbox 201 910 294 938; x_wconf 87' lang='lat' dir='ltr'>urbem</span> <span class='ocrx_word' id='word_1_248' title='bbox 308 929 314 939; x_wconf 95' lang='lat'>‚</span> <span class='ocrx_word' id='word_1_249' title='bbox 338 911 364 936; x_wconf 85' lang='lat'>&amp;</span> <span class='ocrx_word' id='word_1_250' title='bbox 378 911 526 938; x_wconf 81' lang='lat' dir='ltr'>exercitum</span> <span class='ocrx_word' id='word_1_251' title='bbox 540 910 663 938; x_wconf 81' lang='lat' dir='ltr'>hostilem</span> <span class='ocrx_word' id='word_1_252' title='bbox 679 911 857 939; x_wconf 78' lang='lat' dir='ltr'>devovebant.</span> <span class='ocrx_word' id='word_1_253' title='bbox 896 914 1010 939; x_wconf 84' lang='lat' dir='ltr'>Carmen</span> <span class='ocrx_word' id='word_1_254' title='bbox 1023 921 1115 941; x_wconf 86' lang='lat' dir='ltr'>autem</span> <span class='ocrx_word' id='word_1_255' title='bbox 1128 934 1135 945; x_wconf 91' lang='lat'>,</span> <span class='ocrx_word' id='word_1_256' title='bbox 1156 923 1210 950; x_wconf 89' lang='lat' dir='ltr'>quo</span> <span class='ocrx_word' id='word_1_257' title='bbox 1224 913 1260 940; x_wconf 90' lang='lat' dir='ltr'>dii</span> <span class='ocrx_word' id='word_1_258' title='bbox 1273 912 1452 940; x_wconf 64' lang='lat' dir='ltr'>evocabantur</span> <span class='ocrx_word' id='word_1_259' title='bbox 1465 922 1528 940; x_wconf 88' lang='lat' dir='ltr'>cum</span> <span class='ocrx_word' id='word_1_260' title='bbox 1544 923 1681 951; x_wconf 75' lang='lat' dir='ltr'>oppugna-</span> 
     </span>
     <span class='ocr_line' id='line_1_22' title="bbox 95 947 1680 985; baseline 0.004 -10"><span class='ocrx_word' id='word_1_261' title='bbox 95 949 171 976; x_wconf 80' lang='lat' dir='ltr'>tione</span> <span class='ocrx_word' id='word_1_262' title='bbox 184 949 275 976; x_wconf 81' lang='lat' dir='ltr'>civitas</span> <span class='ocrx_word' id='word_1_263' title='bbox 287 947 439 983; x_wconf 83' lang='lat' dir='ltr'>cingeretur</span> <span class='ocrx_word' id='word_1_264' title='bbox 453 969 460 979; x_wconf 96' lang='lat'>,</span> <span class='ocrx_word' id='word_1_265' title='bbox 480 947 613 983; x_wconf 85' lang='lat' dir='ltr'>ejusmodi</span> <span class='ocrx_word' id='word_1_266' title='bbox 629 958 660 977; x_wconf 88' lang='lat' dir='ltr'>ex</span> <span class='ocrx_word' id='word_1_267' title='bbox 675 948 743 976; x_wconf 85' lang='lat' dir='ltr'>libro</span> <span class='ocrx_word' id='word_1_268' title='bbox 758 959 784 985; x_wconf 86' lang='lat'>5.</span> <span class='ocrx_word' id='word_1_269' title='bbox 804 959 894 977; x_wconf 86' lang='lat' dir='ltr'>rerum</span> <span class='ocrx_word' id='word_1_270' title='bbox 913 952 1113 979; x_wconf 83' lang='lat' dir='ltr'>reconditarum</span> <span class='ocrx_word' id='word_1_271' title='bbox 1135 951 1302 978; x_wconf 84' lang='lat' dir='ltr'>Sammonici</span> <span class='ocrx_word' id='word_1_272' title='bbox 1322 952 1412 978; x_wconf 84' lang='lat' dir='ltr'>Sereni</span> <span class='ocrx_word' id='word_1_273' title='bbox 1425 951 1567 978; x_wconf 68' lang='lat' dir='ltr'>Macrobim</span> <span class='ocrx_word' id='word_1_274' title='bbox 1585 954 1680 981; x_wconf 83' lang='lat' dir='ltr'>recitat</span> 
     </span>
     <span class='ocr_line' id='line_1_23' title="bbox 94 984 1691 1033; baseline 0.003 -20"><span class='ocrx_word' id='word_1_275' title='bbox 94 984 173 1023; x_wconf 74' lang='lat' dir='ltr'>lib.3.</span> <span class='ocrx_word' id='word_1_276' title='bbox 188 987 390 1020; x_wconf 83' lang='lat' dir='ltr'>Saturn.cap.9.</span> <span class='ocrx_word' id='word_1_277' title='bbox 411 987 436 1012; x_wconf 90' lang='lat' dir='ltr'>Si</span> <span class='ocrx_word' id='word_1_278' title='bbox 450 987 527 1018; x_wconf 85' lang='lat' dir='ltr'>deus,</span> <span class='ocrx_word' id='word_1_279' title='bbox 550 986 567 1013; x_wconf 83' lang='lat' dir='ltr'><strong>fi</strong></span> <span class='ocrx_word' id='word_1_280' title='bbox 581 987 629 1015; x_wconf 80' lang='lat' dir='ltr'>dea</span> <span class='ocrx_word' id='word_1_281' title='bbox 643 996 685 1018; x_wconf 83' lang='lat' dir='ltr'>es,</span> <span class='ocrx_word' id='word_1_282' title='bbox 706 987 748 1015; x_wconf 87' lang='lat' dir='ltr'>cui</span> <span class='ocrx_word' id='word_1_283' title='bbox 761 988 887 1024; x_wconf 85' lang='lat' dir='ltr'>populus,</span> <span class='ocrx_word' id='word_1_284' title='bbox 907 988 1052 1026; x_wconf 85' lang='lat' dir='ltr'>civitasque</span> <span class='ocrx_word' id='word_1_285' title='bbox 1063 989 1274 1026; x_wconf 85' lang='lat' dir='ltr'>Carthaginenfis</span> <span class='ocrx_word' id='word_1_286' title='bbox 1286 988 1321 1015; x_wconf 88' lang='lat' dir='ltr'>est</span> <span class='ocrx_word' id='word_1_287' title='bbox 1336 988 1364 1016; x_wconf 89' lang='lat' dir='ltr'>in</span> <span class='ocrx_word' id='word_1_288' title='bbox 1377 988 1475 1020; x_wconf 86' lang='lat' dir='ltr'>tutela,</span> <span class='ocrx_word' id='word_1_289' title='bbox 1496 995 1576 1026; x_wconf 75' lang='lat' dir='ltr'>teque</span> <span class='ocrx_word' id='word_1_290' title='bbox 1591 992 1691 1033; x_wconf 47' lang='lat' dir='ltr'>maxb‘</span> 
     </span>
     <span class='ocr_line' id='line_1_24' title="bbox 96 1022 1675 1064; baseline 0.003 -13"><span class='ocrx_word' id='word_1_291' title='bbox 96 1033 142 1051; x_wconf 88' lang='lat' dir='ltr'>me</span> <span class='ocrx_word' id='word_1_292' title='bbox 154 1023 197 1052; x_wconf 88' lang='lat' dir='ltr'>ille</span> <span class='ocrx_word' id='word_1_293' title='bbox 207 1044 214 1056; x_wconf 87' lang='lat'>,</span> <span class='ocrx_word' id='word_1_294' title='bbox 236 1023 282 1060; x_wconf 91' lang='lat' dir='ltr'>qui</span> <span class='ocrx_word' id='word_1_295' title='bbox 295 1023 366 1050; x_wconf 90' lang='lat' dir='ltr'>urbis</span> <span class='ocrx_word' id='word_1_296' title='bbox 380 1022 471 1059; x_wconf 73' lang='lat' dir='ltr'>hujus,</span> <span class='ocrx_word' id='word_1_297' title='bbox 491 1024 636 1062; x_wconf 87' lang='lat' dir='ltr'>populique</span> <span class='ocrx_word' id='word_1_298' title='bbox 649 1024 761 1052; x_wconf 89' lang='lat' dir='ltr'>tutelam</span> <span class='ocrx_word' id='word_1_299' title='bbox 775 1026 916 1061; x_wconf 86' lang='lat' dir='ltr'>recepisti,</span> <span class='ocrx_word' id='word_1_300' title='bbox 936 1035 1031 1062; x_wconf 86' lang='lat' dir='ltr'>precor</span> <span class='ocrx_word' id='word_1_301' title='bbox 1044 1036 1226 1063; x_wconf 87' lang='lat' dir='ltr'>venerorque,</span> <span class='ocrx_word' id='word_1_302' title='bbox 1247 1027 1407 1064; x_wconf 79' lang='lat' dir='ltr'>veniamque</span> <span class='ocrx_word' id='word_1_303' title='bbox 1422 1026 1435 1054; x_wconf 75' lang='lat' dir='ltr'>a</span> <span class='ocrx_word' id='word_1_304' title='bbox 1450 1026 1526 1055; x_wconf 84' lang='lat' dir='ltr'>vobis</span> <span class='ocrx_word' id='word_1_305' title='bbox 1540 1035 1604 1063; x_wconf 85' lang='lat' dir='ltr'>peto</span> <span class='ocrx_word' id='word_1_306' title='bbox 1615 1048 1622 1059; x_wconf 89' lang='lat'>‚</span> <span class='ocrx_word' id='word_1_307' title='bbox 1645 1034 1675 1055; x_wconf 87' lang='lat' dir='ltr'>ut</span> 
     </span>
     <span class='ocr_line' id='line_1_25' title="bbox 94 1061 1680 1103; baseline 0.003 -14"><span class='ocrx_word' id='word_1_308' title='bbox 94 1068 143 1090; x_wconf 68' lang='lat' dir='ltr'>vos</span> <span class='ocrx_word' id='word_1_309' title='bbox 154 1061 282 1099; x_wconf 87' lang='lat' dir='ltr'>populum</span> <span class='ocrx_word' id='word_1_310' title='bbox 293 1082 299 1092; x_wconf 87' lang='lat'>‚</span> <span class='ocrx_word' id='word_1_311' title='bbox 320 1062 511 1099; x_wconf 76' lang='lat' dir='ltr'>civitatemque</span> <span class='ocrx_word' id='word_1_312' title='bbox 520 1062 774 1100; x_wconf 73' lang='lat' dir='ltr'>Carthaginensium</span> <span class='ocrx_word' id='word_1_313' title='bbox 783 1063 917 1095; x_wconf 83' lang='lat' dir='ltr'>deseratis,</span> <span class='ocrx_word' id='word_1_314' title='bbox 938 1065 1009 1096; x_wconf 90' lang='lat' dir='ltr'>loca,</span> <span class='ocrx_word' id='word_1_315' title='bbox 1027 1066 1143 1101; x_wconf 86' lang='lat' dir='ltr'>templa,</span> <span class='ocrx_word' id='word_1_316' title='bbox 1164 1064 1233 1092; x_wconf 87' lang='lat' dir='ltr'>sacra</span> <span class='ocrx_word' id='word_1_317' title='bbox 1246 1085 1255 1096; x_wconf 91' lang='lat'><em>‚</em></span> <span class='ocrx_word' id='word_1_318' title='bbox 1277 1064 1426 1102; x_wconf 88' lang='lat' dir='ltr'>urbemque</span> <span class='ocrx_word' id='word_1_319' title='bbox 1438 1073 1534 1092; x_wconf 86' lang='lat' dir='ltr'>eorum</span> <span class='ocrx_word' id='word_1_320' title='bbox 1547 1065 1680 1103; x_wconf 78' lang='lat' dir='ltr'>relinqua·</span> 
     </span>
     <span class='ocr_line' id='line_1_26' title="bbox 95 1099 1680 1139; baseline 0.003 -12"><span class='ocrx_word' id='word_1_321' title='bbox 95 1101 146 1131; x_wconf 85' lang='lat' dir='ltr'>tis,</span> <span class='ocrx_word' id='word_1_322' title='bbox 165 1100 261 1136; x_wconf 74' lang='lat' dir='ltr'>absque</span> <span class='ocrx_word' id='word_1_323' title='bbox 274 1099 315 1127; x_wconf 78' lang='lat' dir='ltr'>his</span> <span class='ocrx_word' id='word_1_324' title='bbox 327 1099 438 1128; x_wconf 59' lang='lat' dir='ltr'>abeatis:</span> <span class='ocrx_word' id='word_1_325' title='bbox 459 1101 536 1137; x_wconf 87' lang='lat' dir='ltr'>eique</span> <span class='ocrx_word' id='word_1_326' title='bbox 549 1103 664 1137; x_wconf 83' lang='lat' dir='ltr'>populo.</span> <span class='ocrx_word' id='word_1_327' title='bbox 685 1102 838 1138; x_wconf 84' lang='lat' dir='ltr'>civitatique</span> <span class='ocrx_word' id='word_1_328' title='bbox 852 1109 957 1130; x_wconf 91' lang='lat' dir='ltr'>metum</span> <span class='ocrx_word' id='word_1_329' title='bbox 968 1123 976 1133; x_wconf 87' lang='lat'>,</span> <span class='ocrx_word' id='word_1_330' title='bbox 1000 1103 1177 1131; x_wconf 88' lang='lat' dir='ltr'>formidinem</span> <span class='ocrx_word' id='word_1_331' title='bbox 1192 1123 1199 1133; x_wconf 90' lang='lat'>,</span> <span class='ocrx_word' id='word_1_332' title='bbox 1221 1102 1386 1130; x_wconf 83' lang='lat' dir='ltr'>oblivionem</span> <span class='ocrx_word' id='word_1_333' title='bbox 1402 1102 1526 1138; x_wconf 84' lang='lat' dir='ltr'>injiciatis</span> <span class='ocrx_word' id='word_1_334' title='bbox 1538 1123 1545 1134; x_wconf 96' lang='lat'>,</span> <span class='ocrx_word' id='word_1_335' title='bbox 1565 1105 1680 1139; x_wconf 59' lang='lat' dir='ltr'>proditi-</span> 
     </span>
     <span class='ocr_line' id='line_1_27' title="bbox 96 1138 1679 1178; baseline 0.003 -12"><span class='ocrx_word' id='word_1_336' title='bbox 96 1146 147 1175; x_wconf 89' lang='lat' dir='ltr'>que</span> <span class='ocrx_word' id='word_1_337' title='bbox 163 1140 284 1166; x_wconf 86' lang='lat' dir='ltr'>Romam</span> <span class='ocrx_word' id='word_1_338' title='bbox 298 1138 330 1165; x_wconf 88' lang='lat' dir='ltr'>ad</span> <span class='ocrx_word' id='word_1_339' title='bbox 346 1147 391 1165; x_wconf 89' lang='lat' dir='ltr'>me</span> <span class='ocrx_word' id='word_1_340' title='bbox 408 1138 536 1175; x_wconf 90' lang='lat' dir='ltr'>meosque</span> <span class='ocrx_word' id='word_1_341' title='bbox 553 1140 675 1168; x_wconf 80' lang='lat' dir='ltr'>veniatis:</span> <span class='ocrx_word' id='word_1_342' title='bbox 697 1140 836 1176; x_wconf 84' lang='lat' dir='ltr'>nostraque</span> <span class='ocrx_word' id='word_1_343' title='bbox 850 1140 924 1167; x_wconf 78' lang='lat' dir='ltr'>vobis</span> <span class='ocrx_word' id='word_1_344' title='bbox 940 1140 1012 1172; x_wconf 85' lang='lat' dir='ltr'>loca,</span> <span class='ocrx_word' id='word_1_345' title='bbox 1033 1142 1148 1178; x_wconf 89' lang='lat' dir='ltr'>templa,</span> <span class='ocrx_word' id='word_1_346' title='bbox 1166 1140 1250 1171; x_wconf 77' lang='lat' dir='ltr'>fieta,</span> <span class='ocrx_word' id='word_1_347' title='bbox 1271 1140 1333 1168; x_wconf 86' lang='lat' dir='ltr'>urbs</span> <span class='ocrx_word' id='word_1_348' title='bbox 1349 1141 1484 1176; x_wconf 82' lang='lat' dir='ltr'>acceptior</span> <span class='ocrx_word' id='word_1_349' title='bbox 1499 1162 1506 1172; x_wconf 89' lang='lat'>,</span> <span class='ocrx_word' id='word_1_350' title='bbox 1528 1141 1679 1177; x_wconf 81' lang='lat' dir='ltr'>probatior-</span> 
     </span>
     <span class='ocr_line' id='line_1_28' title="bbox 95 1175 1679 1216; baseline 0.003 -13"><span class='ocrx_word' id='word_1_351' title='bbox 95 1184 147 1212; x_wconf 90' lang='lat' dir='ltr'>que</span> <span class='ocrx_word' id='word_1_352' title='bbox 158 1175 200 1204; x_wconf 84' lang='lat' dir='ltr'>fit:</span> <span class='ocrx_word' id='word_1_353' title='bbox 221 1175 288 1203; x_wconf 82' lang='lat' dir='ltr'>mihi</span> <span class='ocrx_word' id='word_1_354' title='bbox 302 1185 422 1213; x_wconf 88' lang='lat' dir='ltr'>quoque,</span> <span class='ocrx_word' id='word_1_355' title='bbox 441 1176 596 1213; x_wconf 88' lang='lat' dir='ltr'>populoque</span> <span class='ocrx_word' id='word_1_356' title='bbox 611 1179 738 1204; x_wconf 81' lang='lat' dir='ltr'>Romano</span> <span class='ocrx_word' id='word_1_357' title='bbox 752 1198 758 1207; x_wconf 93' lang='lat'>‚</span> <span class='ocrx_word' id='word_1_358' title='bbox 782 1177 962 1215; x_wconf 84' lang='lat' dir='ltr'>militibusque</span> <span class='ocrx_word' id='word_1_359' title='bbox 977 1180 1044 1206; x_wconf 88' lang='lat' dir='ltr'>meis</span> <span class='ocrx_word' id='word_1_360' title='bbox 1058 1179 1188 1215; x_wconf 79' lang='lat' dir='ltr'>praepositi</span> <span class='ocrx_word' id='word_1_361' title='bbox 1202 1178 1271 1210; x_wconf 83' lang='lat' dir='ltr'>fitis,</span> <span class='ocrx_word' id='word_1_362' title='bbox 1292 1187 1322 1206; x_wconf 85' lang='lat' dir='ltr'>ut</span> <span class='ocrx_word' id='word_1_363' title='bbox 1336 1178 1461 1210; x_wconf 81' lang='lat' dir='ltr'>sciamus,</span> <span class='ocrx_word' id='word_1_364' title='bbox 1485 1179 1679 1216; x_wconf 71' lang='lat' dir='ltr'>intelligamus-</span> 
     </span>
     <span class='ocr_line' id='line_1_29' title="bbox 95 1214 1678 1254; baseline 0.004 -13"><span class='ocrx_word' id='word_1_365' title='bbox 95 1222 156 1251; x_wconf 86' lang='lat' dir='ltr'>que.</span> <span class='ocrx_word' id='word_1_366' title='bbox 197 1214 223 1241; x_wconf 92' lang='lat' dir='ltr'>Si</span> <span class='ocrx_word' id='word_1_367' title='bbox 241 1214 278 1241; x_wconf 89' lang='lat' dir='ltr'>ita</span> <span class='ocrx_word' id='word_1_368' title='bbox 293 1214 407 1241; x_wconf 81' lang='lat' dir='ltr'>feceritis</span> <span class='ocrx_word' id='word_1_369' title='bbox 419 1235 427 1246; x_wconf 92' lang='lat'>,</span> <span class='ocrx_word' id='word_1_370' title='bbox 448 1224 536 1242; x_wconf 91' lang='lat' dir='ltr'>voveo</span> <span class='ocrx_word' id='word_1_371' title='bbox 549 1215 625 1242; x_wconf 76' lang='lat' dir='ltr'>vobis</span> <span class='ocrx_word' id='word_1_372' title='bbox 638 1214 739 1251; x_wconf 75' lang='lat' dir='ltr'>templa</span> <span class='ocrx_word' id='word_1_373' title='bbox 752 1236 758 1245; x_wconf 90' lang='lat'>,</span> <span class='ocrx_word' id='word_1_374' title='bbox 780 1215 906 1253; x_wconf 89' lang='lat' dir='ltr'>ludosque</span> <span class='ocrx_word' id='word_1_375' title='bbox 927 1216 1071 1246; x_wconf 61' lang='lat' dir='ltr'>facturum.</span> <span class='ocrx_word' id='word_1_376' title='bbox 1111 1218 1142 1245; x_wconf 85' lang='lat' dir='ltr'>In</span> <span class='ocrx_word' id='word_1_377' title='bbox 1157 1217 1251 1245; x_wconf 84' lang='lat' dir='ltr'>eadem</span> <span class='ocrx_word' id='word_1_378' title='bbox 1264 1216 1345 1243; x_wconf 86' lang='lat' dir='ltr'>verba</span> <span class='ocrx_word' id='word_1_379' title='bbox 1360 1216 1455 1244; x_wconf 82' lang='lat' dir='ltr'>hostias</span> <span class='ocrx_word' id='word_1_380' title='bbox 1473 1216 1531 1244; x_wconf 81' lang='lat' dir='ltr'>fieri</span> <span class='ocrx_word' id='word_1_381' title='bbox 1549 1226 1659 1254; x_wconf 86' lang='lat' dir='ltr'>oportet</span> <span class='ocrx_word' id='word_1_382' title='bbox 1669 1238 1678 1250; x_wconf 83' lang='grc'>,</span> 
     </span>
     <span class='ocr_line' id='line_1_30' title="bbox 93 1251 1674 1291; baseline 0.003 -13"><span class='ocrx_word' id='word_1_383' title='bbox 93 1251 336 1288; x_wconf 77' lang='lat' dir='ltr'>authoritatemque</span> <span class='ocrx_word' id='word_1_384' title='bbox 355 1252 438 1279; x_wconf 88' lang='lat' dir='ltr'>videri</span> <span class='ocrx_word' id='word_1_385' title='bbox 457 1260 583 1280; x_wconf 84' lang='lat' dir='ltr'>extorum</span> <span class='ocrx_word' id='word_1_386' title='bbox 597 1275 605 1283; x_wconf 86' lang='lat'>,</span> <span class='ocrx_word' id='word_1_387' title='bbox 626 1260 655 1280; x_wconf 86' lang='lat' dir='ltr'>ut</span> <span class='ocrx_word' id='word_1_388' title='bbox 670 1263 699 1279; x_wconf 78' lang='lat' dir='ltr'>ea</span> <span class='ocrx_word' id='word_1_389' title='bbox 712 1254 875 1288; x_wconf 77' lang='lat' dir='ltr'>promittant</span> <span class='ocrx_word' id='word_1_390' title='bbox 892 1254 988 1282; x_wconf 84' lang='lat' dir='ltr'>futura.</span> <span class='ocrx_word' id='word_1_391' title='bbox 1031 1254 1118 1283; x_wconf 88' lang='lat' dir='ltr'>Urbes</span> <span class='ocrx_word' id='word_1_392' title='bbox 1133 1265 1198 1283; x_wconf 89' lang='lat' dir='ltr'>vero</span> <span class='ocrx_word' id='word_1_393' title='bbox 1211 1275 1218 1286; x_wconf 88' lang='lat'>,</span> <span class='ocrx_word' id='word_1_394' title='bbox 1239 1254 1420 1291; x_wconf 85' lang='lat' dir='ltr'>exercitusque</span> <span class='ocrx_word' id='word_1_395' title='bbox 1441 1254 1476 1282; x_wconf 89' lang='lat' dir='ltr'>fic</span> <span class='ocrx_word' id='word_1_396' title='bbox 1491 1256 1674 1285; x_wconf 74' lang='lat' dir='ltr'>devoventur,</span> 
     </span>
     <span class='ocr_line' id='line_1_31' title="bbox 95 1289 1676 1330; baseline 0.003 -14"><span class='ocrx_word' id='word_1_397' title='bbox 95 1290 154 1325; x_wconf 80' lang='lat' dir='ltr'>jam</span> <span class='ocrx_word' id='word_1_398' title='bbox 167 1290 285 1317; x_wconf 82' lang='lat' dir='ltr'>evocatis</span> <span class='ocrx_word' id='word_1_399' title='bbox 296 1290 460 1318; x_wconf 85' lang='lat' dir='ltr'>numinibus.</span> <span class='ocrx_word' id='word_1_400' title='bbox 485 1289 534 1318; x_wconf 84' lang='lat' dir='ltr'>Dis</span> <span class='ocrx_word' id='word_1_401' title='bbox 542 1299 635 1324; x_wconf 84' lang='lat' dir='ltr'>pater,</span> <span class='ocrx_word' id='word_1_402' title='bbox 645 1292 758 1326; x_wconf 80' lang='lat' dir='ltr'>Vejovis</span> <span class='ocrx_word' id='word_1_403' title='bbox 772 1301 877 1322; x_wconf 86' lang='lat' dir='ltr'>manes,</span> <span class='ocrx_word' id='word_1_404' title='bbox 897 1291 951 1319; x_wconf 85' lang='lat' dir='ltr'>five</span> <span class='ocrx_word' id='word_1_405' title='bbox 963 1302 1010 1320; x_wconf 87' lang='lat' dir='ltr'>vos</span> <span class='ocrx_word' id='word_1_406' title='bbox 1017 1301 1072 1330; x_wconf 87' lang='lat' dir='ltr'>quo</span> <span class='ocrx_word' id='word_1_407' title='bbox 1085 1293 1138 1321; x_wconf 85' lang='lat' dir='ltr'>alio</span> <span class='ocrx_word' id='word_1_408' title='bbox 1147 1294 1259 1321; x_wconf 85' lang='lat' dir='ltr'>nomine</span> <span class='ocrx_word' id='word_1_409' title='bbox 1272 1292 1310 1320; x_wconf 80' lang='lat' dir='ltr'>fa&#39;s</span> <span class='ocrx_word' id='word_1_410' title='bbox 1323 1294 1360 1320; x_wconf 86' lang='lat' dir='ltr'>est</span> <span class='ocrx_word' id='word_1_411' title='bbox 1373 1294 1528 1324; x_wconf 81' lang='lat' dir='ltr'>nominare,</span> <span class='ocrx_word' id='word_1_412' title='bbox 1537 1301 1567 1320; x_wconf 82' lang='lat' dir='ltr'>ut</span> <span class='ocrx_word' id='word_1_413' title='bbox 1579 1303 1676 1321; x_wconf 74' lang='lat' dir='ltr'>omnes</span> 
     </span>
     <span class='ocr_line' id='line_1_32' title="bbox 93 1326 1677 1368; baseline 0.004 -15"><span class='ocrx_word' id='word_1_414' title='bbox 93 1326 168 1355; x_wconf 85' lang='lat' dir='ltr'>illam</span> <span class='ocrx_word' id='word_1_415' title='bbox 189 1326 284 1355; x_wconf 88' lang='lat' dir='ltr'>urbem</span> <span class='ocrx_word' id='word_1_416' title='bbox 295 1327 490 1365; x_wconf 78' lang='lat' dir='ltr'>Carthaginem,</span> <span class='ocrx_word' id='word_1_417' title='bbox 511 1329 726 1365; x_wconf 85' lang='lat' dir='ltr'>exercitumque,</span> <span class='ocrx_word' id='word_1_418' title='bbox 751 1339 832 1366; x_wconf 87' lang='lat' dir='ltr'>quem</span> <span class='ocrx_word' id='word_1_419' title='bbox 845 1338 899 1367; x_wconf 83' lang='lat' dir='ltr'>ego</span> <span class='ocrx_word' id='word_1_420' title='bbox 912 1339 958 1357; x_wconf 88' lang='lat' dir='ltr'>me</span> <span class='ocrx_word' id='word_1_421' title='bbox 970 1330 1054 1358; x_wconf 89' lang='lat' dir='ltr'>sentio</span> <span class='ocrx_word' id='word_1_422' title='bbox 1067 1331 1170 1361; x_wconf 84' lang='lat' dir='ltr'>dicere.</span> <span class='ocrx_word' id='word_1_423' title='bbox 1191 1330 1254 1368; x_wconf 83' lang='lat' dir='ltr'>fuga</span> <span class='ocrx_word' id='word_1_424' title='bbox 1267 1350 1275 1362; x_wconf 91' lang='lat'><em>‚</em></span> <span class='ocrx_word' id='word_1_425' title='bbox 1295 1330 1442 1358; x_wconf 86' lang='lat' dir='ltr'>formidine</span> <span class='ocrx_word' id='word_1_426' title='bbox 1454 1351 1461 1362; x_wconf 84' lang='lat'>,</span> <span class='ocrx_word' id='word_1_427' title='bbox 1483 1338 1586 1358; x_wconf 90' lang='lat' dir='ltr'>terrore</span> <span class='ocrx_word' id='word_1_428' title='bbox 1599 1341 1677 1360; x_wconf 91' lang='lat' dir='ltr'>com-</span> 
     </span>
     <span class='ocr_line' id='line_1_33' title="bbox 113 1365 1676 1405; baseline 0.003 -12"><span class='ocrx_word' id='word_1_429' title='bbox 113 1365 200 1393; x_wconf 85' lang='lat' dir='ltr'>leatis:</span> <span class='ocrx_word' id='word_1_430' title='bbox 221 1366 319 1403; x_wconf 86' lang='lat' dir='ltr'>quique</span> <span class='ocrx_word' id='word_1_431' title='bbox 332 1366 452 1394; x_wconf 87' lang='lat' dir='ltr'>adversus</span> <span class='ocrx_word' id='word_1_432' title='bbox 465 1366 584 1403; x_wconf 84' lang='lat' dir='ltr'>legiones</span> <span class='ocrx_word' id='word_1_433' title='bbox 596 1368 797 1404; x_wconf 83' lang='lat' dir='ltr'>exercitumque</span> <span class='ocrx_word' id='word_1_434' title='bbox 809 1369 929 1395; x_wconf 85' lang='lat' dir='ltr'>nostrum</span> <span class='ocrx_word' id='word_1_435' title='bbox 941 1377 1016 1395; x_wconf 87' lang='lat' dir='ltr'>arma</span> <span class='ocrx_word' id='word_1_436' title='bbox 1026 1389 1032 1399; x_wconf 82' lang='grc'><em>,</em></span> <span class='ocrx_word' id='word_1_437' title='bbox 1052 1368 1156 1405; x_wconf 87' lang='lat' dir='ltr'>telaque</span> <span class='ocrx_word' id='word_1_438' title='bbox 1169 1368 1257 1396; x_wconf 87' lang='lat' dir='ltr'>ferent</span> <span class='ocrx_word' id='word_1_439' title='bbox 1267 1388 1274 1400; x_wconf 91' lang='lat'>‚</span> <span class='ocrx_word' id='word_1_440' title='bbox 1296 1369 1334 1396; x_wconf 89' lang='lat' dir='ltr'>uti</span> <span class='ocrx_word' id='word_1_441' title='bbox 1351 1378 1398 1396; x_wconf 83' lang='lat' dir='ltr'>vos</span> <span class='ocrx_word' id='word_1_442' title='bbox 1413 1378 1459 1396; x_wconf 86' lang='lat' dir='ltr'>eos</span> <span class='ocrx_word' id='word_1_443' title='bbox 1473 1369 1615 1402; x_wconf 88' lang='lat' dir='ltr'>exercitus,</span> <span class='ocrx_word' id='word_1_444' title='bbox 1629 1378 1676 1397; x_wconf 76' lang='lat' dir='ltr'>eos</span> 
     </span>
     <span class='ocr_line' id='line_1_34' title="bbox 92 1373 1674 1446; baseline 0.004 -16"><span class='ocrx_word' id='word_1_445' title='bbox 92 1373 194 1435; x_wconf 55' lang='lat' dir='ltr'>gustes,</span> <span class='ocrx_word' id='word_1_446' title='bbox 214 1403 311 1440; x_wconf 86' lang='lat' dir='ltr'>eosque</span> <span class='ocrx_word' id='word_1_447' title='bbox 323 1403 460 1437; x_wconf 85' lang='lat' dir='ltr'>homines,</span> <span class='ocrx_word' id='word_1_448' title='bbox 482 1404 560 1432; x_wconf 86' lang='lat' dir='ltr'>urbes</span> <span class='ocrx_word' id='word_1_449' title='bbox 575 1425 583 1436; x_wconf 93' lang='lat'>‚</span> <span class='ocrx_word' id='word_1_450' title='bbox 603 1404 733 1442; x_wconf 85' lang='lat' dir='ltr'>agrosque</span> <span class='ocrx_word' id='word_1_451' title='bbox 748 1415 858 1437; x_wconf 86' lang='lat' dir='ltr'>eorum,</span> <span class='ocrx_word' id='word_1_452' title='bbox 882 1408 908 1433; x_wconf 83' lang='lat'>&amp;</span> <span class='ocrx_word' id='word_1_453' title='bbox 918 1407 963 1443; x_wconf 88' lang='lat' dir='ltr'>qui</span> <span class='ocrx_word' id='word_1_454' title='bbox 978 1407 1005 1433; x_wconf 92' lang='lat' dir='ltr'>in</span> <span class='ocrx_word' id='word_1_455' title='bbox 1020 1406 1060 1434; x_wconf 88' lang='lat' dir='ltr'>his</span> <span class='ocrx_word' id='word_1_456' title='bbox 1073 1407 1152 1439; x_wconf 85' lang='lat' dir='ltr'>locis,</span> <span class='ocrx_word' id='word_1_457' title='bbox 1174 1406 1392 1444; x_wconf 84' lang='lat' dir='ltr'>regionibusque,</span> <span class='ocrx_word' id='word_1_458' title='bbox 1413 1407 1481 1443; x_wconf 84' lang='lat' dir='ltr'>agris</span> <span class='ocrx_word' id='word_1_459' title='bbox 1492 1427 1500 1438; x_wconf 93' lang='lat'><em>‚</em></span> <span class='ocrx_word' id='word_1_460' title='bbox 1513 1406 1674 1446; x_wconf 86' lang='lat' dir='ltr'>urbibusque</span> 
     </span>
     <span class='ocr_line' id='line_1_35' title="bbox 93 1440 1676 1481; baseline 0.003 -13"><span class='ocrx_word' id='word_1_461' title='bbox 93 1440 225 1471; x_wconf 82' lang='lat' dir='ltr'>habitant,</span> <span class='ocrx_word' id='word_1_462' title='bbox 245 1441 393 1473; x_wconf 77' lang='lat' dir='ltr'>abducatis,</span> <span class='ocrx_word' id='word_1_463' title='bbox 414 1442 517 1469; x_wconf 80' lang='lat' dir='ltr'>lumine</span> <span class='ocrx_word' id='word_1_464' title='bbox 529 1443 624 1478; x_wconf 89' lang='lat' dir='ltr'>supero</span> <span class='ocrx_word' id='word_1_465' title='bbox 638 1444 748 1478; x_wconf 87' lang='lat' dir='ltr'>privetis</span> <span class='ocrx_word' id='word_1_466' title='bbox 761 1454 768 1469; x_wconf 72' lang='lat' dir='ltr'>t</span> <span class='ocrx_word' id='word_1_467' title='bbox 789 1444 990 1481; x_wconf 82' lang='lat' dir='ltr'>exercitumque</span> <span class='ocrx_word' id='word_1_468' title='bbox 1004 1444 1119 1472; x_wconf 87' lang='lat' dir='ltr'>hostium</span> <span class='ocrx_word' id='word_1_469' title='bbox 1134 1466 1141 1476; x_wconf 87' lang='lat'>,</span> <span class='ocrx_word' id='word_1_470' title='bbox 1170 1446 1247 1473; x_wconf 85' lang='lat' dir='ltr'>urbes</span> <span class='ocrx_word' id='word_1_471' title='bbox 1261 1447 1390 1481; x_wconf 69' lang='lat' dir='ltr'>agrosque</span> <span class='ocrx_word' id='word_1_472' title='bbox 1405 1454 1500 1472; x_wconf 89' lang='lat' dir='ltr'>eorum</span> <span class='ocrx_word' id='word_1_473' title='bbox 1513 1465 1521 1476; x_wconf 92' lang='lat'>,</span> <span class='ocrx_word' id='word_1_474' title='bbox 1542 1453 1609 1481; x_wconf 88' lang='lat' dir='ltr'>quos</span> <span class='ocrx_word' id='word_1_475' title='bbox 1628 1454 1676 1473; x_wconf 86' lang='lat' dir='ltr'>me</span> 
     </span>
     <span class='ocr_line' id='line_1_36' title="bbox 93 1478 1676 1518; baseline 0.003 -12"><span class='ocrx_word' id='word_1_476' title='bbox 93 1478 179 1506; x_wconf 86' lang='lat' dir='ltr'>sentio</span> <span class='ocrx_word' id='word_1_477' title='bbox 191 1479 295 1510; x_wconf 90' lang='lat' dir='ltr'>dicere,</span> <span class='ocrx_word' id='word_1_478' title='bbox 315 1481 354 1507; x_wconf 87' lang='lat' dir='ltr'>uti</span> <span class='ocrx_word' id='word_1_479' title='bbox 367 1489 416 1507; x_wconf 89' lang='lat' dir='ltr'>vos</span> <span class='ocrx_word' id='word_1_480' title='bbox 429 1489 471 1507; x_wconf 79' lang='lat' dir='ltr'>eas</span> <span class='ocrx_word' id='word_1_481' title='bbox 491 1480 584 1512; x_wconf 89' lang='lat' dir='ltr'>urbes,</span> <span class='ocrx_word' id='word_1_482' title='bbox 603 1480 731 1517; x_wconf 59' lang='lat' dir='ltr'>agi-ostiue</span> <span class='ocrx_word' id='word_1_483' title='bbox 745 1501 752 1512; x_wconf 91' lang='lat'>,</span> <span class='ocrx_word' id='word_1_484' title='bbox 773 1482 856 1518; x_wconf 77' lang='lat' dir='ltr'>capita</span> <span class='ocrx_word' id='word_1_485' title='bbox 866 1502 873 1512; x_wconf 95' lang='lat'>‚</span> <span class='ocrx_word' id='word_1_486' title='bbox 894 1481 1034 1518; x_wconf 83' lang='lat' dir='ltr'>aetatesque</span> <span class='ocrx_word' id='word_1_487' title='bbox 1047 1492 1143 1510; x_wconf 85' lang='lat' dir='ltr'>eorum</span> <span class='ocrx_word' id='word_1_488' title='bbox 1156 1483 1266 1510; x_wconf 86' lang='lat' dir='ltr'>devotas</span> <span class='ocrx_word' id='word_1_489' title='bbox 1280 1503 1288 1513; x_wconf 92' lang='lat'><strong><em>‚</em></strong></span> <span class='ocrx_word' id='word_1_490' title='bbox 1310 1482 1526 1518; x_wconf 73' lang='lat' dir='ltr'>consecratasque</span> <span class='ocrx_word' id='word_1_491' title='bbox 1540 1482 1656 1512; x_wconf 79' lang='lat' dir='ltr'>habeatis</span> <span class='ocrx_word' id='word_1_492' title='bbox 1667 1503 1676 1514; x_wconf 88' lang='lat'>,</span> 
     </span>
     <span class='ocr_line' id='line_1_37' title="bbox 92 1516 1678 1556; baseline 0.004 -13"><span class='ocrx_word' id='word_1_493' title='bbox 92 1516 262 1554; x_wconf 61' lang='lat' dir='ltr'>illisjegibus</span> <span class='ocrx_word' id='word_1_494' title='bbox 274 1538 281 1548; x_wconf 92' lang='lat'>‚</span> <span class='ocrx_word' id='word_1_495' title='bbox 300 1517 394 1554; x_wconf 87' lang='lat' dir='ltr'>quibus</span> <span class='ocrx_word' id='word_1_496' title='bbox 407 1518 567 1555; x_wconf 78' lang='lat' dir='ltr'>quandoque</span> <span class='ocrx_word' id='word_1_497' title='bbox 584 1517 644 1546; x_wconf 90' lang='lat' dir='ltr'>sunt</span> <span class='ocrx_word' id='word_1_498' title='bbox 657 1520 778 1546; x_wconf 85' lang='lat' dir='ltr'>maxime</span> <span class='ocrx_word' id='word_1_499' title='bbox 789 1519 875 1546; x_wconf 77' lang='lat' dir='ltr'>hostes</span> <span class='ocrx_word' id='word_1_500' title='bbox 888 1519 979 1546; x_wconf 79' lang='lat' dir='ltr'>devoti</span> <span class='ocrx_word' id='word_1_501' title='bbox 993 1530 998 1545; x_wconf 90' lang='lat'>:</span> <span class='ocrx_word' id='word_1_502' title='bbox 1019 1519 1116 1556; x_wconf 87' lang='lat' dir='ltr'>eosque</span> <span class='ocrx_word' id='word_1_503' title='bbox 1130 1529 1182 1556; x_wconf 87' lang='lat' dir='ltr'>ego</span> <span class='ocrx_word' id='word_1_504' title='bbox 1194 1519 1308 1547; x_wconf 80' lang='lat' dir='ltr'>vicarios</span> <span class='ocrx_word' id='word_1_505' title='bbox 1326 1529 1376 1555; x_wconf 88' lang='lat' dir='ltr'>pro</span> <span class='ocrx_word' id='word_1_506' title='bbox 1390 1530 1435 1547; x_wconf 86' lang='lat' dir='ltr'>me</span> <span class='ocrx_word' id='word_1_507' title='bbox 1450 1520 1518 1551; x_wconf 87' lang='lat' dir='ltr'>fide,</span> <span class='ocrx_word' id='word_1_508' title='bbox 1540 1522 1678 1556; x_wconf 70' lang='lat' dir='ltr'>magistra-</span> 
     </span>
     <span class='ocr_line' id='line_1_38' title="bbox 93 1555 1673 1594; baseline 0.002 -12"><span class='ocrx_word' id='word_1_509' title='bbox 93 1563 176 1592; x_wconf 78' lang='lat' dir='ltr'>tuque</span> <span class='ocrx_word' id='word_1_510' title='bbox 189 1563 253 1582; x_wconf 88' lang='lat' dir='ltr'>meo</span> <span class='ocrx_word' id='word_1_511' title='bbox 265 1575 273 1586; x_wconf 95' lang='lat'>,</span> <span class='ocrx_word' id='word_1_512' title='bbox 296 1557 323 1588; x_wconf 55' lang='grc' dir='ltr'>ἃ</span> <span class='ocrx_word' id='word_1_513' title='bbox 335 1564 385 1592; x_wconf 88' lang='lat' dir='ltr'>pro</span> <span class='ocrx_word' id='word_1_514' title='bbox 397 1555 497 1591; x_wconf 86' lang='lat' dir='ltr'>populo</span> <span class='ocrx_word' id='word_1_515' title='bbox 509 1557 638 1584; x_wconf 87' lang='lat' dir='ltr'>Romano</span> <span class='ocrx_word' id='word_1_516' title='bbox 653 1577 661 1589; x_wconf 89' lang='lat'>,</span> <span class='ocrx_word' id='word_1_517' title='bbox 682 1557 856 1586; x_wconf 83' lang='lat' dir='ltr'>exercitibus,</span> <span class='ocrx_word' id='word_1_518' title='bbox 877 1556 1077 1594; x_wconf 82' lang='lat' dir='ltr'>legionibusque</span> <span class='ocrx_word' id='word_1_519' title='bbox 1092 1559 1186 1585; x_wconf 82' lang='lat' dir='ltr'>nostris</span> <span class='ocrx_word' id='word_1_520' title='bbox 1203 1558 1239 1585; x_wconf 88' lang='lat' dir='ltr'>do</span> <span class='ocrx_word' id='word_1_521' title='bbox 1254 1577 1261 1588; x_wconf 96' lang='lat'>‚</span> <span class='ocrx_word' id='word_1_522' title='bbox 1282 1557 1419 1585; x_wconf 89' lang='lat' dir='ltr'>devoveo:</span> <span class='ocrx_word' id='word_1_523' title='bbox 1442 1565 1470 1585; x_wconf 91' lang='lat' dir='ltr'>ut</span> <span class='ocrx_word' id='word_1_524' title='bbox 1485 1567 1546 1590; x_wconf 84' lang='lat' dir='ltr'>me,</span> <span class='ocrx_word' id='word_1_525' title='bbox 1568 1567 1673 1587; x_wconf 83' lang='lat' dir='ltr'>meam-</span> 
     </span>
     <span class='ocr_line' id='line_1_39' title="bbox 92 1592 1673 1632; baseline 0.004 -14"><span class='ocrx_word' id='word_1_526' title='bbox 92 1600 146 1629; x_wconf 85' lang='lat' dir='ltr'>que</span> <span class='ocrx_word' id='word_1_527' title='bbox 158 1592 254 1623; x_wconf 85' lang='lat' dir='ltr'>fidem,</span> <span class='ocrx_word' id='word_1_528' title='bbox 273 1593 486 1629; x_wconf 85' lang='lat' dir='ltr'>imperiumque,</span> <span class='ocrx_word' id='word_1_529' title='bbox 507 1593 641 1631; x_wconf 72' lang='lat' dir='ltr'>legiones,</span> <span class='ocrx_word' id='word_1_530' title='bbox 660 1596 862 1631; x_wconf 85' lang='lat' dir='ltr'>exercitumque</span> <span class='ocrx_word' id='word_1_531' title='bbox 875 1595 1010 1623; x_wconf 88' lang='lat' dir='ltr'>nostrum,</span> <span class='ocrx_word' id='word_1_532' title='bbox 1029 1596 1075 1632; x_wconf 88' lang='lat' dir='ltr'>qui</span> <span class='ocrx_word' id='word_1_533' title='bbox 1089 1596 1117 1623; x_wconf 90' lang='lat' dir='ltr'>in</span> <span class='ocrx_word' id='word_1_534' title='bbox 1131 1595 1170 1623; x_wconf 79' lang='lat' dir='ltr'>his</span> <span class='ocrx_word' id='word_1_535' title='bbox 1184 1596 1260 1623; x_wconf 85' lang='lat' dir='ltr'>rebus</span> <span class='ocrx_word' id='word_1_536' title='bbox 1272 1596 1397 1632; x_wconf 85' lang='lat' dir='ltr'>gerundis</span> <span class='ocrx_word' id='word_1_537' title='bbox 1410 1595 1484 1627; x_wconf 90' lang='lat' dir='ltr'>sunt,</span> <span class='ocrx_word' id='word_1_538' title='bbox 1504 1595 1572 1623; x_wconf 86' lang='lat' dir='ltr'>bene</span> <span class='ocrx_word' id='word_1_539' title='bbox 1588 1596 1673 1626; x_wconf 78' lang='lat' dir='ltr'>salvos</span> 
     </span>
     <span class='ocr_line' id='line_1_40' title="bbox 95 1630 1671 1671; baseline 0.004 -15"><span class='ocrx_word' id='word_1_540' title='bbox 95 1630 184 1658; x_wconf 76' lang='lat' dir='ltr'>finatis</span> <span class='ocrx_word' id='word_1_541' title='bbox 199 1630 259 1657; x_wconf 88' lang='lat' dir='ltr'>esse.</span> <span class='ocrx_word' id='word_1_542' title='bbox 296 1630 322 1656; x_wconf 87' lang='lat' dir='ltr'>Si</span> <span class='ocrx_word' id='word_1_543' title='bbox 336 1630 390 1658; x_wconf 81' lang='lat' dir='ltr'>haec</span> <span class='ocrx_word' id='word_1_544' title='bbox 403 1631 439 1658; x_wconf 89' lang='lat' dir='ltr'>ita</span> <span class='ocrx_word' id='word_1_545' title='bbox 453 1630 539 1658; x_wconf 80' lang='lat' dir='ltr'>faxitis</span> <span class='ocrx_word' id='word_1_546' title='bbox 550 1652 559 1663; x_wconf 88' lang='lat'>,</span> <span class='ocrx_word' id='word_1_547' title='bbox 580 1630 609 1659; x_wconf 81' lang='lat' dir='ltr'>ut</span> <span class='ocrx_word' id='word_1_548' title='bbox 626 1641 677 1669; x_wconf 87' lang='lat' dir='ltr'>ego</span> <span class='ocrx_word' id='word_1_549' title='bbox 691 1632 771 1660; x_wconf 86' lang='lat' dir='ltr'>sciam</span> <span class='ocrx_word' id='word_1_550' title='bbox 786 1653 792 1663; x_wconf 90' lang='lat'><strong>‚</strong></span> <span class='ocrx_word' id='word_1_551' title='bbox 815 1633 941 1663; x_wconf 74' lang='lat' dir='ltr'>tentiam,</span> <span class='ocrx_word' id='word_1_552' title='bbox 962 1632 1178 1671; x_wconf 86' lang='lat' dir='ltr'>intelligamque:</span> <span class='ocrx_word' id='word_1_553' title='bbox 1201 1642 1261 1662; x_wconf 87' lang='lat' dir='ltr'>tum</span> <span class='ocrx_word' id='word_1_554' title='bbox 1276 1633 1391 1670; x_wconf 81' lang='lat' dir='ltr'>quisquis</span> <span class='ocrx_word' id='word_1_555' title='bbox 1406 1642 1500 1661; x_wconf 86' lang='lat' dir='ltr'>votum</span> <span class='ocrx_word' id='word_1_556' title='bbox 1517 1633 1571 1661; x_wconf 87' lang='lat' dir='ltr'>hoc</span> <span class='ocrx_word' id='word_1_557' title='bbox 1585 1634 1671 1670; x_wconf 86' lang='lat' dir='ltr'>faxit,</span> 
     </span>
     <span class='ocr_line' id='line_1_41' title="bbox 93 1667 1672 1709; baseline 0.002 -15"><span class='ocrx_word' id='word_1_558' title='bbox 93 1667 140 1695; x_wconf 79' lang='lat' dir='ltr'>ubi</span> <span class='ocrx_word' id='word_1_559' title='bbox 150 1667 227 1698; x_wconf 77' lang='lat' dir='ltr'>faxit,</span> <span class='ocrx_word' id='word_1_560' title='bbox 249 1667 320 1694; x_wconf 61' lang='lat' dir='ltr'>redte</span> <span class='ocrx_word' id='word_1_561' title='bbox 332 1667 433 1695; x_wconf 61' lang='lat' dir='ltr'>factum</span> <span class='ocrx_word' id='word_1_562' title='bbox 446 1668 515 1699; x_wconf 83' lang='lat' dir='ltr'>este,</span> <span class='ocrx_word' id='word_1_563' title='bbox 537 1670 631 1697; x_wconf 87' lang='lat' dir='ltr'>ovibus</span> <span class='ocrx_word' id='word_1_564' title='bbox 645 1671 706 1697; x_wconf 83' lang='lat' dir='ltr'>atris</span> <span class='ocrx_word' id='word_1_565' title='bbox 720 1671 818 1701; x_wconf 82' lang='lat' dir='ltr'>tribus,</span> <span class='ocrx_word' id='word_1_566' title='bbox 839 1670 915 1698; x_wconf 86' lang='lat' dir='ltr'>tellus</span> <span class='ocrx_word' id='word_1_567' title='bbox 931 1679 1031 1701; x_wconf 82' lang='lat' dir='ltr'>mater,</span> <span class='ocrx_word' id='word_1_568' title='bbox 1051 1678 1130 1708; x_wconf 87' lang='lat' dir='ltr'>teque</span> <span class='ocrx_word' id='word_1_569' title='bbox 1143 1673 1248 1709; x_wconf 87' lang='lat' dir='ltr'>Jupiter</span> <span class='ocrx_word' id='word_1_570' title='bbox 1260 1671 1386 1698; x_wconf 86' lang='lat' dir='ltr'>obtestor.</span> <span class='ocrx_word' id='word_1_571' title='bbox 1407 1672 1479 1699; x_wconf 87' lang='lat' dir='ltr'>Cum</span> <span class='ocrx_word' id='word_1_572' title='bbox 1495 1672 1614 1699; x_wconf 78' lang='lat' dir='ltr'>tellurem</span> <span class='ocrx_word' id='word_1_573' title='bbox 1630 1673 1672 1701; x_wconf 78' lang='lat' dir='ltr'>di-</span> 
     </span>
     <span class='ocr_line' id='line_1_42' title="bbox 92 1705 1670 1744; baseline 0.004 -11"><span class='ocrx_word' id='word_1_574' title='bbox 92 1706 130 1733; x_wconf 89' lang='lat' dir='ltr'>cit</span> <span class='ocrx_word' id='word_1_575' title='bbox 143 1725 150 1737; x_wconf 89' lang='lat'>‚</span> <span class='ocrx_word' id='word_1_576' title='bbox 171 1705 293 1733; x_wconf 74' lang='lat' dir='ltr'>manibus</span> <span class='ocrx_word' id='word_1_577' title='bbox 310 1714 410 1734; x_wconf 84' lang='lat' dir='ltr'>terram</span> <span class='ocrx_word' id='word_1_578' title='bbox 432 1706 536 1741; x_wconf 85' lang='lat' dir='ltr'>tangit:</span> <span class='ocrx_word' id='word_1_579' title='bbox 558 1716 620 1735; x_wconf 84' lang='lat' dir='ltr'>cum</span> <span class='ocrx_word' id='word_1_580' title='bbox 635 1705 737 1743; x_wconf 78' lang='lat' dir='ltr'>Jovem</span> <span class='ocrx_word' id='word_1_581' title='bbox 756 1708 820 1735; x_wconf 90' lang='lat' dir='ltr'>dicit</span> <span class='ocrx_word' id='word_1_582' title='bbox 834 1728 841 1739; x_wconf 85' lang='lat'>‚</span> <span class='ocrx_word' id='word_1_583' title='bbox 863 1717 957 1735; x_wconf 86' lang='lat' dir='ltr'>manus</span> <span class='ocrx_word' id='word_1_584' title='bbox 980 1709 1012 1735; x_wconf 91' lang='lat' dir='ltr'>ad</span> <span class='ocrx_word' id='word_1_585' title='bbox 1030 1709 1128 1736; x_wconf 74' lang='lat' dir='ltr'>coelum</span> <span class='ocrx_word' id='word_1_586' title='bbox 1144 1709 1232 1737; x_wconf 87' lang='lat' dir='ltr'>tollit:</span> <span class='ocrx_word' id='word_1_587' title='bbox 1252 1718 1315 1736; x_wconf 88' lang='lat' dir='ltr'>cum</span> <span class='ocrx_word' id='word_1_588' title='bbox 1333 1717 1427 1736; x_wconf 88' lang='lat' dir='ltr'>votum</span> <span class='ocrx_word' id='word_1_589' title='bbox 1450 1710 1570 1744; x_wconf 86' lang='lat' dir='ltr'>recipere</span> <span class='ocrx_word' id='word_1_590' title='bbox 1588 1711 1670 1743; x_wconf 85' lang='lat' dir='ltr'>dicit,</span> 
     </span>
    </p>
   </div>
   <div class='ocr_carea' id='block_1_7' title="bbox 46 1742 1670 1784">
    <p class='ocr_par' dir='ltr' id='par_1_9' title="bbox 46 1742 1670 1784">
     <span class='ocr_line' id='line_1_43' title="bbox 46 1742 1670 1784; baseline 0.002 -15"><span class='ocrx_word' id='word_1_591' title='bbox 46 1759 51 1764; x_wconf 56' lang='grc' dir='ltr'><strong><em>ι</em></strong></span> <span class='ocrx_word' id='word_1_592' title='bbox 90 1742 208 1770; x_wconf 72' lang='lat' dir='ltr'>manibus</span> <span class='ocrx_word' id='word_1_593' title='bbox 217 1743 304 1777; x_wconf 66' lang='lat' dir='ltr'>peHus</span> <span class='ocrx_word' id='word_1_594' title='bbox 315 1745 409 1779; x_wconf 79' lang='lat' dir='ltr'>tangit.</span> <span class='ocrx_word' id='word_1_595' title='bbox 428 1744 563 1771; x_wconf 64' lang='lat' dir='ltr'>Haetenus</span> <span class='ocrx_word' id='word_1_596' title='bbox 577 1755 609 1772; x_wconf 82' lang='lat' dir='ltr'>ex</span> <span class='ocrx_word' id='word_1_597' title='bbox 621 1746 798 1773; x_wconf 88' lang='lat' dir='ltr'>Sammonico</span> <span class='ocrx_word' id='word_1_598' title='bbox 811 1747 909 1772; x_wconf 86' lang='lat' dir='ltr'>Sereno</span> <span class='ocrx_word' id='word_1_599' title='bbox 921 1745 1080 1780; x_wconf 63' lang='lat' dir='ltr'>Macrobius,</span> <span class='ocrx_word' id='word_1_600' title='bbox 1101 1748 1127 1775; x_wconf 73' lang='grc' dir='ltr'>δε</span> <span class='ocrx_word' id='word_1_601' title='bbox 1141 1748 1214 1776; x_wconf 82' lang='lat' dir='ltr'>addit</span> <span class='ocrx_word' id='word_1_602' title='bbox 1231 1748 1258 1773; x_wconf 87' lang='lat' dir='ltr'>in</span> <span class='ocrx_word' id='word_1_603' title='bbox 1272 1746 1469 1783; x_wconf 72' lang='lat' dir='ltr'>antiquitatibus</span> <span class='ocrx_word' id='word_1_604' title='bbox 1484 1747 1509 1773; x_wconf 88' lang='lat' dir='ltr'>se</span> <span class='ocrx_word' id='word_1_605' title='bbox 1523 1746 1577 1775; x_wconf 56' lang='lat' dir='ltr'>hec</span> <span class='ocrx_word' id='word_1_606' title='bbox 1591 1750 1670 1784; x_wconf 74' lang='lat' dir='ltr'>oppi-</span> 
     </span>
    </p>
   </div>
   <div class='ocr_carea' id='block_1_8' title="bbox 91 1777 1673 1898">
    <p class='ocr_par' dir='ltr' id='par_1_10' title="bbox 91 1777 1673 1898">
     <span class='ocr_line' id='line_1_44' title="bbox 93 1777 1672 1822; baseline 0.004 -15"><span class='ocrx_word' id='word_1_607' title='bbox 93 1781 126 1808; x_wconf 88' lang='lat' dir='ltr'>da</span> <span class='ocrx_word' id='word_1_608' title='bbox 138 1782 265 1808; x_wconf 80' lang='lat' dir='ltr'>inveniffe</span> <span class='ocrx_word' id='word_1_609' title='bbox 278 1782 376 1808; x_wconf 84' lang='lat' dir='ltr'>devota</span> <span class='ocrx_word' id='word_1_610' title='bbox 389 1802 396 1812; x_wconf 94' lang='lat'>,</span> <span class='ocrx_word' id='word_1_611' title='bbox 417 1779 504 1807; x_wconf 65' lang='lat' dir='ltr'>Tomos</span> <span class='ocrx_word' id='word_1_612' title='bbox 517 1802 524 1813; x_wconf 90' lang='lat'>‚</span> <span class='ocrx_word' id='word_1_613' title='bbox 545 1783 670 1820; x_wconf 75' lang='lat' dir='ltr'>Fregellas</span> <span class='ocrx_word' id='word_1_614' title='bbox 684 1804 690 1813; x_wconf 84' lang='grc'><strong>,</strong></span> <span class='ocrx_word' id='word_1_615' title='bbox 718 1777 808 1810; x_wconf 60' lang='lat' dir='ltr'>&amp;abtas</span> <span class='ocrx_word' id='word_1_616' title='bbox 821 1804 828 1815; x_wconf 88' lang='lat'>,</span> <span class='ocrx_word' id='word_1_617' title='bbox 850 1786 917 1818; x_wconf 82' lang='lat' dir='ltr'>Vejos</span> <span class='ocrx_word' id='word_1_618' title='bbox 931 1805 938 1815; x_wconf 90' lang='lat'>,</span> <span class='ocrx_word' id='word_1_619' title='bbox 956 1783 1075 1811; x_wconf 70' lang='lat' dir='ltr'>Fidenas.</span> <span class='ocrx_word' id='word_1_620' title='bbox 1115 1785 1241 1813; x_wconf 71' lang='lat' dir='ltr'>Praeterea</span> <span class='ocrx_word' id='word_1_621' title='bbox 1253 1785 1448 1822; x_wconf 68' lang='lat' dir='ltr'>Carthaginem,</span> <span class='ocrx_word' id='word_1_622' title='bbox 1469 1787 1495 1813; x_wconf 64' lang='grc' dir='ltr'>ὃς</span> <span class='ocrx_word' id='word_1_623' title='bbox 1511 1784 1672 1814; x_wconf 74' lang='lat' dir='ltr'>Corinthum.</span> 
     </span>
     <span class='ocr_line' id='line_1_45' title="bbox 91 1819 1673 1862; baseline 0.004 -16"><span class='ocrx_word' id='word_1_624' title='bbox 91 1819 142 1846; x_wconf 90' lang='lat' dir='ltr'>Sed</span> <span class='ocrx_word' id='word_1_625' title='bbox 157 1822 184 1847; x_wconf 86' lang='lat'>&amp;</span> <span class='ocrx_word' id='word_1_626' title='bbox 201 1819 301 1846; x_wconf 89' lang='lat' dir='ltr'>multos</span> <span class='ocrx_word' id='word_1_627' title='bbox 315 1819 458 1850; x_wconf 77' lang='lat' dir='ltr'>exercitus,</span> <span class='ocrx_word' id='word_1_628' title='bbox 478 1820 628 1856; x_wconf 69' lang='lat' dir='ltr'>oppidaque</span> <span class='ocrx_word' id='word_1_629' title='bbox 640 1821 770 1852; x_wconf 83' lang='lat' dir='ltr'>hostium,</span> <span class='ocrx_word' id='word_1_630' title='bbox 791 1821 940 1853; x_wconf 82' lang='lat' dir='ltr'>Gallorum,</span> <span class='ocrx_word' id='word_1_631' title='bbox 959 1821 1144 1857; x_wconf 53' lang='lat' dir='ltr'>Hispanorum,</span> <span class='ocrx_word' id='word_1_632' title='bbox 1165 1823 1301 1858; x_wconf 82' lang='lat' dir='ltr'>Afrorum,</span> <span class='ocrx_word' id='word_1_633' title='bbox 1320 1827 1486 1856; x_wconf 73' lang='lat' dir='ltr'>Maurorum,</span> <span class='ocrx_word' id='word_1_634' title='bbox 1506 1822 1673 1862; x_wconf 62' lang='lat' dir='ltr'>aliarumque</span> 
     </span>
     <span class='ocr_line' id='line_1_46' title="bbox 91 1856 1255 1898; baseline 0.002 -13"><span class='ocrx_word' id='word_1_635' title='bbox 91 1858 230 1894; x_wconf 84' lang='lat' dir='ltr'>gentium,</span> <span class='ocrx_word' id='word_1_636' title='bbox 249 1866 313 1896; x_wconf 87' lang='lat' dir='ltr'>quas</span> <span class='ocrx_word' id='word_1_637' title='bbox 328 1856 405 1894; x_wconf 83' lang='lat' dir='ltr'>prisci</span> <span class='ocrx_word' id='word_1_638' title='bbox 419 1857 566 1895; x_wconf 89' lang='lat' dir='ltr'>loquuntur</span> <span class='ocrx_word' id='word_1_639' title='bbox 575 1860 689 1888; x_wconf 86' lang='lat' dir='ltr'>annales.</span> <span class='ocrx_word' id='word_1_640' title='bbox 715 1861 805 1897; x_wconf 89' lang='lat' dir='ltr'>Atque</span> <span class='ocrx_word' id='word_1_641' title='bbox 819 1860 852 1888; x_wconf 89' lang='lat' dir='ltr'>de</span> <span class='ocrx_word' id='word_1_642' title='bbox 865 1860 1108 1898; x_wconf 85' lang='lat' dir='ltr'>oppugnationibus</span> <span class='ocrx_word' id='word_1_643' title='bbox 1120 1860 1255 1889; x_wconf 64' lang='lat' dir='ltr'>haetenus.</span> 
     </span>
    </p>
   </div>
   <div class='ocr_carea' id='block_1_9' title="bbox 688 1937 1065 2041">
    <p class='ocr_par' dir='ltr' id='par_1_11' title="bbox 688 1937 1065 2041">
     <span class='ocr_line' id='line_1_47' title="bbox 688 1937 1065 1965; baseline -0.005 -1"><span class='ocrx_word' id='word_1_644' title='bbox 688 1937 714 1964; x_wconf 91' lang='lat' dir='ltr'>C</span> <span class='ocrx_word' id='word_1_645' title='bbox 745 1946 762 1963; x_wconf 79' lang='lat' dir='ltr'>A</span> <span class='ocrx_word' id='word_1_646' title='bbox 796 1946 811 1963; x_wconf 68' lang='grc' dir='ltr'>ι»</span> <span class='ocrx_word' id='word_1_647' title='bbox 844 1948 862 1965; x_wconf 89' lang='grc' dir='ltr'>υ</span> <span class='ocrx_word' id='word_1_648' title='bbox 897 1947 913 1963; x_wconf 84' lang='grc' dir='ltr'><strong>τ</strong></span> <span class='ocrx_word' id='word_1_649' title='bbox 961 1937 1065 1963; x_wconf 88' lang='lat' dir='ltr'><strong>XIX.</strong></span> 
     </span>
     <span class='ocr_line' id='line_1_48' title="bbox 727 1994 1030 2041; baseline 0 -14"><span class='ocrx_word' id='word_1_650' title='bbox 727 1995 780 2027; x_wconf 83' lang='lat' dir='ltr'>De</span> <span class='ocrx_word' id='word_1_651' title='bbox 793 1994 893 2041; x_wconf 71' lang='lat' dir='ltr'>pralio</span> <span class='ocrx_word' id='word_1_652' title='bbox 908 1994 1030 2027; x_wconf 75' lang='lat' dir='ltr'>navali.</span> 
     </span>
    </p>
   </div>
   <div class='ocr_carea' id='block_1_10' title="bbox 86 2065 1672 2459">
    <p class='ocr_par' dir='ltr' id='par_1_12' title="bbox 86 2065 1672 2453">
     <span class='ocr_line' id='line_1_49' title="bbox 91 2065 1668 2135; baseline 0.003 -34"><span class='ocrx_word' id='word_1_653' title='bbox 91 2065 240 2135; x_wconf 79' lang='lat' dir='ltr'>Sequitur</span> <span class='ocrx_word' id='word_1_654' title='bbox 251 2073 306 2109; x_wconf 74' lang='lat' dir='ltr'>jam</span> <span class='ocrx_word' id='word_1_655' title='bbox 321 2074 354 2101; x_wconf 88' lang='lat' dir='ltr'>de</span> <span class='ocrx_word' id='word_1_656' title='bbox 362 2072 443 2108; x_wconf 69' lang='lat' dir='ltr'>pralio</span> <span class='ocrx_word' id='word_1_657' title='bbox 457 2072 546 2102; x_wconf 62' lang='lat' dir='ltr'>navali</span> <span class='ocrx_word' id='word_1_658' title='bbox 559 2096 567 2107; x_wconf 91' lang='lat'>‚</span> <span class='ocrx_word' id='word_1_659' title='bbox 588 2074 622 2102; x_wconf 89' lang='lat' dir='ltr'>de</span> <span class='ocrx_word' id='word_1_660' title='bbox 636 2071 690 2112; x_wconf 85' lang='lat' dir='ltr'>quo</span> <span class='ocrx_word' id='word_1_661' title='bbox 705 2081 848 2110; x_wconf 85' lang='lat' dir='ltr'>antequam</span> <span class='ocrx_word' id='word_1_662' title='bbox 863 2075 952 2102; x_wconf 87' lang='lat' dir='ltr'>dicere</span> <span class='ocrx_word' id='word_1_663' title='bbox 969 2073 1128 2111; x_wconf 83' lang='lat' dir='ltr'>incipiamus</span> <span class='ocrx_word' id='word_1_664' title='bbox 1140 2095 1148 2106; x_wconf 91' lang='lat'>‚</span> <span class='ocrx_word' id='word_1_665' title='bbox 1174 2073 1312 2102; x_wconf 84' lang='lat' dir='ltr'>sciendum</span> <span class='ocrx_word' id='word_1_666' title='bbox 1327 2073 1364 2101; x_wconf 85' lang='lat' dir='ltr'>est</span> <span class='ocrx_word' id='word_1_667' title='bbox 1377 2095 1384 2106; x_wconf 98' lang='lat'><em>‚</em></span> <span class='ocrx_word' id='word_1_668' title='bbox 1405 2075 1546 2105; x_wconf 85' lang='lat' dir='ltr'>Romanos</span> <span class='ocrx_word' id='word_1_669' title='bbox 1560 2088 1624 2107; x_wconf 88' lang='lat' dir='ltr'>cum</span> <span class='ocrx_word' id='word_1_670' title='bbox 1640 2081 1668 2110; x_wconf 82' lang='lat' dir='ltr'>in</span> 
     </span>
     <span class='ocr_line' id='line_1_50' title="bbox 152 2112 1670 2149; baseline 0 -9"><span class='ocrx_word' id='word_1_671' title='bbox 152 2113 229 2140; x_wconf 84' lang='lat' dir='ltr'>omni</span> <span class='ocrx_word' id='word_1_672' title='bbox 243 2112 342 2149; x_wconf 83' lang='lat' dir='ltr'>reliqua</span> <span class='ocrx_word' id='word_1_673' title='bbox 350 2112 445 2139; x_wconf 78' lang='lat' dir='ltr'>militia</span> <span class='ocrx_word' id='word_1_674' title='bbox 458 2113 519 2140; x_wconf 82' lang='lat' dir='ltr'>clari</span> <span class='ocrx_word' id='word_1_675' title='bbox 533 2113 615 2140; x_wconf 81' lang='lat' dir='ltr'>effent</span> <span class='ocrx_word' id='word_1_676' title='bbox 624 2134 630 2143; x_wconf 96' lang='lat'>,</span> <span class='ocrx_word' id='word_1_677' title='bbox 650 2113 815 2140; x_wconf 84' lang='lat' dir='ltr'>maritamen</span> <span class='ocrx_word' id='word_1_678' title='bbox 830 2113 882 2141; x_wconf 80' lang='lat' dir='ltr'>sese</span> <span class='ocrx_word' id='word_1_679' title='bbox 890 2123 944 2140; x_wconf 89' lang='lat' dir='ltr'>non</span> <span class='ocrx_word' id='word_1_680' title='bbox 953 2112 1112 2140; x_wconf 67' lang='lat' dir='ltr'>comniifitl‘e</span> <span class='ocrx_word' id='word_1_681' title='bbox 1124 2120 1185 2140; x_wconf 83' lang='lat' dir='ltr'>ante</span> <span class='ocrx_word' id='word_1_682' title='bbox 1193 2113 1311 2148; x_wconf 87' lang='lat' dir='ltr'>primum</span> <span class='ocrx_word' id='word_1_683' title='bbox 1327 2112 1425 2140; x_wconf 87' lang='lat' dir='ltr'>bellum</span> <span class='ocrx_word' id='word_1_684' title='bbox 1441 2116 1578 2144; x_wconf 71' lang='lat' dir='ltr'>Punicum,</span> <span class='ocrx_word' id='word_1_685' title='bbox 1593 2120 1670 2147; x_wconf 79' lang='lat' dir='ltr'>Tum</span> 
     </span>
     <span class='ocr_line' id='line_1_51' title="bbox 91 2150 1670 2189; baseline 0.003 -12"><span class='ocrx_word' id='word_1_686' title='bbox 91 2151 162 2177; x_wconf 88' lang='lat' dir='ltr'>enim</span> <span class='ocrx_word' id='word_1_687' title='bbox 172 2151 308 2186; x_wconf 83' lang='lat' dir='ltr'>primurn,</span> <span class='ocrx_word' id='word_1_688' title='bbox 326 2159 388 2178; x_wconf 90' lang='lat' dir='ltr'>cum</span> <span class='ocrx_word' id='word_1_689' title='bbox 396 2151 601 2188; x_wconf 62' lang='lat' dir='ltr'>Carthaginenses</span> <span class='ocrx_word' id='word_1_690' title='bbox 614 2150 760 2186; x_wconf 83' lang='lat' dir='ltr'>plurimum</span> <span class='ocrx_word' id='word_1_691' title='bbox 777 2153 844 2178; x_wconf 83' lang='lat' dir='ltr'>mari</span> <span class='ocrx_word' id='word_1_692' title='bbox 855 2151 1001 2187; x_wconf 85' lang='lat' dir='ltr'>pollerent,</span> <span class='ocrx_word' id='word_1_693' title='bbox 1016 2151 1134 2179; x_wconf 61' lang='lat' dir='ltr'>coacti&amp;</span> <span class='ocrx_word' id='word_1_694' title='bbox 1146 2150 1192 2186; x_wconf 87' lang='lat' dir='ltr'>ipfi</span> <span class='ocrx_word' id='word_1_695' title='bbox 1205 2150 1264 2178; x_wconf 83' lang='lat' dir='ltr'>sunt</span> <span class='ocrx_word' id='word_1_696' title='bbox 1279 2150 1384 2179; x_wconf 59' lang='lat' dir='ltr'>clanim</span> <span class='ocrx_word' id='word_1_697' title='bbox 1400 2159 1606 2189; x_wconf 85' lang='lat' dir='ltr'>comparare,&amp;</span> <span class='ocrx_word' id='word_1_698' title='bbox 1620 2166 1670 2184; x_wconf 85' lang='lat' dir='ltr'>na-</span> 
     </span>
     <span class='ocr_line' id='line_1_52' title="bbox 90 2187 1672 2230; baseline 0.004 -15"><span class='ocrx_word' id='word_1_699' title='bbox 90 2188 155 2215; x_wconf 63' lang='lat' dir='ltr'>valis</span> <span class='ocrx_word' id='word_1_700' title='bbox 169 2188 225 2214; x_wconf 82' lang='lat' dir='ltr'>bellt</span> <span class='ocrx_word' id='word_1_701' title='bbox 237 2188 384 2224; x_wconf 88' lang='lat' dir='ltr'>periculum</span> <span class='ocrx_word' id='word_1_702' title='bbox 399 2187 493 2216; x_wconf 83' lang='lat' dir='ltr'>facere.</span> <span class='ocrx_word' id='word_1_703' title='bbox 517 2190 655 2216; x_wconf 59' lang='lat' dir='ltr'>INeautem</span> <span class='ocrx_word' id='word_1_704' title='bbox 666 2189 778 2216; x_wconf 88' lang='lat' dir='ltr'>omnino</span> <span class='ocrx_word' id='word_1_705' title='bbox 787 2190 977 2225; x_wconf 44' lang='lat' dir='ltr'>navigationi&amp;</span> <span class='ocrx_word' id='word_1_706' title='bbox 995 2191 1021 2216; x_wconf 73' lang='grc' dir='ltr'>ὃ(</span> <span class='ocrx_word' id='word_1_707' title='bbox 1038 2198 1128 2215; x_wconf 88' lang='lat' dir='ltr'>rerum</span> <span class='ocrx_word' id='word_1_708' title='bbox 1144 2189 1338 2216; x_wconf 75' lang='lat' dir='ltr'>maritimarum</span> <span class='ocrx_word' id='word_1_709' title='bbox 1353 2199 1473 2226; x_wconf 78' lang='lat' dir='ltr'>expertes</span> <span class='ocrx_word' id='word_1_710' title='bbox 1489 2193 1584 2225; x_wconf 68' lang='lat' dir='ltr'>ess‘enr,</span> <span class='ocrx_word' id='word_1_711' title='bbox 1607 2204 1672 2230; x_wconf 76' lang='lat' dir='ltr'>pro-</span> 
     </span>
     <span class='ocr_line' id='line_1_53' title="bbox 90 2226 1666 2267; baseline 0.003 -13"><span class='ocrx_word' id='word_1_712' title='bbox 90 2227 240 2254; x_wconf 68' lang='lat' dir='ltr'>videntur&amp;</span> <span class='ocrx_word' id='word_1_713' title='bbox 249 2236 310 2254; x_wconf 87' lang='lat' dir='ltr'>cura</span> <span class='ocrx_word' id='word_1_714' title='bbox 320 2226 452 2260; x_wconf 67' lang='lat' dir='ltr'>Consulum</span> <span class='ocrx_word' id='word_1_715' title='bbox 465 2226 565 2254; x_wconf 70' lang='lat' dir='ltr'>fa&amp;um</span> <span class='ocrx_word' id='word_1_716' title='bbox 575 2228 628 2258; x_wconf 88' lang='lat' dir='ltr'>est,</span> <span class='ocrx_word' id='word_1_717' title='bbox 642 2235 671 2255; x_wconf 92' lang='lat' dir='ltr'>ut</span> <span class='ocrx_word' id='word_1_718' title='bbox 685 2226 784 2254; x_wconf 67' lang='lat' dir='ltr'>milites</span> <span class='ocrx_word' id='word_1_719' title='bbox 796 2228 921 2265; x_wconf 78' lang='lat' dir='ltr'>paulatm</span> <span class='ocrx_word' id='word_1_720' title='bbox 936 2229 967 2254; x_wconf 86' lang='lat' dir='ltr'>ad</span> <span class='ocrx_word' id='word_1_721' title='bbox 981 2227 1126 2264; x_wconf 87' lang='lat' dir='ltr'>remigium</span> <span class='ocrx_word' id='word_1_722' title='bbox 1141 2227 1257 2260; x_wconf 85' lang='lat' dir='ltr'>interea,</span> <span class='ocrx_word' id='word_1_723' title='bbox 1270 2228 1336 2254; x_wconf 87' lang='lat' dir='ltr'>dum</span> <span class='ocrx_word' id='word_1_724' title='bbox 1351 2236 1407 2256; x_wconf 83' lang='lat' dir='ltr'>tota</span> <span class='ocrx_word' id='word_1_725' title='bbox 1420 2228 1503 2257; x_wconf 82' lang='lat' dir='ltr'>claffis</span> <span class='ocrx_word' id='word_1_726' title='bbox 1515 2240 1666 2267; x_wconf 85' lang='lat' dir='ltr'>pararetur,</span> 
     </span>
     <span class='ocr_line' id='line_1_54' title="bbox 90 2263 1664 2304; baseline 0.004 -13"><span class='ocrx_word' id='word_1_727' title='bbox 90 2272 277 2292; x_wconf 82' lang='lat' dir='ltr'>exercerentur</span> <span class='ocrx_word' id='word_1_728' title='bbox 291 2273 339 2300; x_wconf 75' lang='lat' dir='ltr'>per</span> <span class='ocrx_word' id='word_1_729' title='bbox 351 2263 422 2291; x_wconf 81' lang='lat' dir='ltr'>hunc</span> <span class='ocrx_word' id='word_1_730' title='bbox 435 2285 441 2295; x_wconf 92' lang='lat'><strong><em>‚</em></strong></span> <span class='ocrx_word' id='word_1_731' title='bbox 462 2265 500 2291; x_wconf 89' lang='lat' dir='ltr'>uti</span> <span class='ocrx_word' id='word_1_732' title='bbox 514 2263 626 2298; x_wconf 76' lang='lat' dir='ltr'>Polybius</span> <span class='ocrx_word' id='word_1_733' title='bbox 637 2265 705 2292; x_wconf 86' lang='lat' dir='ltr'>libro</span> <span class='ocrx_word' id='word_1_734' title='bbox 718 2266 809 2302; x_wconf 40' lang='lat' dir='ltr'>prin‘io</span> <span class='ocrx_word' id='word_1_735' title='bbox 822 2266 901 2293; x_wconf 88' lang='lat' dir='ltr'>docet</span> <span class='ocrx_word' id='word_1_736' title='bbox 916 2266 1040 2292; x_wconf 84' lang='lat' dir='ltr'>modum.</span> <span class='ocrx_word' id='word_1_737' title='bbox 1079 2263 1208 2292; x_wconf 78' lang='lat' dir='ltr'>Subselliis</span> <span class='ocrx_word' id='word_1_738' title='bbox 1221 2266 1247 2292; x_wconf 89' lang='lat' dir='ltr'>in</span> <span class='ocrx_word' id='word_1_739' title='bbox 1262 2275 1339 2293; x_wconf 86' lang='lat' dir='ltr'>arena</span> <span class='ocrx_word' id='word_1_740' title='bbox 1359 2275 1406 2302; x_wconf 87' lang='lat' dir='ltr'>per</span> <span class='ocrx_word' id='word_1_741' title='bbox 1418 2269 1542 2295; x_wconf 84' lang='lat' dir='ltr'>ordinem</span> <span class='ocrx_word' id='word_1_742' title='bbox 1558 2270 1664 2304; x_wconf 81' lang='lat' dir='ltr'>politis,</span> 
     </span>
     <span class='ocr_line' id='line_1_55' title="bbox 89 2303 1669 2340; baseline 0.003 -11"><span class='ocrx_word' id='word_1_743' title='bbox 89 2303 206 2340; x_wconf 89' lang='lat' dir='ltr'>remiges</span> <span class='ocrx_word' id='word_1_744' title='bbox 219 2303 360 2330; x_wconf 81' lang='lat' dir='ltr'>inlidentes</span> <span class='ocrx_word' id='word_1_745' title='bbox 380 2303 412 2329; x_wconf 90' lang='lat' dir='ltr'>ad</span> <span class='ocrx_word' id='word_1_746' title='bbox 425 2312 521 2330; x_wconf 88' lang='lat' dir='ltr'>vocem</span> <span class='ocrx_word' id='word_1_747' title='bbox 535 2304 710 2340; x_wconf 72' lang='lat' dir='ltr'>praecipientis</span> <span class='ocrx_word' id='word_1_748' title='bbox 723 2324 730 2335; x_wconf 89' lang='lat'>,</span> <span class='ocrx_word' id='word_1_749' title='bbox 750 2304 794 2340; x_wconf 86' lang='lat' dir='ltr'>qui</span> <span class='ocrx_word' id='word_1_750' title='bbox 807 2303 834 2330; x_wconf 93' lang='lat' dir='ltr'>in</span> <span class='ocrx_word' id='word_1_751' title='bbox 849 2304 941 2330; x_wconf 89' lang='lat' dir='ltr'>medio</span> <span class='ocrx_word' id='word_1_752' title='bbox 954 2312 1049 2330; x_wconf 84' lang='lat' dir='ltr'>eorum</span> <span class='ocrx_word' id='word_1_753' title='bbox 1061 2311 1128 2336; x_wconf 86' lang='lat' dir='ltr'>erat,</span> <span class='ocrx_word' id='word_1_754' title='bbox 1148 2312 1244 2330; x_wconf 88' lang='lat' dir='ltr'>omnes</span> <span class='ocrx_word' id='word_1_755' title='bbox 1261 2313 1311 2332; x_wconf 89' lang='lat' dir='ltr'>una</span> <span class='ocrx_word' id='word_1_756' title='bbox 1325 2307 1487 2340; x_wconf 64' lang='lat' dir='ltr'>protendere</span> <span class='ocrx_word' id='word_1_757' title='bbox 1499 2306 1618 2338; x_wconf 85' lang='lat' dir='ltr'>brachia,</span> <span class='ocrx_word' id='word_1_758' title='bbox 1638 2316 1669 2335; x_wconf 82' lang='lat' dir='ltr'>ac</span> 
     </span>
     <span class='ocr_line' id='line_1_56' title="bbox 89 2338 1669 2378; baseline 0.003 -12"><span class='ocrx_word' id='word_1_759' title='bbox 89 2340 214 2368; x_wconf 89' lang='lat' dir='ltr'>reducere</span> <span class='ocrx_word' id='word_1_760' title='bbox 227 2362 233 2369; x_wconf 82' lang='lat'><em>.</em></span> <span class='ocrx_word' id='word_1_761' title='bbox 255 2340 397 2377; x_wconf 57' lang='lat' dir='ltr'>remaque</span> <span class='ocrx_word' id='word_1_762' title='bbox 411 2349 459 2376; x_wconf 74' lang='lat' dir='ltr'>per</span> <span class='ocrx_word' id='word_1_763' title='bbox 471 2350 579 2368; x_wconf 81' lang='lat' dir='ltr'>arenam</span> <span class='ocrx_word' id='word_1_764' title='bbox 595 2351 707 2369; x_wconf 83' lang='lat' dir='ltr'>movere</span> <span class='ocrx_word' id='word_1_765' title='bbox 729 2342 827 2378; x_wconf 81' lang='lat' dir='ltr'>pariter</span> <span class='ocrx_word' id='word_1_766' title='bbox 840 2341 1005 2369; x_wconf 85' lang='lat' dir='ltr'>docebantur</span> <span class='ocrx_word' id='word_1_767' title='bbox 1020 2353 1024 2367; x_wconf 77' lang='lat'><em>2</em></span> <span class='ocrx_word' id='word_1_768' title='bbox 1050 2342 1082 2368; x_wconf 89' lang='lat' dir='ltr'>ad</span> <span class='ocrx_word' id='word_1_769' title='bbox 1100 2338 1168 2368; x_wconf 84' lang='lat' dir='ltr'>illius</span> <span class='ocrx_word' id='word_1_770' title='bbox 1182 2351 1280 2369; x_wconf 86' lang='lat' dir='ltr'>vocem</span> <span class='ocrx_word' id='word_1_771' title='bbox 1294 2342 1371 2369; x_wconf 84' lang='lat' dir='ltr'>fimul</span> <span class='ocrx_word' id='word_1_772' title='bbox 1390 2353 1486 2371; x_wconf 87' lang='lat' dir='ltr'>omnes</span> <span class='ocrx_word' id='word_1_773' title='bbox 1504 2344 1669 2378; x_wconf 65' lang='lat' dir='ltr'>incipiebant,</span> 
     </span>
     <span class='ocr_line' id='line_1_57' title="bbox 86 2377 1671 2453; baseline 0.001 -45"><span class='ocrx_word' id='word_1_774' title='bbox 86 2377 165 2408; x_wconf 72' lang='lat' dir='ltr'>fimul</span> <span class='ocrx_word' id='word_1_775' title='bbox 175 2377 327 2418; x_wconf 62' lang='lat' dir='ltr'>definebam,</span> <span class='ocrx_word' id='word_1_776' title='bbox 349 2387 397 2416; x_wconf 81' lang='lat' dir='ltr'>per</span> <span class='ocrx_word' id='word_1_777' title='bbox 414 2377 486 2409; x_wconf 85' lang='lat' dir='ltr'>hunc</span> <span class='ocrx_word' id='word_1_778' title='bbox 504 2379 621 2410; x_wconf 84' lang='lat' dir='ltr'>modum</span> <span class='ocrx_word' id='word_1_779' title='bbox 639 2380 783 2419; x_wconf 81' lang='lat' dir='ltr'>navigandi</span> <span class='ocrx_word' id='word_1_780' title='bbox 802 2389 889 2410; x_wconf 79' lang='lat' dir='ltr'>artem</span> <span class='ocrx_word' id='word_1_781' title='bbox 910 2379 999 2446; x_wconf 54' lang='lat' dir='ltr'>edoii</span> <span class='ocrx_word' id='word_1_782' title='bbox 1020 2381 1043 2407; x_wconf 74' lang='grc' dir='ltr'>ὅ(</span> <span class='ocrx_word' id='word_1_783' title='bbox 1065 2379 1188 2415; x_wconf 69' lang='grc' dir='ltr'>Ρεπῐεόὶιε</span> <span class='ocrx_word' id='word_1_784' title='bbox 1207 2381 1308 2410; x_wconf 80' lang='lat' dir='ltr'>interea</span> <span class='ocrx_word' id='word_1_785' title='bbox 1326 2380 1437 2419; x_wconf 76' lang='lat' dir='ltr'>navibus</span> <span class='ocrx_word' id='word_1_786' title='bbox 1455 2391 1530 2412; x_wconf 79' lang='lat' dir='ltr'>mare</span> <span class='ocrx_word' id='word_1_787' title='bbox 1547 2383 1671 2453; x_wconf 46' lang='lat' dir='ltr'>ingressi}i</span> 
     </span>
    </p>

    <p class='ocr_par' dir='ltr' id='par_1_13' title="bbox 997 2426 1671 2459">
     <span class='ocr_line' id='line_1_58' title="bbox 997 2426 1671 2459; baseline 0 -10"><span class='ocrx_word' id='word_1_788' title='bbox 997 2426 1075 2449; x_wconf 78' lang='lat' dir='ltr'>aaaa</span> <span class='ocrx_word' id='word_1_789' title='bbox 1612 2430 1649 2459; x_wconf 76' lang='lat' dir='ltr'>po</span> <span class='ocrx_word' id='word_1_790' title='bbox 1667 2458 1671 2459; x_wconf 23' lang='lat'><em>⁷</em></span> 
     </span>
    </p>
   </div>
  </div>
 </body>
</html>
