2075 2734
483 117 1358 145 ALIALUDORUMDivr81‘0.CAP.12.
1664 132 1719 160 335

131 171 295 202 vocabantur
307 189 314 203 ,
343 169 415 207 quod
434 168 576 197 forarninis
596 177 708 196 caverna
723 187 730 198 ‚
755 175 784 195 ut
803 166 839 193 ait
853 165 955 192 Seri-ius
968 188 975 198 ,
996 176 1042 202 par
1058 177 1114 196 crat
1129 179 1134 195 :
1156 168 1270 205 ideoque
1284 167 1380 197 sonum
1395 178 1488 206 parem
1503 171 1662 204 reddebant,
1685 183 1714 202 ut

132 209 240 248 Phrygia
253 209 382 246 impares,
404 208 477 245 quod
491 215 634 236 cavernam
648 207 780 241 imparem
793 203 924 244 habebant
938 225 946 236 ,
966 215 998 232 ex
1011 215 1065 242 quo
1079 206 1174 234 ionum
1188 206 1334 235 reddebant
1347 208 1481 244 imparem
1498 219 1504 236 ε
1524 217 1633 239 acutum
1648 210 1716 240 scili-

131 247 177 278 cet*
186 248 287 286 partim
302 268 311 279 ,
335 249 362 275 ἃ
376 247 475 282 partim
490 254 611 283 gravem.
654 244 692 270 Ex
707 252 761 279 quo
773 246 877 282 Sei-rius
893 243 1068 278 interpretans
1082 243 1145 272 illud
1161 244 1266 283 Virgilii
1280 245 1349 273 libro
1363 257 1390 283 9.
1561 258 1565 261 «

441 289 463 311 Ο
478 293 537 312 vere
553 280 660 319 Phrygia
674 281 684 315 <
692 290 770 319 neque
784 291 853 307 erum
867 281 990 317 Phryges)
1005 279 1040 307 ite
1050 290 1095 314 pei·
1107 282 1162 309 alta

440 321 568 359 Dindyma
576 341 583 352 ‚
592 314 645 346 >lubi
657 318 758 356 affuetis
769 317 871 354 biforem
883 319 929 345 dat
943 317 1006 345 tibia
1018 328 1130 347 cantum.

170 362 300 400 Explanat
324 361 430 398 biforem
444 380 452 391 ,
478 359 611 387 diffonu.»
631 379 639 390 ‚
666 360 800 394 imparem
820 359 847 396 &-
868 356 1022 384 diffimilem
1038 377 1044 388 ,
1071 357 1145 393 juxta
1167 358 1331 396 Phrygiarum
1350 360 1476 389 tibiarum
1497 369 1635 395 naturam,
1658 374 1714 402 quae

130 402 183 431 hoc
203 402 216 430 ὲ
237 400 356 428 Sar-minis·
383 397 512 427 distabant
526 418 533 428 ‚
561 397 632 433 quod
653 405 682 424 ut
703 396 739 424 ait
758 399 877 427 Servius,
904 404 1046 423 cavernam
1066 395 1206 423 foraminis
1226 399 1357 434 imparem
1379 399 1532 433 habebant,
1559 410 1587 430 ut
1608 403 1717 440 Phriggiae

130 440 273 471 distabant,
294 439 365 477 quod
379 437 478 464 dextrae
492 435 601 462 unicum
617 434 739 462 foramen
754 433 901 465 habebant,
920 443 950 461 ut
966 434 1052 461 sonitu
1068 432 1198 461 uniformi
1212 433 1347 464 sonarent:
1360 436 1462 474 finstme
1478 448 1542 467 vero
1557 440 1625 472 duo,
1647 439 1714 478 [quo.

129 488 192 507 rum
213 487 296 506 unum
311 484 421 514 gravem
436 495 444 506 ,
471 473 584 502 alterum
599 481 706 501 acutum
721 471 818 500 sonum
832 471 987 500 reddebant.
1028 472 1109 508 Quod
1125 481 1189 499 vero
1202 472 1294 500 dextre
1308 474 1377 502 tibiae
1390 485 1499 504 acutum
1514 498 1521 508 ‚
1539 477 1642 514 sinistra
1655 489 1716 517 gra-

131 526 196 545 vem
211 517 307 544 sonum
321 513 487 541 reddiderint
500 532 507 543 ‚
535 519 630 548 praeter
644 510 723 538 Plinii
734 532 742 543 ‚
769 509 884 537 Varronis
898 519 1005 548 quoque
1018 511 1202 538 testimonium
1221 518 1294 539 extat
1306 532 1313 543 ,
1342 513 1375 539 de
1391 515 1432 540 Re
1446 515 1506 541 rust.
1519 514 1564 543 lib.
1581 527 1601 544 1.
1616 527 1673 554 cap.
1691 528 1717 546 2.

130 564 187 592 quo
198 554 260 582 loco
272 555 309 581 ait
321 563 328 579 ι
355 550 439 579 :tibias
452 550 556 577 dsxtras
568 547 731 586 &finstras
745 570 752 581 ‚
781 559 844 577 cum
858 558 913 576 uno
926 549 1076 586 eodemque
1091 558 1215 585 tempore
1229 548 1353 577 sonarent
1368 571 1375 581 ,
1402 560 1432 579 ut
1445 551 1601 581 histrionum
1616 566 1715 584 vocem

130 594 301 630 sequerentur
315 611 323 622 ,
350 589 463 617 alteram
488 587 642 615 incentivam
654 609 661 619 ,
687 587 798 615 alteram
818 585 990 622 Jicccentivam
1017 587 1092 615 fuisse
1107 599 1114 615 ι
1141 587 1187 614 ubi
1211 596 1260 624 per
1287 588 1449 615 incentivam
1462 610 1469 621 ,
1497 591 1617 621 dextram
1633 615 1639 625 ‚
1668 603 1716 630 per

130 626 447 667 succentivamfinistram
462 626 595 664 intelligit.
626 627 703 654 Idem
718 625 797 663 paulo
809 626 883 662 post:
903 626 929 652 Si
942 629 1057 653 Sarrana
1070 635 1145 662 pares
1160 624 1232 658 sunt,
1254 627 1280 654 ὅτ,
1295 625 1401 662 Phrygis
1416 628 1540 663 impares,
1555 630 1590 657 ob
1605 631 1718 659 forami-

129 669 170 696 nis
192 667 370 705 aequalitatem
384 688 390 697 .
416 666 678 703 ina-qualitatemque
691 684 699 694 .
726 664 798 702 quod
820 665 857 692 ait
873 662 977 691 Servius
991 685 998 697 ,
1026 664 1167 692 manifesto
1186 671 1260 700 patet
1279 668 1406 691 Sarranus
1426 672 1482 691 tam
1505 668 1610 696 dextras
1631 679 1713 707 quam

129 706 240 734 sinistras
266 706 317 734 effe
336 704 429 742 poffe:
459 704 547 741 quales
567 703 596 730 in
615 702 715 730 Andria
735 707 848 730 Terentii
866 701 942 730 fuiffe
961 703 1083 730 exislirno
1098 722 1107 735 ,
1133 703 1246 739 ideoque
1267 703 1295 729 in
1315 700 1484 738 inscriptione
1503 704 1598 742 legitur
1610 728 1618 739 ,
1645 708 1717 736 tibiis

128 744 250 781 paribus,
272 744 371 772 dextris
394 745 418 771 δε
433 742 555 774 finistris,
574 741 601 769 id
616 741 667 773 est,
686 739 815 768 Sarranis.
854 741 888 767 Et
903 741 931 767 in
944 740 1085 777 Adelphis,
1106 740 1151 768 ubi
1165 740 1279 778 legitur,
1301 740 1371 768 tibiis
1386 742 1517 774 Sarranis,
1537 743 1641 772 easdem
1656 747 1715 782 opi-

129 792 181 810 nor
195 781 270 810 fuiss'e
283 791 345 810 curn
361 772 465 818 parii*
477 778 576 807 dextris
589 778 742 817 &finistris.
781 780 815 807 Et
826 779 853 806 in
869 778 1035 806 Phormione
1049 800 1056 811 ,
1083 777 1150 805 tibiis
1162 777 1298 813 imparibus
1311 799 1318 810 ,
1346 778 1458 814 explano
1472 800 1478 810 ‚
1509 780 1580 809 tibiis
1595 783 1715 821 Phi-vgiis

129 821 229 849 dextris
251 822 277 848 &
297 819 411 847 sinistris.
451 821 527 847 Hanc
546 818 707 853 opinionem
729 826 818 844 meam
830 817 856 844 id
873 817 1017 844 confirmat
1030 838 1037 848 ‚
1063 817 1135 854 quod
1148 826 1286 854 nunquam
1299 818 1385 852 reperi
1402 816 1520 854 I’hvygias
1532 827 1576 846 aut
1590 813 1715 849 Sari-‘anas

128 859 280 887 nominatas
299 867 350 885 una
371 866 434 885 cum
455 856 559 892 paribus
581 862 626 882 aut
640 855 786 892 imparibus
801 876 808 887 ,
827 855 899 891 quod
915 855 1016 882 indicio
1028 855 1079 886 est,
1100 854 1221 891 paribus,
1244 855 1275 881 ad
1290 855 1441 882 indicandas
1453 860 1593 889 Sari-anas,
1621 862 1647 886 ἃ
1662 861 1716 887 im-

127 897 233 934 paribus
246 917 253 928 ‚
281 896 314 923 ad
336 894 455 933 Phrygias
473 893 533 921 fiatis
553 892 635 920 fuisse.
677 893 746 920 Illud
767 894 849 921 etiam
871 893 1049 920 animadverti
1064 913 1071 924 ‚
1098 896 1222 920 Sarranas
1241 893 1407 931 Phrygiasque
1425 894 1452 920 in
1467 903 1518 922 una
1531 915 1538 926 ,
1568 897 1716 934 eademque

129 935 267 963 comoedia
286 942 423 970 nunquam
442 931 554 959 sonuisse
569 952 575 962 ,
601 930 646 958 sed
662 931 703 959 vel
717 931 762 958 has
776 952 784 963 ,
814 931 854 958 vel
867 931 922 959 illas
936 942 942 958 :
969 932 1082 967 ideoque
1096 931 1194 967 legitur
1207 951 1214 963 ‚
1236 930 1340 965 paribus
1357 940 1402 959 aur
1414 930 1551 965 imparibus
1564 946 1573 959 :
1601 944 1651 962 nec
1664 945 1712 963 un-

127 982 210 1011 quam
229 981 281 1000 una
294 993 301 1004 ‚
319 970 426 1008 paribus
445 972 472 999 &
492 969 645 1006 imparibus.
684 970 792 1006 Opinor
813 970 911 1001 ctiam,
931 969 976 996 ubi
995 970 1105 1006 legitur,
1126 968 1233 996 Dea-tris
1253 971 1279 996 ὃ(
1290 967 1413 1006 fhtistris,
1434 969 1641 1008 intelligendum
1661 974 1714 1001 esse

127 1021 183 1039 non
197 1019 279 1038 unam
292 1016 399 1038 tantum
414 1030 422 1041 ‚
447 1008 491 1036 sed
503 1008 591 1045 plures
605 1007 681 1035 tibias
694 1007 708 1034 a
721 1008 821 1035 dextris
835 1007 946 1035 sonuiffe
959 1028 966 1039 ‚
993 1007 1150 1043 finistrisque
1164 1006 1260 1035 scenae:
1282 1007 1423 1044 aliquando
1436 1008 1548 1036 sonuisse
1561 1018 1666 1039 tantum
1681 1021 1714 1040 ex

125 1049 208 1077 altera
226 1056 303 1086 parte
316 1069 324 1080 ‚
350 1047 492 1085 quomodo
508 1047 609 1084 legitur
628 1046 656 1073 in
677 1045 796 1073 Eunuchi
811 1045 982 1083 inscriptione
998 1067 1004 1077 ‚
1031 1044 1100 1073 tibiis
1113 1044 1209 1072 duabus
1221 1045 1320 1072 dextrss
1334 1057 1342 1070 :
1367 1046 1457 1083 itaque
1477 1047 1513 1074 est
1529 1048 1556 1075 in
1570 1048 1672 1085 scriptis
1686 1050 1715 1077 li-

125 1086 180 1115 bris
193 1107 201 1119 ‚
228 1090 256 1116 &
275 1087 356 1114 redte.
398 1087 463 1123 Qo
481 1085 543 1113 loco
557 1084 677 1113 dubitavi
691 1085 827 1113 interdum
840 1105 848 1116 ‚
876 1085 962 1113 deeffe
969 1082 1072 1118 paribus
1086 1082 1128 1111 vel
1140 1081 1276 1118 imparibus
1289 1095 1297 1109 .·
1321 1091 1351 1111 ut
1365 1084 1515 1112 ostenderet
1531 1086 1671 1125 Phygiaene
1683 1098 1721 1116 ant

125 1129 241 1153 Sarrana
260 1125 357 1156 effent,
378 1124 451 1162 quod
472 1125 500 1151 in
519 1124 575 1152 aliis
597 1123 712 1151 dixerat:
731 1122 775 1150 sed
789 1123 894 1159 postea,
915 1132 977 1151 cum
993 1131 1079 1159 neque
1093 1122 1198 1158 paribus
1210 1131 1297 1159 neque
1311 1122 1457 1158 imparibus
1470 1122 1507 1150 ibi
1522 1122 1651 1161 scriptum
1667 1126 1715 1158 fit,

126 1163 240 1202 intelligi
253 1164 351 1192 debere
365 1163 513 1192 existimavi
522 1183 530 1194 ,
555 1171 631 1199 pares
644 1161 734 1197 potius
748 1170 828 1198 quam
845 1164 959 1197 impares
974 1161 1048 1188 fuisse
1061 1171 1066 1186 ;
1097 1162 1217 1187 Sari-anas
1231 1159 1286 1188 scil.
1296 1160 1385 1195 potius
1399 1170 1481 1197 quam
1497 1161 1631 1199 Bhiygias:
1651 1173 1714 1191 cum

127 1203 232 1239 aequalis
252 1203 330 1229 sonus
349 1201 461 1239 gravi012
474 1200 519 1231 sit,
541 1201 587 1237 qui
601 1203 774 1226 Sarranarum
788 1208 843 1227 erat
857 1219 865 1230 ‚
887 1200 1000 1235 ideoque
1015 1198 1234 1229 convenientior,
1254 1201 1280 1226 &
1295 1199 1485 1225 Romanorum
1503 1201 1608 1227 auribus
1621 1201 1717 1238 jucun-

127 1239 197 1267 dior.
238 1240 323 1276 Qod
339 1246 430 1266 autem
444 1238 544 1265 dextrae
558 1237 629 1265 tibiae
643 1236 693 1263 sint
707 1246 781 1273 pares
795 1257 804 1268 ,
831 1237 858 1264 id
870 1244 943 1273 patet
956 1246 988 1264 ex
1002 1234 1281 1262 Heautontimorumeni
1292 1234 1464 1271 inscriptione
1478 1256 1485 1267 ,
1511 1237 1556 1264 ubi
1571 1238 1608 1265 est
1621 1259 1629 1270 ‚
1648 1239 1716 1267 Acin

121 1276 237 1311 primum
256 1276 324 1304 tibiis
342 1274 492 1309 imparibus,
512 1273 606 1301 deinde
626 1273 721 1300 duabus
739 1274 846 1301 dextris.
887 1276 960 1302 Ram
971 1275 990 1301 si
1002 1275 1099 1302 dextro:
1113 1283 1168 1300 non
1181 1273 1282 1300 eaedem
1297 1273 1356 1301 sunt
1369 1283 1432 1300 cum
1449 1274 1610 1310 imparibus,
1631 1276 1718 1314 sequi..

127 1321 172 1342 tur
191 1324 266 1352 pares
281 1314 341 1342 esse.
381 1314 458 1341 Pares
478 1320 569 1341 autem
584 1311 691 1339 easdem
706 1310 781 1339 fuiffe
795 1322 857 1340 cum
870 1316 1004 1341 Sarranis,
1023 1312 1080 1347 jam
1096 1312 1221 1339 diximus.
1254 1312 1373 1347 Impares
1388 1311 1468 1348 igitur
1483 1312 1591 1351 Phr-ogia
1604 1313 1678 1347 sunt,
1699 1315 1714 1343 ὰ

127 1352 279 1390 sinistraque
299 1351 436 1380 sonabant.
475 1352 515 1378 Ex
535 1360 590 1387 quo
610 1357 698 1386 patet,
717 1354 843 1377 Sarranus
865 1351 950 1378 modo
970 1351 1092 1387 utrinque
1112 1349 1239 1379 ibnuiffe,
1260 1357 1376 1386 tuncque
1395 1349 1532 1382 dicebant,
1555 1352 1627 1380 tibiis
1645 1354 1716 1389 pari-

128 1389 177 1418 bus
199 1391 317 1422 dextris,
342 1392 367 1418 ὃς
388 1389 507 1420 sinistris,
526 1396 556 1416 ut
576 1390 604 1415 in
622 1387 724 1414 Andria
743 1387 910 1422 inscriptione:
932 1387 1044 1418 modo-Li
1065 1388 1156 1415 dextra
1176 1394 1298 1418 tanturn,
1319 1395 1348 1414 ut
1367 1388 1395 1414 in
1415 1388 1715 1421 Heautontimorumeno,

126 1428 172 1456 ubi
192 1430 229 1457 ait
236 1440 244 1460 ;
265 1428 370 1456 Deinde
390 1426 489 1455 duabus
509 1426 623 1456 dextris5
643 1435 706 1452 cum
729 1426 832 1453 dixiss'et
851 1427 924 1463 jam,
943 1426 1010 1453 Azita
1024 1426 1145 1461 primum
1159 1424 1230 1451 tibiis
1244 1424 1398 1461 imparibus.
1437 1428 1465 1451 In
1478 1428 1593 1454 Eunucho
1607 1438 1714 1466 quoque

124 1465 272 1494 sonuerunt
290 1473 397 1494 tantum
412 1465 426 1492 a
440 1465 550 1492 dextra:
577 1465 642 1491 dicit
657 1465 730 1491 enim
744 1485 752 1495 ,
778 1463 847 1491 tibiis
859 1464 955 1491 duabus
968 1462 1074 1490 dextris.
1114 1462 1168 1490 Ubi
1183 1471 1248 1490 vero
1262 1472 1348 1499 neque
1364 1464 1463 1490 dextrae
1475 1485 1481 1494 ,
1508 1474 1595 1501 neque
1611 1468 1716 1494 iinissrae

126 1505 323 1536 nominantur,
351 1511 381 1532 ut
405 1503 433 1530 in
455 1501 607 1534 Phormionis
628 1505 774 1541 Hetyraque
793 1501 1026 1538 inscriptionibus,
1053 1501 1216 1528 credendum
1235 1501 1271 1527 est
1285 1521 1291 1532 ,
1319 1500 1350 1527 ab
1371 1511 1425 1529 uuo
1445 1508 1551 1529 tantum
1572 1503 1653 1532 latere
1672 1505 1713 1532 so-

125 1542 221 1570 nuiffe:
242 1545 256 1570 ἐι
279 1542 381 1569 finistro
393 1540 507 1572 scilicet,
529 1541 556 1567 in
570 1540 717 1567 Phormione
731 1560 739 1571 ‚
761 1549 824 1567 cum
844 1541 915 1568 dicat
930 1561 936 1571 ‚
958 1537 1029 1566 tibiis
1043 1537 1193 1573 imparibus,
1214 1547 1229 1565 a
1242 1538 1334 1566 dextra
1352 1547 1457 1570 autem,
1480 1540 1507 1566 in
1522 1544 1633 1577 Hecyra,
1648 1553 1712 1570 cum

125 1580 212 1612 dicat,
233 1578 304 1607 tibiis
310 1578 424 1614 paribus.
462 1579 633 1606 Testimonio
653 1579 725 1605 enim
745 1578 923 1614 incriptionis
937 1581 1221 1604 Heautontimorumeno
1240 1577 1298 1613 jam
1319 1577 1560 1605 demonstravimus
1581 1580 1711 1618 impareS,

124 1616 245 1656 Phrygias
258 1618 375 1648 scilicet,
395 1617 506 1644 sonuisse
519 1624 624 1644 tantum
641 1615 742 1652 aparte
754 1617 866 1648 linistra,
887 1620 1011 1643 Sarranus
1031 1625 1097 1643 vero
1120 1614 1230 1643 sonuifle
1252 1615 1349 1651 opinor
1369 1615 1454 1642 modo
1477 1616 1595 1645 adextra
1610 1619 1713 1651 iblum,

127 1662 158 1683 ut
173 1656 200 1683 in
213 1656 329 1682 Eunucho
343 1657 370 1683 δε
385 1654 667 1681 Heautontimorumeno
682 1665 690 1679 :
717 1662 833 1691 tuncque
848 1656 875 1682 in
889 1654 1031 1682 comoediae
1049 1653 1222 1689 inscriptione
1241 1654 1268 1681 id
1288 1662 1378 1689 aperte
1398 1652 1605 1690 significabatur,
1626 1659 1652 1684 &
1672 1657 1712 1685 di-

124 1693 250 1725 cebatur,
269 1692 338 1720 tibiis
355 1691 470 1719 dextris:
492 1692 578 1719 modo
599 1691 612 1718 ὲ
632 1692 724 1720 dextra
745 1694 772 1720 8<
791 1693 888 1720 finistra
903 1712 910 1723 ‚
938 1701 965 1719 ut
981 1692 1009 1718 in
1023 1691 1122 1719 Andria
1137 1712 1144 1723 ‚
1170 1690 1215 1718 ubi
1230 1699 1357 1728 tanquam
1380 1692 1414 1718 de
1433 1701 1462 1718 re
1475 1712 1481 1722 ‚
1502 1701 1559 1728 quse
1572 1694 1710 1723 interdum

124 1732 255 1763 variaret,
274 1729 375 1758 dextris
387 1729 428 1763 ἐς
434 1728 544 1767 sinistris
556 1729 660 1757 dicitur.
700 1732 766 1759 Haec
779 1731 865 1758 Aldus
878 1729 1012 1757 Manutius
1023 1751 1031 1762 ‚
1056 1739 1087 1757 ex
1103 1729 1196 1766 quibus
1209 1731 1306 1766 opinor
1319 1729 1380 1756 satis
1394 1729 1564 1766 intelligitur,
1584 1740 1708 1768 quaenam

124 1770 195 1797 ratio
210 1771 237 1798 ὃς
251 1768 401 1797 differentia
415 1767 544 1796 tibiarum
558 1768 627 1803 apud
643 1776 744 1796 veteres
764 1770 791 1796 in
806 1767 899 1796 fabulis
913 1767 1002 1795 fuerit.
1043 1769 1119 1795 Plura
1131 1768 1179 1795 alia
1194 1768 1228 1795 de
1240 1768 1296 1795 aliis
1316 1766 1443 1795 tibiarum
1458 1767 1599 1804 generibus
1612 1777 1708 1805 practer

123 1807 236 1835 Coelium
246 1805 416 1844 Rhodiginum
430 1806 539 1843 collegit
551 1805 646 1843 Julius
659 1806 738 1840 διε-[ὴν
750 1806 859 1844 Scaliger
873 1807 995 1834 Poetices
1007 1805 1053 1834 lib.
1068 1817 1090 1835 1.
1103 1815 1160 1842 cap.
1169 1816 1212 1834 20.
1241 1806 1293 1834 Sed
1307 1806 1340 1834 de
1352 1805 1459 1833 scenicis
1471 1806 1540 1834 ludis
1553 1806 1690 1837 hastenus.

803 1875 836 1905 'C
856 1887 872 1903 A
894 1887 918 1904 ι’.
957 1875 1021 1902 XII.

733 1931 820 1965 Alia
835 1930 974 1965 ludorum
987 1929 1105 1976 divisio.

125 2001 310 2064 Ηαᾶεῃιις
329 2009 389 2029 eam
407 2000 523 2029 ludorum
543 2001 702 2030 divisionem
723 2001 913 2038 explicavimus
928 2022 935 2033 ‚
956 2011 1013 2038 quae
1033 2001 1046 2028 ii
1066 2001 1155 2028 forma
1172 1999 1278 2037 sumpta
1296 2001 1345 2029 est:
1366 2009 1416 2037 qua
1435 2000 1566 2030 nimirum
1583 2001 1626 2031 alii
1645 2001 1705 2031 sunt

223 2039 354 2074 circenses,
374 2039 417 2068 alii
428 2039 538 2074 fienici:
558 2040 616 2077 jam
637 2040 747 2068 alteram
769 2039 940 2076 adjiciemus,
962 2048 1018 2075 qua:
1038 2038 1150 2066 sumitur
1169 2038 1182 2066 ἐι
1203 2039 1263 2067 fine.
1303 2039 1357 2067 Alii
1378 2039 1451 2066 enim
1465 2039 1532 2074 ficri
1552 2047 1640 2072 erant,
1661 2041 1705 2068 alii

118 2077 252 2113 funebres,
273 2078 413 2114 quomodo
432 2077 463 2105 ab
483 2079 561 2106 initio
580 2078 677 2106 divisos
697 2078 772 2106 fuiffe
784 2098 791 2109 ‚
818 2078 990 2112 Tertullianus
1007 2075 1079 2104 libro
1096 2076 1218 2114 fingulari
1239 2078 1272 2105 de
1284 2076 1432 2111 spectaculis
1452 2077 1551 2106 scribit.
1569 2080 1618 2106 His
1630 2079 1704 2106 dein-

126 2116 161 2143 de
182 2115 344 2143 accessbmnt
362 2115 441 2143 votivi
462 2118 489 2144 δε
510 2117 547 2148 ii,
572 2117 617 2153 qui
632 2117 827 2145 exercitationis
839 2114 913 2142 causa
926 2113 1025 2143 fiebant
1037 2135 1045 2145 ,
1071 2116 1108 2143 ita
1122 2122 1150 2141 ut
1164 2115 1353 2151 quadrifariam
1367 2115 1443 2143 ludos
1454 2116 1548 2152 partiri
1561 2117 1705 2152 possimus,

123 2153 188 2181 alios
201 2155 283 2188 sacros
301 2153 430 2190 appellare
443 2173 450 2183 .
478 2153 542 2181 alios
561 2163 656 2181 votivos
669 2175 677 2187 ‚
704 2155 767 2183 alios
778 2153 917 2189 futsebres,
945 2153 1009 2181 alios
1029 2153 1141 2180 ludicros.
1179 2152 1249 2180 Sacri
1268 2152 1444 2185 dicebantur,
1471 2155 1516 2191 qui
1535 2155 1562 2182 in
1582 2156 1705 2183 Deorum

124 2191 259 2220 honorem
280 2191 378 2220 fiebant
393 2213 399 2223 ‚
427 2191 513 2229 quales
533 2200 607 2220 erant
626 2192 681 2220 ludi
699 2192 850 2230 illegalensts
863 2213 870 2223 ,
896 2191 1010 2219 Cereales
1024 2211 1031 2220 ,
1057 2191 1180 2220 florales,
1207 2192 1356 2221 ammiates,
1384 2191 1555 2225 Apollinares,
1582 2194 1705 2228 Capitoli-

124 2229 153 2258 m'
163 2250 172 2264 ,
193 2229 318 2259 Romani,
341 2228 445 2263 plebeii,
464 2230 609 2264 Corgsccides,
630 2230 812 2266 Compitalitii,
831 2229 968 2267 Saeculares.
1010 2229 1045 2257 Hi
1067 2230 1137 2257 enirn
1160 2230 1266 2267 lingulis
1286 2230 1336 2258 suis
1357 2230 1414 2258 Diis
1429 2229 1629 2259 celebrabantur
1643 2253 1650 2264 ‚
1670 2232 1705 2259 de

123 2277 240 2305 quorum
261 2267 390 2305 aliquibus
403 2288 411 2300 ‚
436 2267 450 2295 a
470 2267 562 2304 quibus
580 2269 691 2297 instituti
710 2269 759 2297 fint
773 2289 781 2298 ‚
802 2269 838 2296 ita
858 2267 947 2296 scribit
968 2267 1155 2295 Tertullianus:
1177 2269 1248 2295 Cum
1269 2268 1420 2306 promiscue
1438 2267 1494 2296 ludi
1513 2268 1639 2296 Liberalia
1658 2279 1705 2297 vo-

123 2313 258 2338 carentur,
279 2306 413 2334 honorem
433 2304 517 2333 Liberi
537 2307 622 2333 Patris
641 2307 778 2336 manifeste
798 2304 934 2334 sonabant.
975 2304 1074 2334 Libero
1095 2307 1168 2334 enim
1189 2305 1203 2334 ὲ
1223 2307 1320 2334 rusticis
1339 2308 1430 2343 primo
1443 2306 1542 2334 fiebant
1555 2306 1590 2335 ob
1606 2306 1705 2335 benefi-

124 2344 197 2372 cium
211 2365 219 2375 ‚
247 2346 319 2380 quod
339 2347 363 2373 ei
384 2343 535 2372 adscribunt
548 2353 598 2380 pro
612 2345 791 2374 demonstrata
803 2345 888 2382 gratia
902 2345 964 2371 vini.
1004 2345 1107 2372 Exinde
1118 2345 1173 2373 ludi
1188 2345 1318 2379 Conficalm
1332 2346 1398 2373 difti
1409 2366 1417 2378 ‚
1445 2346 1490 2382 qui
1505 2346 1582 2373 initio
1597 2347 1701 2382 Neptu-

123 2391 191 2410 num
209 2381 385 2412 honorabant.
425 2383 547 2411 Eundem
568 2383 642 2411 enim
664 2386 692 2413 &
711 2383 819 2418 Consum
836 2381 976 2411 vocabant.
1007 2383 1112 2412 Dehinc
1129 2381 1240 2423 Equiria
1256 2385 1338 2412 Marti
1353 2384 1486 2413 Romulus
1502 2384 1570 2412 dixit
1583 2405 1591 2416 ‚
1617 2393 1701 2421 quan-

1622 2431 1704 2460 qUam
