2075 2734
345 96 749 124 DtFuNssnrnus
789 89 1423 130 tTSeruneHulsJCAP.39.
1573 80 1676 131 ⁴441

103 150 137 177 1..
149 144 277 175 Cornelio
289 144 358 181 Sylla
371 145 508 182 proditum
523 146 560 173 est
570 167 578 178 ,
598 145 670 182 quod
676 146 725 179 ftx
738 142 819 171 miaia
832 142 953 170 leHorum
968 143 995 170 in
1008 143 1100 171 funere
1112 141 1240 171 habuerit.
1273 143 1310 170 At
1325 143 1412 172 tenuis
1427 141 1540 170 fortunae
1553 140 1679 172 homines

99 184 191 220 capulis
207 184 260 211 five
266 183 384 219 feretris,
404 192 433 212 ut
446 182 553 212 servias
564 190 648 210 notat.
668 182 745 210 Idem
761 182 840 209 etiam
857 182 885 208 in
899 191 924 216 5.
940 181 1045 208 AEneid.
1059 179 1162 212 scribit,
1182 180 1266 208 moris
1280 180 1369 214 fuisse,
1392 188 1421 209 ut
1429 180 1539 216 majoris
1546 182 1627 210 aetatis
1635 182 1674 210 fu-

100 232 162 252 nera
173 222 211 250 ad
219 220 307 249 tubam
321 221 518 258 proferrentur:
539 221 650 248 minoris
663 229 729 247 vero
740 219 778 246 ad
787 218 872 246 tibias.
891 218 972 245 Unde
985 219 1082 247 Statius
1094 219 1127 245 de
1141 218 1322 247 Archemoro:

412 258 501 290 Ttbia,
525 256 566 285 cui
578 266 672 284 teneros
677 257 783 292 solitum
795 257 913 283 deducere
926 265 1020 283 manes.

138 300 178 326 A.
192 297 288 326 Gellius
299 297 344 325 lib.
361 307 404 324 20.
417 305 473 332 cap.
489 306 514 323 2.
526 295 576 323 hos
589 295 711 323 tibicines
724 295 835 331 proprio
848 295 961 322 nomine
966 292 1078 332 fiticines
1090 294 1177 321 dictos
1191 294 1254 322 estet
1266 295 1346 323 docet
1359 314 1366 325 ‚
1394 296 1421 322 &
1435 294 1543 322 adducit
1556 295 1676 324 testimo-

98 336 175 364 nium
189 334 315 370 Capuam&
331 334 403 368 Ateji
415 355 423 366 ‚
443 336 471 361 in
484 333 559 368 cujus
572 333 760 369 Conjetstaneis
773 333 902 368 scriptum
914 332 944 358 fit
954 350 961 360 ‚
974 329 1087 366 fitrcines
1099 332 1242 369 appellatos
1256 352 1262 363 ,
1283 334 1329 370 qui
1342 332 1410 368 apud
1418 331 1482 369 st'tox
1498 342 1592 362 canere
1604 333 1675 362 soliti

99 374 198 406 essent,
218 374 270 401 hoc
284 373 334 405 est,
353 373 407 399 vita
421 371 540 402 structos,
562 372 589 399 δε
602 370 730 407 sepultos:
750 370 847 408 eosque
861 369 975 398 habuisse
988 370 1128 405 proprium
1136 379 1218 406 genus
1226 369 1308 400 tubae,
1329 379 1379 407 qua
1387 377 1526 403 canerent,
1545 371 1674 400 acaetero-

97 421 160 439 rum
173 412 320 441 tubicinum
335 410 498 447 proprietate
510 407 650 441 differens,
672 407 865 446 quossicinistas
879 406 971 444 vulgus
985 407 1065 435 dicat.
1085 407 1163 434 Idem
1176 407 1256 434 etiarn
1270 408 1367 435 eodem
1383 408 1444 436 loco
1451 408 1546 437 author
1554 410 1590 437 est
1592 407 1674 444 finci-

96 459 155 478 ms,
177 445 352 487 fiveficimstaa
364 446 422 474 illos
434 446 500 474 olim
514 445 690 479 ludibundos,
709 447 763 474 five
775 446 954 474 saltabundos:
973 443 1020 472 suo
1033 453 1099 472 vero
1115 452 1238 482 tempore
1251 445 1345 472 stantes
1354 447 1466 473 naeniam
1474 455 1568 474 canere
1575 447 1675 475 solitos.

96 487 158 515 Fuit
165 488 245 515 etiam
253 486 347 522 legexr
357 495 378 512 1.
386 484 549 512 Tabularum
558 492 665 512 cautum
675 505 682 515 ,
701 494 736 512 ne
743 485 829 521 plures
836 493 917 521 quam
925 483 1007 509 decem
1013 481 1124 509 tibicines
1131 482 1267 511 funeribus
1275 481 1471 511 adhiberentur:
1493 494 1580 521 neque
1586 485 1674 521 plures

95 524 155 552 ledii
169 523 343 554 inferrentur,
363 523 396 550 de
411 522 505 559 quibus
518 522 587 550 infra
599 522 616 549 l.
625 524 786 552 8.dicenius.
806 521 1023 549 Deferendivero
1024 520 1149 555 feretrum
1157 520 1390 556 propinquioribus
1396 521 1476 548 virilis
1484 521 1557 550 sexus
1565 523 1674 551 dabatur

97 572 204 590 munus.
239 559 357 587 Seri-ius:
377 561 471 597 Itaque
485 559 530 588 filii
549 561 685 589 interdum
700 568 821 598 parentes
834 562 860 588 ὃς
873 559 966 588 fratres
977 557 1080 586 sorores
1094 558 1172 586 elatas
1184 557 1276 585 funere
1290 556 1457 586 deferebant:
1477 569 1671 597 nonnunquam

95 599 164 627 servi
182 598 303 627 libertate
323 599 416 626 donati
429 619 438 630 ,
466 598 612 635 plerunque
620 599 743 634 senatorii
757 620 764 631 ‚
778 597 887 632 pretorii
902 618 909 630 ,
931 599 956 626 δι
968 596 1117 632 consulares,
1138 597 1236 633 quique
1250 594 1415 631 amplissimis
1429 595 1574 626 honoribus
1588 598 1672 627 functi

92 644 168 665 erant
175 657 182 668 ‚
201 639 382 670 Imperatorum
390 639 417 665 δε
425 635 601 671 Conficlarium
609 638 729 664 virorum
730 637 854 673 feretrum
862 635 988 663 detulere.
1008 635 1098 671 Qare
1106 632 1183 660 Pauli
1190 632 1298 665 AEmilii,
1318 634 1364 670 qui
1372 634 1404 660 de
1414 634 1569 663 Macedonia
1577 637 1673 664 trium-

93 674 201 712 phavit,
221 674 301 711 legati
314 674 504 707 Macedonum,
518 676 544 702 δε
557 675 632 702 Sullae
644 675 787 703 Dictatoris
795 674 919 710 feretrum
927 674 1070 708 finatores,
1091 672 1197 706 &finem
1211 670 1319 709 virgines
1332 670 1497 704 extulerunt,
1518 676 1544 701 δε
1557 674 1670 702 Metello

92 712 142 741 filii
155 720 209 741 tres
221 711 384 745 consulares,
402 713 450 739 duo
463 711 642 746 triumphales,
662 723 728 741 unus
741 712 888 742 centorius,
910 714 937 740 ὃς
949 711 1013 738 alter
1025 717 1137 746 praetor,
1156 708 1250 736 [edium
1264 709 1373 738 subiere.

134 751 160 777 Si
173 759 237 778 vero
248 749 388 778 defunctus
402 751 530 778 tenuioris
543 749 655 779 fortunae
667 750 753 779 fuiffiet
762 771 769 782 ‚
789 749 802 777 ὲ
814 749 906 784 vespis',
928 749 980 776 sive
992 746 1152 783 vespilonibus
1165 747 1333 784 portabatur,
1355 747 1400 784 qui
1412 750 1484 774 Sext.
1499 751 1610 782 Pompejo
1621 759 1665 777 au„

91 788 186 819 thore,
206 789 241 816 fic
253 788 421 820 dicebantur,
442 788 514 825 quod
529 790 661 823 vespertino
674 796 781 822 tempore
794 797 839 815 eos
852 786 991 818 efferrent,
1012 787 1057 824 qui
1071 785 1175 813 funebri
1190 794 1290 822 pompa
1303 786 1364 812 duci
1378 792 1492 821 propter
1499 786 1617 821 inopiam
1627 798 1671 815 ne.

92 826 212 864 quibant.
231 827 305 853 Dum
320 825 491 857 efferebatur,
510 825 618 863 insignia
630 826 781 857 honorum,
801 835 867 863 quos
881 824 1008 863 gestisset,
1027 823 1156 859 utfastes,
1168 824 1280 858 βασες,
1299 822 1410 853 liam-es,
1430 832 1566 861 armaque,
1588 827 1613 852 8:
1627 826 1671 851 do-

91 875 127 892 na
140 863 280 896 militaria,
298 865 441 902 coronasque
454 864 542 891 omnis
554 865 674 902 generis,
694 873 758 901 quas
771 864 798 891 in
810 865 864 891 vita
879 862 1025 893 meruisset,
1047 861 1141 889 vexilla
1153 869 1233 898 atque
1244 861 1352 888 urbium
1367 862 1451 892 dona,
1474 863 1501 890 ὃῑ
1516 862 1652 898 legionum
1662 882 1670 893 ‚

91 902 227 939 spoliaque
239 901 354 929 hostiurn
364 922 372 933 ,
399 911 429 929 ac
442 910 554 929 munera
565 923 572 934 ‚
592 911 648 939 quae
661 903 718 939 quis
731 902 840 929 daturus
855 908 910 930 erat
922 922 930 933 ‚
951 899 1134 937 expressusque
1149 908 1209 927 cera
1224 899 1312 927 vultus
1327 901 1353 927 ὃ(
1366 899 1464 927 decora
1479 900 1615 935 majorum
1631 909 1671 927 to-

92 940 196 977 tiusque
214 939 322 967 familiae
334 939 416 977 longo
430 940 524 967 ordine
535 939 690 968 fimulachra
699 961 707 972 ‚
729 940 756 967 in
770 939 894 978 oblongis
907 939 1030 976 perticis,
1051 938 1104 965 five
1118 938 1195 965 hastis
1208 937 1382 975 praeferebant
1395 937 1427 964 ab
1441 936 1536 965 ultima
1549 938 1653 974 origine
1662 959 1670 969 ,

90 985 192 1016 quanto
206 987 268 1006 cum
281 985 406 1014 poterant
418 985 552 1016 apparatu.
570 977 683 1015 Polybius
698 977 797 1015 singula
810 978 854 1006 illa
868 976 1038 1009 simulachra,
1058 975 1165 1013 singulis
1178 975 1298 1003 curribus
1312 975 1388 1003 veeka
1400 974 1475 1003 fuisse
1487 975 1504 1005 1.
1515 978 1540 1003 6.
1554 975 1671 1003 affirma-

90 1026 120 1044 re
135 1016 240 1044 videtur
250 1035 258 1047 ,
283 1016 357 1052 cujus
370 1017 505 1053 integrum
519 1014 611 1044 locum
626 1015 705 1052 paulo
718 1015 826 1044 inferius
842 1015 1031 1044 adscribemus.
1063 1015 1190 1042 Praeterea
1203 1014 1287 1042 etiam
1300 1013 1320 1041 fi
1334 1013 1366 1040 ab
1380 1022 1414 1040 eo
1420 1012 1491 1048 ftrvi
1509 1013 1668 1049 manamtffi,

86 1057 120 1084 ὃς
138 1053 261 1082 libertate
279 1054 371 1082 donati
390 1053 507 1085 fuerant,
529 1053 566 1082 illi
584 1055 731 1091 praecipue,
751 1054 796 1091 qui
815 1055 866 1082 fide
884 1053 998 1091 insignes
1012 1052 1026 1079 ἐι
1040 1052 1154 1080 domino
1167 1051 1270 1089 cogniti
1281 1051 1384 1082 forent,
1404 1050 1516 1078 herilem
1530 1052 1669 1080 interitum

90 1091 260 1123 miserantes,
279 1091 351 1127 pleni
364 1092 543 1127 lacrymarum
558 1091 657 1119 elatum
664 1102 760 1129 corpus
774 1092 955 1128 praecedebant
967 1089 1073 1126 pileati,
1095 1089 1400 1127 autalbalanacapitibus
1409 1089 1514 1117 velatis:
1534 1090 1670 1126 quiquam-

91 1138 122 1159 to
135 1129 223 1166 plures
236 1138 311 1157 erant
324 1150 331 1162 ‚
359 1138 435 1157 tanto
448 1130 505 1166 plus
517 1131 635 1158 nominis
649 1151 656 1162 ,
682 1129 815 1167 laudisque
829 1131 927 1158 debere
940 1150 947 1161 ‚
968 1128 1041 1166 quod
1056 1128 1186 1156 familiam
1202 1136 1290 1156 totam
1305 1127 1437 1155 decedens
1449 1128 1576 1155 dominus
1590 1129 1671 1155 tantis

90 1167 247 1196 muneribus
267 1167 420 1195 cumulasset
433 1188 440 1198 ‚
468 1177 498 1195 ac
512 1167 638 1196 libertatis
652 1169 740 1204 pretio
753 1167 886 1196 affecisset.
919 1169 1124 1203 Nonnunquam
1137 1166 1196 1193 illos
1211 1167 1256 1203 qui
1267 1166 1327 1193 rasis
1341 1165 1468 1202 capitibus
1480 1164 1669 1200 triumphantis

92 1215 204 1233 currum
219 1204 323 1233 fuerant
339 1205 486 1241 prosecuti,
507 1205 628 1241 ejusdem
642 1206 762 1233 defuncti
776 1215 870 1242 corpus
877 1204 983 1240 pileatos
996 1206 1023 1231 in
1037 1214 1139 1241 pompa
1155 1204 1254 1231 funeris
1265 1202 1431 1239 praeceffiffe,
1451 1203 1602 1230 invenimus
1612 1223 1620 1234 ,
1641 1210 1671 1231 ut

91 1243 304 1281 QTerentium
319 1243 469 1270 Culeonem
484 1245 511 1271 ὃς
524 1243 597 1270 alios.
616 1245 704 1281 Atque
715 1243 741 1270 hi
747 1243 873 1279 feretrum
879 1263 887 1275 ,
906 1243 959 1271 five
971 1242 1077 1271 [ciffum.
1097 1251 1152 1279 quo
1165 1241 1285 1269 defuncti
1298 1240 1584 1277 cadaverportabatur‚
1604 1249 1668 1276 prae-

93 1280 233 1309 cedebant.
253 1281 433 1318 Sequebantur
446 1280 532 1313 liberi,
545 1279 692 1320 propinqui,
712 1282 811 1317 affines.
831 1289 910 1318 atque
923 1281 966 1309 alii
979 1281 1060 1308 amici
1073 1279 1222 1317 lugentium
1236 1279 1342 1310 habitu,
1362 1278 1446 1312 capillo
1453 1276 1567 1314 demiffi,
1588 1278 1670 1305 inve-

90 1319 130 1346 ste
150 1318 229 1355 pulla.
262 1320 302 1346 Ac
311 1317 365 1355 filu'
383 1318 494 1355 quidem
513 1318 622 1351 velatis,
632 1318 696 1358 filia
712 1318 786 1346 nuda
796 1319 928 1354 capitibus,
948 1317 1075 1356 passisque
1088 1318 1203 1346 crinibus
1216 1316 1375 1347 incedebant,
1396 1316 1470 1351 cujus
1486 1316 1569 1344 moris
1582 1315 1669 1343 causas

90 1357 222 1384 Plutarch.
243 1356 272 1384 in
314 1356 456 1384 uaestionib.
477 1357 622 1388 Romanis,
641 1357 730 1394 quaest.
747 1367 787 1392 14.
803 1357 848 1385 has
862 1356 951 1385 affert:
972 1358 1030 1387 An,
1051 1356 1151 1392 inquit,
1172 1356 1233 1392 quia
1236 1354 1306 1393 filiis
1319 1354 1461 1381 venerandi
1476 1353 1535 1382 sunt
1548 1363 1669 1390 parentes

89 1401 218 1432 tanquam
234 1394 293 1425 Dii,
332 1393 412 1420 [iabus
425 1400 515 1421 autem
529 1394 652 1432 lugendi,
674 1402 703 1423 ut
716 1395 832 1427 mortui,
852 1395 894 1423 lex
905 1395 1011 1431 utrique
1021 1394 1089 1430 parti
1101 1393 1177 1421 suum
1185 1394 1286 1421 decoro
1294 1392 1454 1420 conveniens
1462 1392 1600 1429 assignavit
1607 1392 1668 1419 offi-

87 1434 181 1460 cium?
202 1434 258 1464 An,
278 1433 338 1469 quia
350 1432 432 1459 luctui
446 1433 565 1459 maxime
581 1433 718 1469 congruit,
738 1433 811 1469 quod
823 1433 859 1460 est
872 1432 988 1460 alienum
1004 1430 1230 1459 &consuetudinffl
1253 1429 1343 1458 Solent
1350 1437 1441 1457 autem
1450 1429 1504 1457 fere
1511 1429 1625 1456 mulieres
1632 1439 1671 1456 te-

91 1469 152 1503 ais,
173 1479 260 1497 mares
274 1470 351 1497 nudis
362 1469 490 1506 capitibus
505 1471 532 1497 in
538 1469 675 1506 publicum
684 1471 826 1507 progredi,
846 1473 897 1498 ὃῑς.
917 1471 992 1498 Idem
1003 1470 1089 1507 quaest.
1099 1468 1262 1497 manahem
1270 1470 1297 1495 in
1306 1468 1376 1495 luctu
1383 1467 1452 1495 albas
1459 1467 1560 1504 gessisse
1569 1468 1650 1495 vestes
1661 1489 1669 1499 ,

90 1507 214 1546 albasque
228 1508 307 1535 vittas
318 1508 422 1544 prodit,
444 1508 523 1544 idque
533 1517 575 1535 eas
582 1507 780 1540 facereicribit,
800 1516 844 1536 aut
851 1507 976 1545 exemplo
983 1516 1141 1545 magorum,
1162 1508 1206 1544 qui
1214 1505 1334 1534 adversus
1344 1505 1489 1536 Plutonem,
1511 1504 1668 1533 &tenebras

88 1545 182 1574 lucido
196 1548 224 1574 ὃ(
238 1545 328 1572 illustri
343 1544 444 1572 amietu
457 1544 482 1572 ie
498 1547 619 1574 muniant
631 1556 636 1572 :
663 1555 695 1574 an
710 1547 782 1583 quod
797 1546 830 1574 fic
846 1547 960 1574 amictos
974 1546 1025 1574 effe
1038 1545 1120 1573 velint
1132 1545 1287 1572 necessarios
1301 1543 1534 1581 quemadmodum
1548 1542 1669 1572 defuncti

91 1584 158 1615 sint,
178 1592 294 1620 quorum
309 1583 434 1610 cadavera
447 1583 511 1611 albis
521 1584 692 1612 involvebant
698 1585 874 1621 tegminibus:
894 1585 965 1612 idest
974 1606 980 1616 ‚
1000 1585 1071 1621 togis
1078 1584 1163 1620 puris,
1184 1584 1256 1619 quod
1265 1579 1426 1620 JusloLipfio
1433 1580 1534 1618 placet?
1546 1585 1587 1607 'an
1596 1582 1668 1617 quod

92 1621 245 1650 existiment
258 1619 361 1647 luctum
375 1622 495 1648 maxime
509 1622 604 1649 decere
617 1622 677 1650 vilia
692 1624 717 1650 ὃ(
726 1623 865 1659 fimplicia:
886 1632 942 1660 quae
950 1631 1040 1651 autem
1050 1622 1138 1650 colore
1146 1621 1243 1649 infecta
1250 1621 1322 1652 sunt,
1343 1629 1372 1647 ea
1378 1622 1475 1656 partim
1484 1619 1589 1648 luxum,
1610 1627 1669 1654 par-

91 1660 144 1688 tim
159 1658 411 1694 supervacanearum
423 1667 514 1687 rerum
527 1659 642 1687 studium
656 1669 780 1696 arguere:
801 1660 887 1688 solum
900 1659 985 1688 album
986 1659 1112 1699 sincerum
1128 1660 1194 1691 effe,
1215 1661 1389 1696 mixturaeque
1404 1666 1510 1694 experS,
1530 1665 1627 1692 purum
1639 1658 1666 1684 δε

91 1697 208 1725 ῐῐῃίὶυτα
220 1705 276 1724 non
288 1695 419 1724 imitabile
431 1717 438 1728 ‚
464 1706 495 1724 ac
509 1698 622 1733 proinde
635 1700 740 1734 optime
754 1700 897 1727 convenire
910 1699 942 1726 iis
955 1700 1001 1736 qui
1015 1697 1174 1735 sepeliuntur
1187 1700 1197 1725 ?
1224 1700 1288 1726 Haec
1308 1696 1433 1723 Plutarch.
1466 1693 1667 1722 Adhibebamur

92 1736 174 1763 etiam
182 1732 293 1772 praefica,
314 1743 376 1771 quas
387 1738 460 1760 Sext.
475 1737 600 1769 Pompejus
615 1736 665 1767 ait,
685 1735 809 1764 mulieres
824 1737 911 1769 fuisse,
932 1737 964 1765 ad
972 1737 1173 1765 lamentandum
1183 1743 1322 1764 mortuum
1330 1733 1486 1763 conductas,
1506 1740 1615 1770 quaeque
1622 1732 1668 1759 da-

92 1780 154 1802 rent
167 1773 266 1800 caeteris
280 1772 394 1799 modum
407 1772 561 1810 plangendi:
581 1774 651 1801 unde
664 1775 744 1802 etiam
759 1784 860 1803 nomen
873 1774 999 1807 habeant,
1020 1775 1090 1813 quasi
1105 1784 1162 1811 quae
1175 1774 1236 1802 huic
1250 1774 1288 1800 rei
1300 1772 1349 1800 sint
1359 1771 1495 1808 praefeetae.
1515 1774 1669 1808 Propinquos

91 1819 172 1848 atque
190 1810 293 1845 affines,
313 1809 370 1840 alii,
391 1811 436 1846 qui
453 1810 552 1839 funeris
569 1811 719 1840 deducendi
731 1813 805 1841 causa
818 1815 1016 1845 cons-luxerant,
1036 1813 1218 1850 sequebantur.
1258 1810 1393 1837 Ferebatur
1407 1817 1496 1837 autem
1510 1806 1666 1840 defunctus,

93 1850 115 1878 fi
135 1848 238 1888 illustris
247 1858 278 1876 ac
293 1847 420 1884 splendidi
436 1850 539 1886 generis
550 1870 556 1881 ,
585 1851 739 1888 meritisque
760 1853 787 1879 in
802 1852 932 1889 rempubl.
948 1852 1054 1889 insignis
1071 1851 1156 1879 fuisset
1167 1872 1173 1882 ‚
1194 1851 1313 1886 primum
1328 1848 1462 1882 tusorum,
1482 1846 1573 1886 ibique
1585 1845 1667 1873 oratio

87 1885 203 1924 funebris
217 1886 388 1914 recitabatur:
410 1887 444 1914 de
458 1896 513 1924 quo
528 1897 605 1915 more
618 1888 725 1926 insignis
740 1898 812 1918 extat
824 1890 892 1927 apud
907 1889 986 1925 Polyb.
1001 1889 1046 1917 lib.
1056 1892 1081 1917 6.
1093 1889 1166 1916 locus
1177 1908 1184 1917 .
1205 1896 1285 1925 quem
1300 1886 1343 1913 hic
1355 1886 1492 1921 integrum
1506 1883 1663 1911 adscribam.

92 1926 122 1953 Si
137 1923 245 1962 quando
256 1944 262 1955 2
282 1925 381 1960 inquit,
401 1925 469 1960 apud
490 1927 630 1953 Romanos
651 1926 779 1963 quispiam
795 1938 826 1956 ex
837 1926 976 1956 illustribus
989 1928 1052 1954 viris
1065 1936 1097 1953 ex
1110 1925 1158 1953 hac
1173 1926 1228 1953 vita
1240 1923 1394 1954 discesserit,
1413 1922 1484 1950 elato
1498 1921 1589 1949 funere
1603 1931 1666 1958 por-

91 1971 163 1992 tatur
182 1971 245 1989 curn
265 1961 364 1997 reliqua
380 1970 481 1999 pompa
500 1964 531 1991 ad
552 1965 634 1991 rostra
653 1965 687 1992 iic
706 1965 789 1996 dieta,
809 1966 837 1993 in
858 1965 962 1993 forum:
984 1967 1010 1993 δε
1030 1973 1101 1992 nunc
1120 1964 1187 1990 stans
1199 1964 1347 1997 conspicuus,
1367 1970 1437 1988 nunc
1449 1959 1605 1991 obvolutus,
1626 1960 1667 1988 id-

92 2010 146 2039 que
165 2009 239 2030 raro,
259 1998 377 2026 univerfii
393 1999 470 2035 plebe
488 2003 675 2030 circumstante
693 2004 774 2030 rostra
792 2002 921 2034 ascendit,
941 2003 1069 2039 liquidem
1090 2001 1157 2029 filius
1175 2000 1278 2028 adultus
1298 1999 1420 2037 supersit,
1440 2008 1470 2026 ac
1489 1998 1598 2034 praesens
1612 1998 1668 2026 exi-

95 2041 145 2067 ssat
159 2049 164 2065 :
185 2038 222 2065 fin
237 2046 301 2064 vero
313 2057 320 2067 ‚
338 2037 402 2064 alius
416 2038 551 2076 quisquam
567 2050 599 2068 ex
614 2040 690 2076 ipsius
704 2050 802 2077 genere
814 2050 844 2068 ac
857 2041 993 2068 demortui
1007 2041 1117 2068 virtutes
1127 2060 1136 2071 ‚
1157 2041 1183 2066 &
1197 2048 1254 2074 quae
1267 2038 1295 2064 in
1310 2046 1363 2064 vita
1376 2036 1497 2074 praeclare
1508 2036 1599 2073 geffit,
1620 2036 1666 2064 de-

91 2076 228 2115 praedicat.
250 2076 283 2102 Et
296 2074 358 2102 hinc
370 2076 485 2108 accedit,
505 2085 534 2105 ut
549 2078 627 2106 multi
640 2079 848 2110 admoneantur,
868 2081 894 2107 &
909 2088 966 2115 quae
979 2079 1050 2115 gesta
1064 2077 1137 2109 sunt,
1157 2077 1308 2113 inspiciant:
1330 2075 1444 2112 fiantque
1457 2084 1511 2101 nan
1520 2074 1555 2101 illi
1565 2075 1665 2106 modo,

95 2115 142 2152 qui
153 2123 266 2150 operum
281 2112 348 2139 illius
359 2112 432 2141 fuere
443 2114 594 2148 consortes,
617 2116 658 2144 sed
674 2119 700 2145 ὃς
715 2118 798 2144 exteri
810 2116 891 2152 usque
903 2119 969 2144 adeo
983 2117 1190 2152 compatientes,
1210 2121 1239 2141 ut
1253 2115 1324 2141 casus
1337 2112 1470 2150 ejusmodi
1479 2122 1533 2140 non
1541 2112 1626 2140 solum
1636 2111 1666 2139 il-

93 2152 142 2185 lis,
164 2152 210 2189 qui
227 2151 423 2187 periclitantur,
439 2153 573 2189 proprius,
593 2154 635 2182 sed
651 2157 677 2183 &
691 2155 791 2191 populo
807 2155 925 2182 videatur
938 2155 988 2181 effi:
1001 2154 1165 2182 communis.
1203 2153 1237 2179 Et
1250 2152 1326 2188 paulo
1339 2151 1410 2187 post,
1431 2160 1492 2178 cum
1507 2151 1538 2177 de
1549 2148 1666 2188 imagini-

94 2191 139 2219 bus
152 2190 271 2219 dixisset,
291 2198 354 2225 quas
368 2189 396 2216 in
410 2191 534 2218 vestibulo
545 2192 640 2220 aedium
655 2201 754 2228 ponere
769 2195 794 2221 ἃ
810 2192 898 2220 colere
912 2191 1103 2220 consucviss‘ent
1118 2190 1249 2220 Romani,
1271 2189 1323 2217 haec
1336 2189 1485 2226 subjungit:
1508 2189 1561 2216 Ubi
1572 2197 1665 2216 autem

95 2228 234 2266 praeclarus
254 2227 347 2263 aliquis
366 2236 398 2253 ex
412 2228 561 2256 domesticis
574 2230 703 2258 ultimum
716 2232 789 2259 diem
803 2231 887 2258 obivit
900 2252 907 2262 ,
934 2231 1070 2258 insti-ruunt
1078 2231 1176 2264 sunem
1189 2229 1321 2255 elationem
1336 2231 1362 2256 ἃ
1377 2226 1527 2255 circumfusi
1541 2248 1548 2259 ‚
1576 2228 1620 2263 qui
1635 2226 1666 2254 sl-

96 2267 205 2295 millimi
220 2265 405 2303 magnitudine
418 2286 425 2296 ,
452 2274 482 2292 ac
494 2266 592 2302 reliqua
606 2269 700 2297 statura
713 2270 836 2296 videntur
850 2289 857 2300 ,
883 2269 1006 2295 vestitum
1020 2267 1144 2304 usurpent
1159 2278 1164 2293 z
1192 2267 1209 2294 1i
1224 2266 1266 2293 vel
1279 2266 1381 2301 Confid.
1403 2266 1444 2292 vel
1458 2268 1593 2299 Imperator
1608 2264 1665 2292 iue-

98 2306 133 2333 rit
145 2314 256 2340 purpura
276 2304 487 2336 circumdatum,
508 2304 526 2331 fi
547 2305 639 2333 censor
653 2327 660 2338 ,
679 2316 839 2344 purpureum
856 2317 861 2333 ;
880 2306 897 2332 fi
911 2305 1079 2342 triumphum
1093 2306 1147 2343 egit
1165 2326 1172 2336 ‚
1192 2304 1234 2332 vel
1247 2303 1298 2332 tale
1317 2305 1379 2341 quio
1393 2304 1516 2341 perfecit,
1537 2313 1596 2329 auro
1611 2311 1665 2328 con-

96 2350 199 2373 textum
212 2343 323 2381 legitur,
343 2341 384 2370 isti
398 2351 475 2371 curru
487 2342 521 2372 sic
534 2342 660 2374 incedunt
673 2355 681 2373 z
700 2347 784 2381 Fafies
797 2354 876 2378 vero,
897 2347 922 2375 ὃ(
929 2345 1092 2410 Jecuresskaicc
1104 2344 1202 2382 reliqua
1216 2343 1405 2380 Principatibus
1420 2341 1556 2374 consueta,
1577 2340 1667 2406 segun-

1008 2384 1035 2411 K
1621 2387 1668 2406 um
