2075 2734
225 106 277 135 D:
297 111 464 134 rampone
485 111 526 131 ετ
549 110 649 132 mono
670 101 931 130 'rainu-onum
951 100 1211 129 Comrtonum.
1250 95 1334 129 Cn}
1352 109 1393 138 19.
1409 101 1436 130 &
1452 98 1506 130 20..
1613 111 1671 143 479

757 188 782 216 C
803 197 820 215 Α
840 197 863 215 r.
904 187 994 215 XIX.

575 247 628 280 De
642 254 774 295 tempore
787 243 966 279 tributorum
980 245 1181 278 comitiorum.

83 331 167 393 De
189 338 314 367 tempore
335 327 432 356 horum
452 323 606 353 comitiorum
625 325 697 352 idem
712 324 886 361 judicandum
903 345 910 355 ,
937 323 1007 359 quod
1025 323 1058 351 de
1071 323 1202 359 prioribus
1216 324 1333 352 diximus
1346 344 1354 356 ,
1381 332 1436 351 non
1451 324 1565 361 potuisse
1577 333 1606 352 ea
1620 325 1667 353 nisi

171 367 257 396 dlebus
269 365 432 394 comitialibus
444 364 534 391 haberi
550 374 554 390 z
582 363 631 391 hac
645 371 736 391 tamen
749 363 839 390 addita
852 363 1009 398 exceptione
1024 382 1031 393 ‚
1059 361 1106 388 nifi
1119 362 1175 398 quis
1191 363 1352 390 nominatim
1367 383 1376 394 ,
1402 371 1429 390 ut
1447 362 1501 390 aliis
1515 363 1596 390 etiam
1612 364 1667 391 die-

84 407 132 435 bus
148 417 209 435 cum
226 406 324 442 populo
337 412 415 440 agere
428 402 473 429 fibi
488 401 595 432 liceret,
617 401 706 438 legem
721 400 834 432 tulisset,
854 401 880 428 id
895 399 967 438 quod
991 401 1016 426 P.
1031 400 1158 427 Clodium
1177 401 1204 426 in
1219 400 1354 428 tribunatu
1369 400 1468 432 fecisse,
1491 401 1570 429 docet
1584 406 1668 429 Cicero

84 446 205 473 oratione
214 453 262 478 pro
275 440 364 478 Sestio,
384 440 429 468 ubi
443 440 548 472 scribit,
569 449 630 467 eum
648 441 718 467 inter
731 439 791 467 alias
809 438 880 476 leges
895 439 974 466 etiam
988 436 1057 465 hanc
1071 436 1169 468 tulisse,
1189 445 1219 465 ut
1232 439 1357 464 omnibus
1378 439 1445 466 :astus
1459 438 1550 466 diebus
1567 439 1614 467 sioi
1629 439 1664 468 le-

81 483 237 520 genuferre
250 481 349 508 liceret.
378 477 554 506 Comitiahbm
575 479 657 515 igitur
678 486 781 505 tantum
802 478 893 505 diebus
914 476 1048 504 ordinarie
1067 474 1165 502 tributa
1188 476 1298 502 comitia
1311 475 1481 504 habebantur.
1522 478 1585 513 Qo
1600 487 1667 506 vero

83 523 145 548 anni
159 527 295 555 tempore,
315 518 342 544 id
356 515 416 544 sciri
430 516 503 544 nullo
518 517 604 544 modo
618 517 650 544 de
664 516 791 544 omnibus
804 515 875 552 posse
888 515 1010 543 arbitror.
1033 514 1106 540 Nam
1119 512 1210 550 legum
1221 534 1229 544 ,
1249 513 1464 551 judiciorumque
1477 516 1502 542 ἃ
1518 517 1666 544 extraordi-

83 560 218 586 nariorum
239 555 441 593 magistratuum
462 554 562 582 comitia
577 562 681 582 certum
696 563 803 590 tempus
814 553 910 581 habere
923 562 978 580 non
992 558 1116 589 poterant
1131 572 1138 582 ,
1164 551 1381 588 quandoquidem
1396 560 1447 587 pro
1461 552 1564 588 publica
1579 553 1668 582 necess

81 597 155 625 strate
175 604 206 622 ac
223 593 362 622 voluntate
383 594 586 631 magistratuum
606 593 684 620 variis
704 593 765 620 anni
785 591 951 630 temporibus
965 590 1133 618 haberentur.
1172 589 1333 615 Sacerdotum
1347 590 1445 616 comma
1459 611 1465 621 ,
1493 599 1555 618 cum
1570 593 1665 621 eratin

81 632 217 661 demortui
231 632 320 660 locum
336 631 504 660 sufficiendus
518 631 583 659 alius
595 652 602 663 ,
622 630 803 659 habebantur:
829 631 890 658 alias
902 639 956 657 non
968 649 976 661 ‚
1000 628 1047 657 nifi
1061 636 1107 656 aut
1119 628 1185 655 novi
1200 628 1398 655 instituerentur
1413 648 1420 659 ,
1441 636 1484 656 aut
1499 638 1625 658 numerus
1637 631 1665 659 in

78 671 197 709 collegiis
212 679 362 708 augeretur.
1275 701 1278 704 ,

117 708 251 737 ordinaris
264 718 329 737 vero
345 707 505 746 magistratus
520 707 575 735 fere
589 707 620 735 ad
635 708 718 736 finem
732 706 829 735 mensis
841 704 928 742 Juln',
949 708 974 735 &
989 704 1149 742 principium
1166 700 1278 741 Augusti
1290 702 1454 731 creabantur.
1493 705 1532 731 Ac
1545 705 1665 734 tribuno-

81 756 143 776 rum
156 748 266 785 quidem
276 767 282 777 ,
302 746 472 784 aediliurnque
489 747 572 782 plebis
583 746 698 778 comitia,
718 747 806 782 prima
818 752 905 774 erant,
926 751 985 771 tuni
1000 742 1161 778 Confidaria,
1183 744 1208 770 ἃ
1217 740 1347 775 praetoria,
1368 741 1401 769 de
1416 740 1509 778 quibus
1516 741 1591 779 supra
1598 744 1663 773 dixi.

79 795 155 817 mus,
176 795 241 813 mox
256 784 372 813 aedilium
385 785 532 816 curulium,
553 785 611 821 post
625 785 797 822 quaestorum,
819 786 845 812 δε
860 783 970 810 tandem
984 781 1143 809 tribunorum
1158 780 1285 807 militum.

120 824 202 860 Qod
221 832 312 851 autem
331 821 488 850 tribunorum
501 843 511 854 ‚
537 822 695 860 aediliumque
714 821 797 859 plebis
816 820 917 849 comitia
936 821 1025 857 priora
1044 819 1143 847 fuerint
1156 839 1162 850 ‚
1183 827 1265 855 quam
1285 815 1434 845 Consulum
1454 819 1481 846 δε
1500 826 1644 854 praetorum
1656 841 1664 853 ,

78 862 195 898 intelligi
213 861 299 900 potest
320 871 352 888 ex
370 861 476 898 epistola
495 859 620 887 Ciceronis
635 871 655 888 1.
670 860 715 888 lib.
727 871 748 888 1.
764 861 796 888 ad
810 861 930 888 Atticum
945 880 953 891 ,
976 858 1021 886 ubi
1036 858 1070 885 fic
1083 857 1172 885 scribit
1186 867 1191 883 ·.
1220 857 1252 883 In
1265 864 1364 892 campo
1383 855 1500 895 comitiis
1521 857 1665 886 tribunitiis

79 910 103 928 a.
120 901 145 928 d.
165 909 228 928 xvi.
248 899 379 927 Kalendas
399 898 503 926 Sextilis
517 919 525 930 ‚
554 901 603 928 &e
625 901 652 927 &c
672 898 751 935 paulo
773 898 831 935 post
853 898 1023 925 mentionem
1039 895 1103 924 facit
1115 895 1308 922 candidatorum
1321 893 1495 929 Conficlarmm
1509 894 1576 922 illius
1591 897 1666 923 anni:

81 937 176 976 quibus
191 936 277 964 verbis
289 937 349 965 fitis
361 938 475 967 indicat,
496 937 619 964 nondum
633 936 708 964 fuisse
721 936 849 964 Consules
862 943 972 964 creatos.
1013 936 1048 962 At
1062 935 1135 962 idem
1150 934 1281 961 Oratione
1296 943 1321 961 2.
1335 933 1362 960 in
1380 935 1480 959 Verrem
1492 951 1500 961 ,
1521 935 1547 960 &
1562 934 1589 961 in
1603 943 1664 961 eam

78 975 200 1011 Aftonius
215 975 371 1007 ostendunt,
389 975 526 1012 pnetoria,
548 975 705 1012 aedilitiaque
726 975 838 1003 comitia
854 975 912 1013 post
933 973 1087 1001 Consularia
1107 971 1196 1003 fuiffe,
1217 970 1283 1010 sicut
1304 972 1329 998 ὃῑ
1347 969 1437 997 Callus
1453 970 1485 998 ad
1501 971 1664 999 Ciceronem

77 1013 193 1042 stribens
206 1014 320 1045 indicat,
342 1013 462 1042 tribunos
476 1012 613 1050 aedilesque
627 1013 710 1050 plebis
721 1014 778 1049 jam
793 1022 912 1045 creatos,
931 1021 995 1040 cum
1008 1010 1093 1039 adhuc
1104 1008 1147 1037 sua
1160 1009 1275 1041 camma,
1296 1008 1391 1045 quibus
1405 1008 1461 1036 fieri
1477 1009 1556 1036 aedilis
1570 1010 1667 1038 curulis

78 1052 202 1083 volebat,
223 1061 278 1079 non
293 1051 376 1080 effent
387 1051 490 1080 habita:
511 1051 557 1079 ubi
571 1052 686 1080 ostendit
701 1051 813 1080 Kalend.
829 1051 918 1080 Sextii.
930 1051 987 1087 jam
1001 1056 1104 1078 creatos
1118 1047 1191 1076 fuisse
1205 1047 1326 1076 tribunos
1340 1046 1410 1084 pleb.
1430 1045 1557 1074 Consules
1566 1050 1592 1076 δ’,
1599 1057 1666 1086 prae-

78 1098 165 1122 tores,
186 1098 249 1118 cum
264 1089 349 1118 adhuc
363 1090 442 1117 adiles
455 1090 548 1116 curules
563 1091 644 1118 creati
657 1100 713 1118 non
724 1090 817 1118 essent.

118 1128 223 1156 Eodem
244 1136 369 1165 tempore
384 1149 392 1160 ,
418 1130 445 1157 ὅ(
464 1127 574 1156 tribunos
593 1128 705 1156 militum
720 1129 803 1156 creari
816 1127 907 1155 solitos
921 1147 928 1158 ‚
955 1127 1034 1154 docet
1047 1123 1132 1152 cicero
1146 1124 1278 1152 Oratione
1291 1133 1316 1151 2.
1329 1124 1357 1151 in
1372 1126 1487 1151 Verrem
1502 1124 1560 1161 post
1576 1123 1664 1152 aediles

78 1172 171 1195 tamen
183 1165 281 1202 plebis,
301 1166 376 1194 ficuti
389 1166 471 1194 etiam
486 1167 640 1203 quaestores,
660 1174 689 1194 ut
703 1166 798 1195 diserte
812 1165 929 1193 affirmat
943 1163 991 1192 Dio
1006 1163 1051 1190 lib.
1064 1173 1106 1200 39.
1127 1164 1190 1190 Hoc
1203 1162 1286 1199 igitur
1298 1162 1392 1189 ordine
1407 1165 1434 1190 δε
1448 1169 1574 1198 tempore
1581 1164 1664 1190 creari

78 1205 245 1241 magistratus
269 1204 408 1235 solebant,
435 1204 482 1231 nifi
503 1211 546 1231 aut
567 1205 829 1235 obnuntiationibus,
851 1212 896 1231 aur
917 1201 1147 1230 intercessionibus
1165 1200 1336 1228 differrentur
1355 1199 1463 1227 comitia.
1503 1201 1664 1229 Notandum

78 1242 161 1270 etiam
175 1242 212 1269 est
225 1262 232 1274 ‚
259 1243 330 1278 quod
343 1242 418 1269 sicuti
432 1242 481 1268 alia
494 1239 594 1268 comitia
606 1262 613 1272 ‚
641 1243 676 1270 ita
691 1245 718 1271 δι
732 1241 828 1270 tributa
841 1249 903 1270 ante
915 1241 1033 1277 primam
1049 1239 1103 1268 diei
1115 1238 1212 1267 horam
1226 1238 1317 1267 haberi
1327 1248 1384 1266 non
1396 1238 1535 1274 potuerint
1546 1259 1554 1270 ,
1581 1239 1664 1276 idque

77 1279 180 1317 legibus
192 1279 360 1316 prohibitum
372 1279 464 1313 fuiffe,
483 1279 534 1307 nio
547 1279 626 1308 docet
640 1280 686 1308 lib.
698 1291 743 1319 39.

761 1357 822 1385 CA
844 1367 870 1384 r’.
905 1355 977 1384 XX.

596 1419 647 1450 De
660 1415 747 1450 modo
763 1415 943 1451 tributorum
957 1415 1157 1449 comitiorum.

77 1494 285 1557 Indicebantur
298 1495 418 1532 primum
432 1494 491 1523 haec
502 1493 603 1522 comitia
617 1496 649 1523 ab
662 1495 751 1533 aliquo
767 1497 920 1534 magistratu
933 1516 940 1527 ,
968 1495 1013 1531 qui
1028 1503 1057 1521 ea
1070 1492 1206 1520 habiturus
1219 1497 1277 1518 erat
1289 1510 1297 1521 ‚
1317 1490 1398 1526 idque
1413 1495 1442 1517 ut
1454 1489 1604 1525 plurimum
1618 1491 1666 1519 tri-

129 1534 250 1561 nundino
270 1541 413 1570 antequam
432 1533 608 1561 haberenturz
628 1535 699 1572 quod
721 1535 836 1562 ostendit
855 1534 960 1564 Livius,
980 1533 1087 1569 quando
1101 1532 1128 1557 in
1142 1530 1184 1557 sua
1197 1529 1303 1557 historia
1315 1528 1452 1564 saepissime
1465 1527 1545 1561 dicit,
1565 1529 1665 1557 indieta

78 1570 155 1599 fuiffe
174 1570 275 1598 comitia
289 1572 302 1598 a
315 1570 421 1599 tribunis
431 1593 437 1602 ,
458 1571 631 1604 Consulibus,
652 1580 696 1600 aut
711 1572 775 1600 aliis.
809 1574 899 1600 Unico
911 1570 1066 1600 testimonio
1081 1574 1222 1597 contentus
1236 1576 1282 1594 ero
1293 1587 1301 1599 ‚
1320 1565 1394 1604 quod
1404 1564 1494 1593 scribit
1507 1565 1576 1594 ljbro
1588 1576 1665 1604 quat-

79 1615 125 1636 to:
147 1610 219 1636 Cum
235 1608 405 1636 tribunorum
421 1609 505 1645 plebis
520 1611 696 1638 creandorum
710 1610 809 1637 comitia
823 1611 923 1639 indieta
937 1609 1033 1640 essent,
1056 1610 1106 1636 ἃς.
1140 1623 1145 1624 ⁷
1546 1613 1549 1615 ’

119 1646 236 1683 Legibus
256 1647 336 1674 etiarn
349 1667 358 1678 ‚
383 1656 446 1684 quas
465 1646 565 1675 tribuni
584 1648 665 1684 plebis
677 1669 686 1680 ‚
711 1648 807 1686 aliique
827 1649 992 1686 magistratus
1004 1668 1012 1679 ,
1036 1643 1140 1673 tributis
1157 1642 1264 1671 comitiis
1283 1641 1422 1674 ferebant,
1442 1642 1535 1670 omnia
1554 1650 1664 1669 accom-

80 1684 187 1711 modari
200 1705 206 1715 .
228 1693 286 1721 quae
305 1685 340 1713 de
360 1686 513 1713 centuriatis
531 1685 647 1714 diximus
668 1693 808 1723 poterant,
829 1687 901 1724 quod
921 1685 1018 1713 scilicet
1036 1684 1192 1711 trinundino
1212 1690 1274 1709 ante
1293 1680 1508 1718 promulgandae‚
1528 1678 1667 1707 suadendae

80 1724 108 1751 &
128 1722 303 1750 diffundenda:
321 1731 400 1761 atque
418 1723 579 1759 explicandae
598 1724 687 1752 effent.
728 1725 760 1752 Et
782 1725 835 1753 hoe
854 1725 974 1762 primum
996 1724 1030 1751 de
1049 1722 1134 1750 modo
1153 1730 1249 1749 eorum
1273 1719 1428 1747 comitiorum
1446 1717 1596 1746 notandum
1617 1717 1665 1745 est.

80 1760 185 1788 Deinde
198 1760 262 1788 illud
276 1761 487 1793 observandum,
508 1771 563 1789 non
576 1762 709 1798 auspicato
722 1762 810 1790 habita
823 1763 898 1790 fuisse
912 1771 956 1794 ea,
977 1762 1004 1789 id
1019 1761 1091 1798 quod
1105 1767 1199 1796 praeter
1211 1758 1315 1785 Livium
1330 1759 1357 1785 ὃ(
1370 1757 1449 1788 alios,
1470 1753 1600 1795 Diorqffiur
1609 1754 1626 1781 1.
1636 1765 1664 1791 9.

79 1798 124 1826 ubi
144 1798 287 1826 discrimen
305 1801 382 1835 ponit
400 1799 470 1826 inter
487 1799 586 1826 tributa
605 1803 630 1827 ὅς
649 1799 748 1827 curiata
768 1800 885 1833 comitia,
905 1808 996 1836 aperte
1014 1800 1104 1826 docet.
1143 1796 1232 1824 Verba
1253 1796 1310 1831 ejus
1327 1795 1381 1822 haec
1402 1794 1474 1822 sunt:
1495 1797 1608 1820 Cur-iam
1628 1801 1664 1820 co-

80 1836 162 1864 mitiis
181 1838 214 1864 de
234 1847 262 1865 re
282 1840 405 1874 quapiam
426 1838 455 1864 in
473 1837 563 1866 senatu
582 1839 654 1874 prius
674 1839 784 1867 tractata
803 1838 925 1876 suffragia
944 1838 1067 1865 curiatim
1087 1835 1280 1873 colligebantur
1292 1854 1299 1865 ‚
1318 1833 1399 1869 idque
1413 1831 1563 1868 auspicato:
1583 1831 1662 1863 alias,

80 1874 128 1902 ¹¹35
147 1883 209 1902 ave-‘-
228 1875 381 1903 ³ddicerent
395 1896 402 1907 ‚
428 1885 461 1902 ea
480 1875 580 1902 comitia
597 1875 759 1904 habebantur
771 1887 821 1914 pro
835 1878 923 1905 irritis.
962 1880 987 1903 T
986 1874 1070 1902 ribam
1085 1883 1148 1901 vero
1162 1871 1312 1900 inconsulto
1325 1870 1415 1898 senatu
1429 1892 1437 1903 ,
1463 1868 1541 1896 nullis
1552 1869 1664 1905 auspici-

80 1912 130 1939 bus
144 1911 266 1940 adhibitis
279 1933 286 1945 ,
311 1923 364 1941 una
376 1914 419 1940 die
431 1913 625 1950 peragebantur
638 1914 652 1942 a
665 1915 810 1942 tribulibus.
838 1918 902 1943 Haec
913 1914 964 1941 ille.
991 1914 1058 1948 Qiae
1072 1920 1164 1938 tamen
1178 1920 1233 1937 non
1248 1910 1281 1936 de
1294 1908 1421 1936 omnibus
1434 1907 1553 1944 auspiciis
1567 1907 1663 1947 intelli-

80 1949 168 1988 genda
186 1949 253 1977 sunt.
292 1951 364 1979 Cum
384 1952 457 1979 enim
478 1953 528 1980 tria
546 1951 628 1980 essent
647 1952 823 1988 auspiciorum
844 1961 954 1990 genera,
975 1957 1005 1977 ut
1025 1949 1101 1985 supra
1114 1958 1146 1976 ex
1157 1947 1255 1985 sigonio
1268 1946 1360 1979 retuli,
1378 1944 1609 1980 avruminspea¹310‚
1629 1946 1662 1972 de

80 1987 137 2016 coelo
156 1986 290 2021 obstr-vatio
303 2009 312 2020 ‚
338 1991 365 2017 &
385 1988 489 2024 tripudii
508 1989 689 2028 animadverfio
702 2002 710 2016 :
736 1993 762 2018 ὃς
781 1992 872 2019 avium
894 1989 1022 2026 inspeetio
1041 1989 1074 2014 ad
1091 1994 1190 2012 comma
1202 1984 1301 2011 curiata
1314 2005 1322 2015 ,
1351 1987 1377 2013 &
1389 1982 1531 2011 centuriata
1545 1994 1553 2010 :
1579 1985 1666 2020 tripu-

83 2026 120 2054 dii
133 2025 326 2053 animadverfio
339 2027 370 2054 ad
385 2036 426 2054 res
439 2029 577 2065 gerendas:
599 2028 748 2055 observatio
760 2029 794 2056 de
809 2030 879 2057 coelo
892 2029 923 2055 ad
939 2027 1031 2054 omnia
1044 2023 1143 2051 comitia
1158 2022 1340 2055 adhiberetur,
1359 2022 1476 2060 sequitur
1489 2021 1542 2049 hoc
1554 2029 1661 2050 tantum

81 2063 226 2100 auspicium
241 2064 268 2091 in
282 2065 312 2091 iis
326 2064 519 2094 observandum
533 2067 583 2094 effe
597 2076 631 2094 ne
644 2065 803 2094 haberentur
815 2087 822 2098 ‚
845 2075 898 2103 quo
911 2066 954 2093 die
967 2063 1100 2091 servatum
1115 2061 1177 2089 esset
1191 2062 1225 2088 de
1239 2059 1310 2088 coelo
1324 2071 1330 2087 z
1350 2061 1377 2089 id
1392 2061 1465 2098 quod
1479 2060 1560 2089 etiam
1577 2059 1661 2086 Cicero

80 2104 110 2130 in
132 2102 270 2129 Vatinium
290 2103 399 2130 innuere
418 2105 522 2132 videtur
540 2113 602 2131 cum
622 2104 721 2133 scribit:
744 2105 811 2132 Inde
829 2104 843 2131 ὲ
865 2102 986 2131 Romulo
1006 2102 1146 2129 decretum
1167 2098 1242 2127 fuiffe
1261 2099 1293 2126 ab
1312 2099 1444 2137 auguribus
1459 2100 1530 2136 Jove
1542 2096 1662 2135 fulgente

34 2154 43 2160 τ’
78 2149 143 2169 cum
163 2141 262 2176 populo
281 2142 323 2177 agi
343 2140 414 2168 nefas
432 2142 493 2171 effe.
533 2142 683 2172 Parendum
704 2143 787 2180 igitur
807 2143 887 2170 etiam
903 2143 930 2169 in
949 2141 989 2168 his
1001 2138 1108 2166 comitiis
1122 2137 1319 2166 obnuntiationi
1331 2138 1397 2168 fuit,
1416 2138 1464 2165 nili
1478 2136 1613 2165 interdum
1628 2136 1662 2164 ad

80 2179 170 2215 legem
184 2178 299 2214 aliquam
313 2178 467 2212 ferendam,
486 2189 566 2216 quam
579 2183 695 2210 omnino
706 2180 786 2208 vellet
797 2180 900 2208 senatus
919 2189 969 2216 pro
989 2177 1120 2213 temporis
1133 2176 1286 2204 necessitate
1303 2175 1428 2212 perferri,
1449 2182 1477 2202 ut
1493 2174 1565 2202 nulla
1581 2176 1661 2203 ratio-

82 2226 118 2244 ne
136 2217 325 2253 impediretur,
344 2217 413 2244 lator
431 2217 498 2245 illius
516 2218 556 2245 his
575 2219 676 2257 legibus
694 2212 854 2248 solveretur:
872 2218 947 2246 ficuti
968 2218 1001 2245 de
1019 2220 1058 2243 M.
1077 2212 1182 2251 Aufidio
1201 2218 1310 2241 Lurcone
1329 2214 1437 2242 tribuno
1451 2213 1534 2249 plebis
1547 2212 1663 2250 legimus

82 2255 153 2291 apud
172 2259 322 2282 Ciceronem.
361 2255 396 2282 Et
416 2257 524 2283 Clodius
542 2257 620 2285 initio
640 2258 678 2286 sui
697 2257 844 2286 tribunatus
863 2256 951 2294 legem
966 2253 1049 2284 tulisse
1063 2252 1148 2281 fertur
1159 2274 1166 2284 ‚
1193 2262 1228 2280 ne
1241 2251 1437 2281 obnuntiationi
1453 2250 1501 2278 fibi
1512 2251 1661 2288 parendum

83 2293 154 2321 effer.
194 2294 235 2321 Ita
254 2301 342 2321 autern
363 2292 418 2321 haec
435 2293 536 2321 comitta
555 2295 714 2333 inauspicato
732 2290 906 2323 habebantur‘
915 2294 987 2332 quod
1008 2302 1063 2320 non
1076 2299 1245 2327 captarentur
1256 2290 1382 2328 auspicia,
1404 2300 1461 2318 non
1474 2289 1663 2317 adhiberentur

83 2340 207 2368 augures,
228 2331 364 2366 pullariive
379 2351 387 2361 ,
414 2332 647 2368 quemadmodum
673 2335 700 2362 in
725 2332 919 2371 magistratibus
947 2330 1093 2368 majoribus
1119 2329 1176 2357 fieri
1201 2328 1310 2357 solebat.
1350 2331 1392 2357 Sic
1417 2327 1532 2367 Sigonius
1550 2327 1567 2354 1.
1585 2337 1606 2354 1.
1627 2326 1663 2353 de

82 2370 191 2407 ”mqw
210 2370 271 2406 «lure
290 2371 390 2399 ‘Mum
410 2371 600 2398 Romanorum
614 2391 622 2404 2
647 2381 705 2410 cap·
719 2382 745 2408 7.
771 2371 904 2410 explicans
916 2391 924 2403 ‚
949 2371 1014 2408 quid
1033 2369 1098 2397 ess'et
1111 2387 1119 2399 ‚
1147 2367 1220 2406 quod
1237 2366 1337 2404 plebeji
1357 2368 1523 2405 magistratus
1541 2372 1663 2429 carerpnt

1580 2412 1611 2430 au
1626 2410 1665 2438 pi-
