2075 2734
310 157 852 235 PROOE

330 299 367 321 N
383 295 452 321 omni
464 301 502 321 re,
521 299 589 325 atque
602 293 627 317 in
635 293 833 323 omnisermone‚
847 295 890 319 nifi

360 336 385 352 ες
398 345 406 354 ,
428 333 479 358 quae
499 326 589 357 agimus
603 342 608 353 ‚
632 333 670 349 aut
683 327 821 358 eloquimur
834 344 839 353 ,
859 329 889 351 ita

357 364 530 390 componamus
543 374 550 385 ‚
580 364 603 380 ac
621 357 753 390 digeramus
766 375 773 385 ,
801 365 826 382 tit
845 359 890 382 suis

361 391 448 423 lingula
467 390 526 413 locis
546 389 714 414 constituantur
728 407 735 418 ‚
764 389 826 414 nihil
845 397 888 414 un-

261 442 265 449 ,
325 447 329 449 Δ
360 430 430 455 quam
444 429 521 453 neque
534 420 628 445 venuste
641 438 648 449 ,
665 429 742 454 neque
753 429 798 453 pro
811 422 886 446 nostra

247 439 330 484 ’.(,βΐέᾝὲί
358 456 477 478 voluntate
490 454 629 484 perficietur.
647 455 752 485 primum
765 454 832 490 enim
849 454 886 477 ab—

250 463 334 511 ‘RQ-¹?-
356 487 388 511 est
396 486 508 509 decorum
516 485 575 508 illud
584 502 590 511 ,
609 486 674 517 quod
689 493 716 509 ex
725 485 826 517 partibus
834 493 885 516 aput

107 512 400 545 coliaerentibiisexfissere‚
418 516 682 547 elucerequevidemus:
700 517 833 544 deindefit,
851 525 883 545 ur,

109 554 152 584 qui
165 553 247 576 nostris
260 552 363 577 confiliis
372 549 501 582 propositus
513 548 544 572 est
557 548 610 572 finis
619 565 625 575 ,
643 556 697 573 eum
711 548 823 585 consequi
837 549 883 586 [inte

106 584 203 608 ordine.
221 584 267 608 hoc
279 584 311 608 est
322 601 328 612 ,
346 583 393 607 sine
406 583 497 605 rarione
511 597 518 607 ‚
535 587 583 603 non
597 581 673 604 liceat.
692 589 735 612 qua
750 589 774 604 iti
793 588 816 603 ie
831 581 882 612 phi-

105 607 239 648 losophiam
254 634 261 644 ‚
277 616 390 640 omnium
403 613 465 637 redte
478 612 597 635 dictorum
614 629 620 640 ‚
645 612 754 644 tetkeque
767 612 881 637 factorum

104 654 227 679 parentem
236 665 242 675 ,
257 647 310 672 satis
324 654 366 679 pro
379 646 428 675 eius
441 645 529 668 merito
543 651 567 667 ac
580 644 694 676 dignitate
707 645 797 668 laudaie
810 652 885 668 nemo

124 681 193 704 oterit
205 688 210 702 :
235 687 285 711 quae
298 680 367 704 nobis
381 685 418 702 eas
430 675 521 702 causas,
536 676 598 699 unde
612 676 703 700 ordinis
717 678 785 712 origo
798 676 881 703 fluxit,

118 719 148 735 uo
161 712 253 736 lumine
266 711 382 744 patefecit.
403 708 470 741 quod
484 706 528 731 nifi
542 708 573 731 ira
586 706 640 731 effer
653 725 660 735 ,
683 709 706 731 ὅ(
722 710 764 732 nili
776 716 810 743 ¹ea
823 709 882 732 duce

104 749 238 770 uteremur,
255 744 346 775 magnis
357 743 382 766 in
394 740 509 766 tenebris,
526 739 665 771 magnisque
678 740 702 763 in
709 739 825 763 erroribus
832 747 882 764 ver-

128 347 167 408 }
200 384 205 404 ,
237 361 332 434 {QX}

156 421 161 428 ,
246 422 271 433 „
291 421 329 442 „s

97 771 148 798 'sari
162 775 249 799 neceffe
261 782 315 798 erat.
333 777 383 806 Ego
396 773 482 804 igitur,
499 779 553 794 curn
567 772 593 795 ad
607 771 670 795 urbis
683 774 766 795 Romae
780 771 882 795 instituta

103 809 228 830 memoria:
242 807 361 838 prodenda
373 822 380 833 ,
406 812 455 836 quo
469 804 562 839 nullffm
580 803 623 839 essf
643 810 807 839 argumentum
827 804 881 827 illu—

103 837 170 862 ssrius
183 838 359 869 intelligebam,
377 837 482 860 animum
495 835 648 862 adiunxissem
662 851 668 860 ‚
686 836 731 858 ieci
746 852 752 861 ‚
769 835 834 866 quod
852 835 879 858 ab

103 869 134 892 iis
148 886 155 896 ,
178 869 264 900 quibus
276 869 323 900 ipsa
336 866 485 900 philosophia
497 865 603 895 magistra
616 865 688 888 suerat
701 883 708 892 ,
734 866 777 890 effe
790 865 877 890 fastum

103 900 325 924 animadverteram:
343 899 444 930 cogitavi
458 898 561 929 primum
574 897 601 920 ad
615 896 688 927 ipsam
702 905 752 933 rem
768 915 773 925 ‚
792 897 820 935 de
833 906 877 930 qua

101 931 226 961 sttiPturus
238 931 326 956 essem:
345 938 396 954 uim
415 930 441 952 ad
457 929 566 952 ordinem
582 946 587 955 ,
612 936 684 960 quem
703 938 728 952 iri
742 931 878 966 explicanda

98 970 124 986 re
138 963 203 995 sequi
215 964 359 988 conveniret.
378 961 444 994 quod
456 961 483 984 ad
496 968 546 984 rem
558 960 653 986 attinet,
671 961 819 985 occurrebant
829 963 877 990 illa,

100 995 139 1022 ei,
157 997 198 1026 qui
212 996 300 1027 aliquid
315 996 343 1018 ita
356 995 429 1017 literis
443 993 553 1017 mandet,
570 999 595 1015 ur
609 991 876 1029 posteritaticonsultum

101 1027 193 1057 optime
207 1028 262 1050 velit
276 1045 282 1054 ‚
300 1035 349 1051 non
363 1025 414 1048 satis
427 1024 471 1048 esse
485 1042 490 1050 ,
508 1023 568 1055 quid
581 1024 659 1047 aCtum
672 1024 697 1046 sir
713 1041 719 1050 ‚
747 1027 872 1056 explicare:

98 1056 139 1081 sed
152 1066 247 1089 operam
262 1059 329 1082 fimul
343 1059 386 1081 ene
400 1057 515 1080 dandam.
533 1062 559 1078 ut
572 1071 577 1080 ‚
597 1056 621 1079 ὅ(
633 1054 646 1078 ὲ
660 1054 745 1087 quibus
758 1074 765 1084 ‚
783 1058 806 1080 ὃ(
821 1056 875 1084 ubi,

99 1090 124 1113 &
139 1091 234 1121 quando
248 1091 354 1122 quidque
368 1090 444 1112 astum
458 1087 498 1114 fit,
516 1086 615 1123 studim·
625 1094 694 1118 atque
709 1087 816 1124 industria
827 1097 874 1125 pet-

98 1120 213 1152 sequatur.
231 1129 277 1145 erat
290 1125 363 1153 igitui-
376 1120 435 1144 mihi
449 1126 551 1142 accuiate
562 1119 714 1149 cogitandum
723 1136 729 1145 ‚
748 1120 873 1144 utillustna

98 1159 198 1184 quaeque
213 1153 242 1176 de
255 1154 392 1177 hominibus
406 1168 412 1178 ,
429 1152 458 1174 de
471 1151 528 1174 locis
542 1167 548 1176 ,
565 1151 594 1173 de
607 1150 754 1181 temporibus
769 1168 775 1178 ,
799 1153 827 1175 de
841 1152 890 1188 ιφ]

97 1183 142 1208 bus
153 1192 306 1216 exponerem.
323 1191 427 1213 cumque
440 1183 464 1206 in
478 1183 536 1205 lianc
548 1182 685 1206 sententiam
704 1182 749 1213 ipsa
765 1191 803 1206 me
814 1185 873 1208 ratio

96 1216 236 1248 perduxisset
249 1225 254 1240 ι
271 1223 323 1240 tum
338 1217 416 1240 multo
430 1215 480 1238 sum
495 1213 656 1237 vehementius
669 1215 776 1238 inciiztus
788 1233 794 1241 ‚
812 1216 872 1246 post-

97 1254 195 1279 eaquam
215 1251 239 1272 M
261 1249 358 1271 Varroni
374 1265 380 1274 ,
405 1250 571 1270 Romanorum
590 1247 702 1269 omnium
721 1246 872 1275 doffiffimo,

97 1279 163 1303 idem
176 1278 295 1310 placuisse,
314 1279 373 1309 apud
387 1278 543 1309 Augustinum
557 1278 580 1300 in
593 1285 623 1300 eo
637 1277 698 1301 libio
708 1279 872 1313 animadverti,

98 1311 141 1342 qui
154 1311 183 1334 de
195 1312 289 1334 civitate
303 1311 347 1334 Dei
362 1309 482 1340 inscriptus
495 1308 527 1331 est
554 1311 617 1332 Cum
626 1310 692 1332 enim
706 1310 746 1332 ille
761 1311 808 1337 vir,
823 1318 872 1346 quo

98 1349 172 1365 nemo
185 1350 288 1373 unquam
303 1343 362 1365 inter
375 1343 470 1365 Latinos
482 1347 559 1371 neque
573 1341 636 1371 plura
650 1357 656 1367 ‚
679 1348 758 1377 neque
774 1343 872 1377 meliora

94 1371 196 1404 scripsit,
215 1381 291 1397 rerum
306 1374 460 1397 humanarum
476 1372 658 1402 divinarumque
672 1379 781 1396 notitiam
795 1374 870 1398 literis

93 1405 240 1437 consignare,
259 1405 403 1437 posterisque
415 1405 503 1427 tradere
516 1403 648 1428 instituiss‘er
659 1421 664 1429 ,
681 1404 779 1428 universi
792 1407 871 1435 operis

95 1444 260 1467 argumentum
274 1437 301 1460 ab
316 1436 468 1460 hominibus,
487 1434 581 1462 alocis,
599 1434 612 1458 a
624 1436 772 1466 temporibus
786 1454 791 1463 ‚
809 1437 820 1461 ᾗ
835 1446 869 1461 re-

93 1466 137 1491 bus
148 1468 275 1492 derivavit:
295 1476 335 1491 cur
348 1475 426 1491 autem
440 1467 549 1490 homines
562 1474 614 1489 ante
627 1468 676 1490 loca
691 1484 696 1493 ,
714 1469 738 1491 ὅ(
752 1469 802 1491 loca
817 1477 868 1492 ante

93 1506 215 1531 tempora,
232 1501 256 1523 &
270 1507 376 1532 tempora
389 1506 442 1522 ante
453 1506 489 1521 res
501 1499 635 1521 collorarir:
653 1498 712 1523 hoc,
727 1500 782 1530 quia
799 1503 867 1530 pem-

93 1530 161 1555 nebat
175 1532 202 1555 ad
216 1533 324 1555 ordinem
338 1548 344 1557 ,
361 1532 391 1555 de
402 1538 451 1562 quo
466 1529 515 1561 post
529 1530 650 1553 inventam
664 1537 714 1553 rein
727 1530 866 1556 coiiiideiaii

91 1560 106 1586 Ξ
118 1570 158 1587 mo
170 1570 279 1595 oportere
292 1564 356 1588 dixi,
373 1562 570 1586 examinandum,
591 1562 614 1584 ὃ(
626 1569 697 1592 quani
710 1562 791 1598 liceiet
804 1571 866 1587 accu-

91 1601 152 1621 rate,
166 1595 353 1626 investigandum
366 1594 486 1617 constitui.
502 1592 532 1615 fic
544 1593 616 1624 igitur
627 1595 742 1623 cogitavi:
761 1594 801 1618 ubi
816 1596 867 1626 plu—

94 1625 159 1649 ribus
172 1626 196 1649 in
209 1625 289 1653 rebus,
308 1633 358 1658 quae
373 1625 442 1648 nobis
453 1624 572 1647 tractanda
586 1624 643 1651 ssiat,
660 1625 771 1648 ordinem
785 1627 866 1657 quari-

91 1663 161 1684 mus‚
182 1664 234 1681 tum
248 1665 352 1682 naturam
365 1656 460 1688 {pestari
473 1656 546 1679 solere
560 1672 566 1682 ,
583 1661 635 1678 tum
649 1655 797 1686 dignitatern.
817 1665 866 1689 qua:

89 1696 168 1713 natura
180 1690 256 1720 priora
269 1688 335 1715 sunt,
352 1696 390 1715 ea,
408 1687 475 1719 quod
488 1688 515 1710 ad
527 1693 633 1711 naturam
647 1689 742 1714 attinet,
760 1689 865 1719 priorem

89 1722 190 1775 qlpidem
203 1721 285 1745 locum
298 1720 339 1744 fibi
353 1721 400 1748 iure
407 1719 538 1743 vindicant:
556 1717 608 1745 sed,
626 1720 680 1750 quia
689 1726 864 1750 nonnunquam

90 1761 100 1775 Ἄ

130 1753 193 1779 aliis,
212 1761 262 1784 qua:
275 1752 400 1782 posteriora
414 1750 480 1778 sunt,
497 1751 611 1782 dignitate
622 1757 747 1774 vincuntur
761 1768 767 1777 ‚
786 1752 878 1783 digni-,

87 1785 128 1807 tati
141 1791 217 1807 natura
228 1784 304 1810 cedit,
322 1785 345 1807 ὅ(
359 1782 543 1814 ignobilioribus
555 1782 674 1816 nobiliora
689 1783 713 1805 in
727 1783 818 1807 ordinis
832 1793 864 1807 ra-

88 1816 155 1839 tione
174 1823 358 1846 praeponuntnr:
383 1822 433 1839 oua:
447 1821 502 1837 vero
520 1813 639 1841 eiulmodi
657 1813 709 1837 sunt
722 1831 728 1840 ‚
756 1821 779 1837 ui
795 1815 863 1840 fimul

87 1854 137 1871 itata
146 1865 152 1874 ‚
169 1848 267 1871 simulve
279 1847 346 1872 fuisse
358 1842 490 1870 videantur:
509 1853 548 1872 ea,
566 1846 635 1877 quia,
653 1845 719 1876 quod
731 1845 762 1869 est
770 1853 862 1876 naturae,

87 1879 114 1902 iii
134 1886 164 1902 eo
183 1884 242 1909 paria
257 1881 309 1903 lunt
323 1895 329 1905 ,
357 1879 478 1910 dignitatis
496 1877 572 1900 habita
590 1877 679 1900 ratione
696 1876 862 1914 disponuntur.

87 1912 151 1933 Cum
165 1911 237 1941 igitur
251 1913 286 1934 Μ.
299 1917 371 1937 varro
384 1927 390 1936 ,
419 1909 495 1932 homo
514 1916 632 1939 peracutus
643 1924 650 1935 ,
680 1910 785 1944 &qquod
799 1911 864 1935 illius

88 1941 169 1972 sciit-ta
183 1942 298 1965 declarant
312 1958 318 1967 ,
335 1942 359 1965 in
374 1940 497 1964 Aristotele
509 1939 625 1974 versatus⁷
649 1939 774 1963 honinem
789 1941 812 1964 &
826 1943 851 1964 lo

85 1980 140 1997 cuni
154 1973 307 1997 consideraret
320 1989 326 1999 ‚
344 1972 518 2002 hominemque
530 1972 575 1995 esse
586 1971 642 1994 loco
659 1978 736 1994 natuia
750 1971 859 2002 posterio.

85 2012 136 2028 xcm
151 2006 293 2035 intelligeret
304 2021 309 2031 ,
328 2005 382 2035 quia
395 2004 475 2027 omnis
488 2003 563 2026 homo
571 2002 603 2026 est
615 2003 639 2025 in
653 2003 722 2030 loco,
740 2004 764 2026 ὅ(
774 2021 782 2039 ⁹.
794 2006 860 2034 quod

85 2037 161 2067 aliqua
175 2045 199 2060 re
211 2037 356 2061 continetur²
375 2033 421 2067 ipsa
434 2043 472 2061 re,
495 2043 544 2065 quae
559 2035 679 2070 continet,
698 2034 858 2065 possetiusest,

84 2066 166 2092 orr'iiffa
180 2076 256 2092 natura
265 2085 270 2094 ,
288 2068 427 2100 dignitatem
439 2066 528 2091 secutus
539 2066 584 2094 est,
600 2066 776 2103 hominemque
786 2068 857 2106 locox,

84 2107 162 2124 natura
175 2100 327 2131 posteriorem
342 2117 348 2126 ,
371 2100 425 2131 quia
444 2106 552 2130 tanquam
573 2099 674 2122 locatum
691 2105 826 2123 continetur
843 2108 855 2123 a

83 2132 138 2156 loco
153 2150 158 2159 ‚
179 2133 292 2164 dignitate
307 2132 410 2161 priorem
423 2148 429 2158 ,
449 2131 503 2162 quia
516 2129 584 2154 rebus
602 2130 737 2153 inanimatis
751 2133 855 2155 animatae

84 2164 202 2194 praestant.
221 2163 350 2194 anteposuit
377 2162 512 2195 sequebatur
531 2162 580 2194 post
593 2162 720 2185 hcmincm
736 2163 759 2186 ὃς
773 2163 853 2199 locum

82 2196 130 2219 loci
144 2197 168 2219 δι
181 2197 296 2226 temporis
313 2196 465 2225 comparatio.
484 2195 508 2217 in
528 2195 563 2218 his
575 2211 582 2221 ‚
605 2201 659 2217 cum
673 2201 748 2217 natura
763 2202 854 2225 ponus,

81 2234 152 2258 quam
166 2227 293 2258 digniore,
310 2225 428 2250 differant:
444 2233 492 2250 non
506 2226 534 2249 ad
546 2226 687 2257 dignitatem
697 2243 702 2252 ,
713 2226 751 2249 sed
759 2228 785 2249 ad
793 2234 852 2255 eam,

923 160 1477 242 MIUM.

919 302 974 319 nem
988 295 1037 319 loci
1049 303 1142 329 tempus
1151 298 1221 324 affert.
1240 301 1305 332 quod
1319 301 1334 325 fi
1349 308 1440 334 tempus
1453 301 1466 327 Ξι
1479 303 1534 329 loco
1547 306 1647 338 pendet,
1658 309 1695 332 lo-

917 335 958 350 cus
975 334 1052 351 autem
1066 329 1079 351 ”a
1091 336 1198 362 tempore
1211 340 1259 356 non
1275 335 1332 357 item
1349 352 1355 361 ,
1381 343 1429 358 non
1444 342 1466 358 te
1477 345 1482 358 i
1495 345 1537 368 pus
1555 339 1610 362 loco
1625 356 1632 366 ,
1655 340 1695 364 sed

916 359 997 382 locum
1011 366 1119 392 tempore
1132 370 1209 386 natura
1223 365 1328 394 priorem
1346 365 1389 390 esse
1402 367 1496 392 conflat.
1515 377 1610 398 vetum,
1629 373 1693 403 quia,

917 397 942 414 ut
954 398 1006 414 ante
1019 399 1110 424 tempus
1123 395 1188 418 locus
1201 396 1270 423 esset,
1289 405 1338 420 non
1352 404 1429 422 tamen
1443 400 1567 425 necessario
1582 402 1692 434 sequeba-

916 428 953 446 tur
967 439 973 450 ‚
991 429 1016 446 ut
1030 431 1124 456 tempus
1137 434 1189 450 ante
1202 435 1251 451 reni
1265 445 1272 455 ,
1291 430 1395 460 (peterat
1409 432 1475 455 enim
1494 433 1524 456 ita
1541 440 1635 466 tempus
1647 434 1692 459 effe

915 454 967 486 post
980 455 1060 479 locum
1074 473 1080 483 ‚
1106 464 1130 480 ur
1144 466 1192 482 non
1207 466 1285 483 tamen
1306 462 1414 491 proxime
1432 462 1567 494 sequeretur
1580 468 1589 495 )
1615 467 1638 490 in
1655 468 1691 491 liis

915 493 1013 517 quoque
1026 487 1102 511 habita
1116 497 1197 513 natura:
1208 493 1266 514 iatio
1280 492 1311 516 cst
1324 501 1330 515 ι
1348 494 1371 516 &
1381 511 1387 520 ‚
1405 495 1458 525 quia
1473 503 1522 521 non
1537 497 1580 520 effe
1594 506 1628 521 res
1642 499 1689 523 fine

913 524 1021 549 tempore
1034 535 1040 545 ‚
1058 526 1151 551 tempus
1163 529 1240 545 autem
1255 523 1301 546 sine
1314 532 1338 546 re
1352 523 1395 548 ess'e
1408 526 1482 556 porest
1495 544 1501 554 ,
1526 536 1554 551 ex
1568 529 1689 561 utriusque

914 556 992 573 natura
1011 552 1083 581 patuit
1097 568 1102 577 ‚
1131 554 1161 575 ita
1180 561 1232 577 ante
1249 562 1300 578 rem
1318 557 1427 580 constitui
1446 565 1539 590 teinpus
1558 568 1668 592 op0itcre
1680 580 1688 590 ‚

913 582 1117 611 quemadmodum
1132 591 1184 607 ante
1197 592 1289 617 teinpus
1303 587 1382 610 locum
1392 605 1398 614 ‚
1416 590 1438 612 ἃ
1452 597 1503 613 ante
1515 591 1595 615 locum
1611 593 1689 617 homi-

913 620 967 636 nem
982 613 1026 636 esle
1041 615 1206 640 collocandum
1221 634 1227 644 ,
1251 617 1296 649 ipsa
1310 618 1355 646 jam
1374 627 1426 643 anre
1445 622 1503 644 ratio
1517 623 1689 649 demonstrave-

912 652 953 668 rat.
970 646 1043 668 Recte
1055 647 1127 677 igitur
1142 651 1210 671 Varro
1226 657 1288 679 piius
1301 650 1330 672 de
1343 650 1482 676 hominibus
1496 671 1502 680 ,
1520 661 1590 685 quam
1608 657 1637 679 de
1650 658 1689 680 io-

913 677 959 703 cis,
976 684 1005 700 ex
1017 677 1143 707 dignitate:
1162 680 1185 702 Ex:
1199 681 1261 711 prius
1276 681 1304 704 de
1318 683 1388 709 locist
1408 691 1479 714 quarn
1492 685 1686 718 detemporihus,

913 707 942 730 de
956 709 1116 739 temporibus,
1134 718 1203 741 quam
1219 712 1247 735 de
1261 713 1343 740 retus,
1361 722 1388 737 ex
1402 722 1495 743 natura,
1513 717 1554 741 fibi
1566 720 1684 749 agendum

912 741 1017 771 putavit:
1036 742 1098 764 recte
1110 742 1181 773 igitur
1195 744 1218 767 δι
1232 744 1239 766 i'
1259 744 1272 767 si
1287 746 1385 769 fecimus
1399 763 1405 772 ,
1421 748 1487 778 quod
1501 749 1524 772 in
1540 753 1623 774 nostris
1636 754 1686 776 Ro-

912 779 1033 796 manarum
1046 774 1212 805 antiquitatum
1226 753 1292 799 libris
1304 779 1406 801 eundem
1416 795 1421 804 ,
1438 787 1510 810 quem
1520 784 1589 805 Varro
1602 784 1685 813 proba-

895 827 896 832 ,
912 810 987 830 vetat,
1004 804 1114 828 ordinem
1128 804 1198 829 secuti
1213 806 1304 834 nimus,
1322 816 1370 831 non
1385 816 1431 832 tani
1442 811 1547 835 hominis
1559 814 1685 839 authorita-

894 854 895 862 ,
910 841 932 857 te
945 852 950 862 ‚
970 837 991 857 ἃ
1006 838 1131 867 exemplo,
1150 845 1220 869 quani
1235 856 1240 864 .
1257 846 1281 861 ut
1294 840 1438 865 ostendimus
1452 859 1458 869 ,
1476 842 1521 873 ipla
1534 846 1623 868 ratione
1635 863 1641 871 ,
1658 848 1683 871 &

909 867 1004 890 veritate
1016 870 1143 892 commoti.
1161 872 1269 892 Romana
1283 871 1421 901 respublica,
1440 881 1464 896 ut
1478 874 1553 898 homo
1567 884 1593 899 ex
1606 878 1682 902 anima

908 899 932 922 &
947 906 1059 930 corpore,
1077 900 1105 923 iic
1119 900 1163 930 ipsi
1178 900 1191 924 e
1207 901 1284 924 senatu
1297 903 1320 925 &
1335 904 1425 935 populo
1439 905 1560 930 corstituta
1572 924 1578 934 ‚
1596 911 1683 933 caieiis

892 932 893 943 ¹
907 929 1076 962 rebuspublicis
1090 939 1181 955 tantum
1195 935 1327 957 antecelluit
1341 952 1347 961 ,
1370 943 1482 967 qnantum
1503 938 1578 962 iiomo
1596 942 1683 965 exteris

908 962 1074 987 animantibus.
1091 964 1141 990 sed,
1159 965 1212 996 quia
1225 967 1362 990 communis
1374 967 1434 998 quasi
1449 969 1554 999 quadam
1568 971 1605 995 lex
1619 972 1682 998 estin

908 994 1020 1018 omnibus
1033 995 1100 1019 rebus
1112 1013 1119 1023 ,
1138 1002 1162 1018 nt
1174 997 1285 1020 ordinem
1300 998 1439 1022 diuturnitas
1451 1016 1457 1025 ‚
1481 1003 1682 1032 perturbationem

906 1024 1015 1050 inteiitus
1027 1027 1193 1058 consequatur:
1212 1036 1253 1059 pro
1272 1035 1332 1052 terea
1346 1047 1352 1056 ‚
1370 1038 1440 1062 quam
1454 1032 1495 1055 diu
1505 1041 1591 1058 veteres
1601 1036 1679 1067 leges,

905 1056 928 1079 ὃ(
942 1058 1044 1082 instituta
1058 1059 1174 1087 maiorum
1194 1061 1218 1083 in
1233 1068 1258 1083 ur
1277 1068 1290 1083 e
1309 1064 1386 1084 Roma
1404 1063 1528 1093 viguerunt
1541 1083 1547 1091 ,
1571 1073 1618 1091 tam
1637 1068 1679 1092 diu

904 1087 965 1112 stetit
979 1091 1075 1121 imperii
1087 1092 1200 1122 digiiitaS‚
1219 1099 1295 1123 neque
1309 1093 1478 1124 rempublicam
1491 1103 1527 1119 aut
1540 1105 1637 1122 externa·
1647 1101 1681 1124 vi-

903 1127 939 1142 res
953 1121 1054 1152 affligere
1068 1140 1074 1150 ‚
1099 1130 1135 1145 aur
1148 1123 1194 1146 ulla
1212 1123 1334 1147 debilitare
1352 1126 1479 1150 domestica
1492 1127 1577 1152 seditio
1590 1133 1678 1161 potuit.

905 1151 944 1174 ubi
959 1160 1013 1176 vero
1027 1155 1216 1178 extraordinariis
1228 1156 1335 1187 imperiis
1348 1157 1414 1180 locus
1432 1157 1477 1182 effe
1490 1162 1563 1191 coepit
1578 1178 1584 1188 ‚
1608 1163 1632 1186 ὃς
1647 1164 1679 1188 ci-

887 1191 888 1213 i
902 1184 967 1207 vium
981 1185 1074 1209 animos
1087 1187 1188 1217 pecunix
1200 1188 1313 1218 cupiditas
1326 1187 1399 1212 infusa
1411 1191 1539 1221 corripuit.
1556 1200 1592 1216 aut
1606 1196 1677 1225 gratia

887 1222 888 1225 ¹
901 1214 1016 1240 delenivit
1029 1225 1034 1238 ε
1053 1225 1103 1241 tum
1118 1235 1123 1244 ‚
1143 1218 1223 1249 primo
1238 1219 1337 1250 quidem
1357 1220 1386 1243 de
1399 1219 1440 1244 suo
1453 1221 1509 1245 statu
1521 1227 1612 1249 moveri
1626 1243 1632 1253 ,
1650 1235 1674 1251 ac

898 1246 980 1271 leviter
993 1248 1055 1279 quasi
1069 1256 1150 1273 nutare
1162 1249 1287 1280 respublica
1299 1252 1383 1283 coepit:
1403 1252 1503 1280 deinde,
1520 1262 1575 1279 cum
1588 1257 1613 1280 ad
1622 1266 1674 1283 eam

899 1279 1085 1304 confirmandam
1099 1282 1150 1304 aliis
1161 1282 1267 1309 animus,
1284 1283 1335 1306 aliis
1347 1283 1472 1308 confilium
1486 1285 1570 1311 deesset
1583 1305 1589 1315 ‚
1607 1290 1676 1315 velie,-

901 1312 1004 1334 mentius
1017 1311 1145 1336 labefactata
1154 1330 1161 1340 ,
1176 1313 1203 1337 ad
1215 1321 1349 1338 eirtiemum
1362 1322 1409 1338 rota
1423 1317 1517 1341 corruit.
1538 1326 1582 1350 qua
1595 1321 1619 1344 in
1634 1329 1674 1345 co-

900 1344 1014 1372 gitatione
1027 1351 1081 1367 cum
1095 1345 1117 1367 δι
1131 1344 1172 1368 diu
1186 1362 1192 1370 ‚
1217 1346 1241 1368 δε
1254 1353 1381 1377 perattente
1393 1346 1464 1371 essem
1477 1348 1575 1374 versatus
1591 1360 1596 1374 :
1624 1353 1672 1385 ipit

900 1374 961 1397 mihi
975 1375 1033 1398 ratio
1047 1375 1113 1399 facile
1126 1376 1231 1408 persuasit
1245 1394 1251 1404 ,
1275 1378 1367 1402 ordinis
1381 1379 1405 1402 δε
1424 1379 1606 1407 conservationis
1619 1392 1672 1409 cau-

886 1405 943 1434 sam
956 1404 968 1428 Ξι
982 1405 1059 1430 senatu
1070 1407 1182 1432 emanasse
1196 1426 1201 1435 ,
1220 1409 1400 1440 perturbationis
1414 1412 1437 1434 ὅ(
1451 1412 1559 1437 interitus
1571 1413 1583 1438 a
1595 1423 1671 1447 popu-

892 1437 925 1460 lo.
944 1445 1014 1469 quare
1028 1456 1034 1465 ,
1052 1446 1076 1462 ut
1091 1447 1134 1463 nos
1148 1447 1246 1471 quoque
1258 1441 1368 1465 ordinem
1387 1450 1494 1466 tueamur
1506 1461 1513 1471 .
1531 1447 1572 1476 qui
1587 1450 1668 1478 quanti

880 1468 915 1496 Jfit
928 1485 934 1495 ‚
958 1471 1070 1501 exemplo
1090 1478 1227 1502 magnarum
1245 1479 1324 1496 rerum
1343 1474 1501 1506 intelligimus
1514 1492 1520 1503 ‚
1544 1477 1572 1500 de
1589 1479 1668 1505 senatu

889 1500 995 1530 primum
1007 1517 1014 1527 ‚
1033 1509 1091 1525 mox
1109 1503 1138 1526 de
1153 1503 1243 1534 populo
1257 1504 1399 1529 narrabimus
1414 1514 1419 1528 ε
1437 1512 1488 1530 tum
1501 1522 1508 1533 ‚
1526 1515 1576 1539 qux
1588 1511 1615 1533 ad
1628 1519 1668 1536 ex-

906 1532 1021 1555 licandam
1032 1535 1192 1565 Romanarum
1207 1542 1284 1558 rerum
1293 1538 1405 1561 notitiam
1417 1538 1549 1569 pertinent.
1566 1542 1666 1575 reliqua,

900 1571 931 1587 uo
938 1563 1046 1596 quidque
1058 1566 1113 1589 loco
1121 1583 1127 1594 ,
1147 1568 1324 1598 persequemur.

1109 1631 1246 1658 CAP

1147 1690 1187 1715 De
1199 1686 1412 1725 originefinatus.

1289 1633 1445 1660 υτῙ.

953 1749 1062 1777 omnim,
1080 1747 1171 1780 primus
1184 1751 1249 1776 Rex,
1267 1749 1290 1772 &
1303 1756 1391 1772 creator
1404 1749 1473 1774 Urbis
1487 1767 1493 1777 ‚
1511 1758 1583 1778 matre
1595 1754 1659 1780 Rha

875 1749 948 1813 ¹,R
968 1781 1042 1811 sylvia
1054 1798 1060 1807 ,
1079 1780 1170 1811 virgine
1189 1780 1270 1804 vestali
1284 1797 1290 1807 ,
1313 1781 1403 1805 incerto
1417 1788 1478 1813 patre
1494 1791 1559 1807 natus
1572 1803 1578 1813 ‚
1604 1794 1659 1813 cum

876 1813 1026 1839 ·Numitori‚
1042 1819 1149 1835 materno
1163 1819 1218 1839 avo,
1235 1820 1335 1843 regnum
1353 1814 1434 1841 Albaz,
1457 1814 1514 1837 czso
1531 1817 1579 1845 ejus
1590 1819 1660 1844 fratre

886 1844 986 1868 Amulio
999 1843 1144 1868 restituisset:
1162 1851 1244 1875 magna
1258 1844 1363 1875 quadam
1376 1846 1456 1869 animo
1470 1846 1571 1877 speetans
1585 1866 1591 1877 ‚
1607 1850 1661 1876 fatis

877 1875 1026 1906 ,ducentibus
1047 1875 1074 1899 ad
1093 1875 1181 1899 Urbem
1199 1875 1348 1899 condendam
1367 1884 1421 1900 cum
1439 1878 1511 1902 tribus
1530 1880 1660 1908 hominum

877 1907 995 1931 *millibus
1007 1907 1066 1930 Alba
1079 1906 1210 1938 profeaus,
1229 1908 1252 1931 in
1267 1908 1369 1931 Palatino
1379 1909 1454 1936 colle,
1473 1909 1512 1933 ubi
1527 1910 1540 1934 a
1553 1914 1659 1940 Faustulo

886 1938 987 1970 pastore,
1004 1938 1100 1970 ejusque
1111 1945 1184 1961 uxore
1198 1941 1318 1962 Laurentia
1334 1939 1405 1963 suerat
1418 1941 1526 1965 educatus
1539 1959 1545 1969 ,
1563 1952 1658 1976 optimo

886 1971 985 2001 augurio
1000 1970 1080 1993 sedem
1093 1969 1222 1994 constituit.
1243 1970 1279 1994 lbi
1296 1978 1366 2002 parvae
1380 1971 1451 1996 Urbis
1464 1990 1471 2000 ‚
1493 1982 1543 2006 quae
1556 1976 1656 2003 domin.

884 2002 993 2033 gentium
1009 2001 1084 2025 futura
1097 2009 1143 2025 erat
1157 2018 1163 2028 ‚
1184 2002 1246 2030 indtis
1258 2002 1416 2027 fundamentis
1430 2021 1436 2031 ,
1453 2012 1506 2028 cum
1521 2005 1542 2029 se
1557 2006 1657 2041 suosque

885 2041 955 2057 muro
967 2033 1130 2057 circumdusto
1143 2034 1275 2057 muniisset:
1294 2034 1423 2059 universam
1437 2038 1617 2065 multitudinem
1629 2042 1655 2067 in

874 2072 927 2089 *tres
940 2072 1013 2097 partes
1025 2082 1032 2093 ‚
1056 2072 1111 2097 quas
1124 2064 1197 2088 tribus
1210 2067 1331 2097 appellavit
1344 2083 1351 2093 ,
1376 2067 1492 2092 distribuit
1505 2086 1512 2097 ‚
1535 2071 1558 2094 δι
1573 2079 1655 2098 unam-

883 2105 1002 2129 quamque
1014 2103 1102 2128 pattem
1114 2098 1137 2120 iii
1152 2097 1220 2121 denas
1233 2115 1239 2125 ,
1258 2105 1313 2130 quas
1325 2099 1398 2122 curias
1411 2101 1544 2125 nominavit
1557 2111 1562 2125 :
1588 2112 1612 2127 ur
1625 2113 1655 2130 ex

883 2130 956 2153 tribus
969 2128 1076 2152 tribubus
1088 2129 1182 2161 triginta
1195 2130 1297 2153 omnino
1312 2129 1393 2154 fierent
1405 2132 1473 2155 curiae
1487 2149 1492 2159 ‚
1517 2141 1567 2165 qus:
1585 2134 1653 2162 snum

881 2161 974 2193 fingulae
987 2160 1095 2184 sacellum
1110 2178 1116 2189 ,
1140 2161 1179 2184 ubi
1200 2161 1255 2184 sacia
1268 2161 1368 2185 facerent
1381 2179 1387 2189 ,
1409 2163 1512 2196 deosque
1531 2167 1651 2197 colerent,

868 2187 1029 2217 ihabuel'untss
1052 2193 1167 2224 curiaque
1186 2194 1209 2216 ὃς
1229 2192 1275 2225 ipsa
1293 2192 1370 2218 sacella
1389 2193 1442 2218 sunt
1460 2197 1575 2232 appellata.
1599 2200 1650 2230 post

868 2223 937 2248 *hanc
950 2224 1139 2248 distributionem
1152 2226 1177 2249 in
1191 2232 1264 2256 partes
1276 2242 1283 2252 ‚
1306 2226 1373 2249 aliam
1392 2226 1468 2251 rursus
1485 2236 1508 2251 in
1523 2229 1651 2259 hominum

80 2266 126 2290 qua
140 2267 184 2282 una
198 2260 320 2284 difleiunt‚
329 2265 430 2281 naturam
442 2257 629 2288 speftarineceffe
641 2258 694 2281 fuit.
713 2260 852 2286 l‘atetenim,
867 2271 868 2283 ;
880 2264 962 2288 genera
974 2256 1039 2280 fecit.
1055 2264 1104 2293 non
1117 2259 1183 2281 enirn
1192 2274 1198 2284 ,
1210 2264 1240 2293 'ut
1253 2257 1357 2293 quat-dam
1370 2265 1488 2296 nationes,
1506 2261 1594 2297 viribus
1603 2263 1651 2286 im-

79 2296 173 2322 tempus
185 2290 229 2314 effi:
241 2299 289 2314 non
303 2289 374 2322 posse.
390 2289 432 2313 nifi
444 2290 508 2313 locus
521 2289 559 2313 fii:
578 2291 631 2321 quia
644 2297 735 2321 tempus
745 2289 776 2312 esl
785 2298 851 2313 men-
879 2295 981 2320 petuque
993 2295 1099 2320 corporis
1111 2288 1187 2325 fretae,
1208 2297 1233 2312 in
1246 2297 1317 2312 armis
1327 2297 1408 2314 omnia
1421 2294 1516 2326 poluitj
1534 2294 1571 2315 led
1585 2300 1615 2317 ita
1627 2294 1651 2318 se

81 2321 129 2346 sura
143 2330 222 2346 motus
236 2339 241 2347 ,
257 2323 280 2345 ὅ(
294 2323 374 2346 omnis
388 2329 466 2345 motus
480 2321 511 2344 est
524 2322 548 2345 in
560 2322 615 2345 loco
630 2329 635 2343 :
659 2322 725 2344 locus
738 2328 813 2345 autem
828 2329 852 2346 ut
879 2321 906 2344 ad
926 2321 1067 2357 incrementa
1087 2328 1162 2357 regni-⁴
1172 2324 1264 2352 optime
1282 2320 1443 2358 consulturum
1456 2322 1580 2358 *arbitratus
1597 2341 1603 2351 ,
1633 2325 1650 2351 fi

81 2361 135 2379 cum
147 2361 255 2387 tempore
268 2353 307 2383 fit,
324 2352 411 2379 necesse
423 2361 473 2378 non
485 2352 542 2378 effe:
556 2354 611 2386 quia
621 2354 682 2379 nihil
694 2353 721 2378 ad
734 2353 853 2380 definitio·
879 2352 1004 2379 confilium
1020 2351 1109 2380 vitibus
1127 2353 1280 2384 adiungeret:
1303 2361 1332 2377 ex
1353 2361 1422 2379 omni
1441 2361 1528 2379 civnim
1547 2363 1649 2381 nui-nero

1163 2386 1283 2418 Qqq‘l‘l
1301 2393 1315 2411 2
1595 2395 1649 2415 cen-
