2075 2734
81 1404 96 1447 οἱ.

321 123 373 155 342
619 101 1613 141 ΛΝτιᾳυιτΑτυΜῘζοΜΑΝΑῐιυΜΜὶν,

323 163 383 190 Deo
404 160 482 188 fuerit
498 158 612 187 habitus.
644 157 687 184 De
702 156 732 183 iis
746 163 812 183 vero
827 152 875 182 Dio
890 153 958 182 libro
974 151 1196 190 quinquagesimo
1210 149 1284 179 sexto
1300 157 1424 179 extremo
1439 171 1446 183 ‚
1473 150 1520 178 ubi
1535 151 1568 179 de
1581 150 1726 182 honoribus
1740 154 1854 195 Augusto
1866 154 1912 185 de-'

324 199 404 226 cretis
424 197 557 233 loquitur,
581 196 650 223 inter
664 194 712 222 alia
725 193 780 220 haec
794 193 886 220 habet:
907 193 1054 219 Decretum
1070 199 1153 226 porro
1165 188 1216 220 est,
1237 189 1338 226 inquit,
1359 198 1392 216 ne
1405 198 1455 225 qua
1469 189 1524 224 ejus
1538 190 1630 226 imago
1643 190 1699 219 ullo
1710 193 1738 221 in
1753 193 1846 222 funere
1859 194 1913 222 fer-

324 242 397 263 retur
413 254 419 264 ,
446 241 476 262 ut
491 234 613 262 natalitiis
628 233 684 269 ejus
701 231 768 258 ludis
782 229 897 265 confides
910 250 917 261 ‚
944 228 1177 267 quemadmodum
1194 228 1287 255 Martis
1304 227 1361 254 fieri
1377 226 1485 255 solitum
1500 247 1507 258 ‚
1533 228 1642 263 praemia
1656 232 1833 259 certaminum
1850 241 1913 268 pro-

325 280 457 309 ponerent
470 292 476 303 ,
499 269 647 309 Augustalia
661 269 777 297 Tribuni
790 268 874 306 plebis
888 275 1015 305 tanquam
1030 266 1094 293 sacri
1104 264 1275 293 celebrarent.
1316 266 1391 301 lique
1405 266 1498 292 omnia
1510 266 1610 302 reliqua
1625 275 1658 294 eo
1674 287 1681 298 ‚
1702 277 1756 304 quo
1769 269 1912 297 consueve-

325 318 386 338 rant
408 310 463 337 fieri
487 318 563 337 more
578 330 585 340 ,
612 314 774 345 peregerunt
788 328 795 339 ‚
821 307 892 335 veste
908 304 1062 342 triumphali
1077 303 1143 330 ludas*
1158 301 1300 340 circenfibus
1311 302 1347 330 ufi
1362 314 1367 330 ·.
1396 312 1504 330 currum
1518 311 1610 331 tamen
1626 314 1681 332 non
1696 304 1913 336 conscenderunt.

328 350 425 376 Praeter
440 347 494 375 haec
507 349 534 376 in
549 346 650 374 Palatio
665 345 744 374 Livia
759 345 901 382 peculiares
917 344 994 372 ludos
1006 344 1034 371 in
1049 342 1182 369 honorem
1198 341 1308 378 Augusti
1323 340 1386 369 fecit
1399 361 1407 372 ,
1433 342 1479 378 qui
1493 342 1540 378 ipli
1554 351 1662 379 quoque
1676 341 1792 371 secundo
1805 344 1866 372 loco
1879 345 1912 373 ab

327 385 538 422 Imperatoribus
552 384 719 412 exhibentur.
757 384 793 412 Et
807 383 885 420 paulo
898 382 970 418 post:
997 382 1038 408 Eo
1050 387 1176 416 tempore
1188 378 1263 415 plebs
1277 379 1440 407 tumultuata
1458 380 1493 406 est
1503 401 1510 412 ‚
1531 389 1593 408 cum
1610 379 1790 418 Augustalibus
1804 383 1913 419 quidam

327 424 418 452 histrio
433 423 515 451 nollet
530 432 580 460 pro
594 422 736 451 constituta
749 422 875 450 mercede
890 421 918 448 in
931 419 1066 448 theatrum
1082 419 1192 446 intrare:
1215 426 1266 444 nec
1280 417 1338 444 finis
1352 425 1413 445 ante
1426 417 1565 445 turbarum
1580 417 1646 448 fuit,
1666 428 1746 455 quam
1763 428 1793 447 ea
1806 419 1860 456 ipfii
1873 421 1915 449 die

331 461 444 488 Tribuni
465 461 547 497 plebis
561 461 655 489 ςοειέὶο
669 459 759 488 senatu
770 459 891 496 precibus
905 464 1085 494 1mpetramnt
1105 477 1111 488 ‚
1138 463 1167 483 ut
1181 455 1272 483 liceret
1285 454 1331 494 fibi
1347 456 1461 491 majores
1474 455 1623 493 aliquanto,
1643 465 1726 493 quam
1741 457 1842 495 legibus
1855 468 1916 497 per-

329 500 500 532 mitteretur,
520 499 640 537 sumptus
653 498 749 528 facere.
768 496 946 526 Palatinarum
959 496 1084 523 ludorum
1101 495 1184 522 etiam
1199 497 1332 520 Suetonms
1346 493 1474 522 meminit
1486 494 1514 523 in
1529 494 1661 532 Caligula,
1681 496 1768 532 capite
1779 499 1826 533 5⁶·

1016 565 1039 591 C
1060 573 1074 591 Α
1097 575 1119 591 r.
1159 563 1238 590 XXI.

940 620 991 652 De
1015 617 1097 651 ludis
1113 614 1313 662 fiaecularibus.

338 687 551 749 Celeberrimi
571 688 639 725 apud
660 689 802 715 Romanos
821 686 877 714 ludi
898 686 1106 721 erantflccular·es
1118 708 1125 719 ,
1152 687 1187 715 fic
1201 687 1265 714 dieti
1281 686 1352 724 quod
1367 686 1424 723 post
1440 692 1550 714 centum
1564 694 1646 714 annos
1663 687 1757 718 fierent
1769 711 1777 722 ,
1803 690 1864 728 quia
1873 691 1917 724 sk.

416 728 499 756 culum
513 729 542 756 in
558 734 667 755 centum
683 735 766 754 annos
781 725 885 754 extendi
900 725 1083 753 existimabant
1100 747 1107 757 ,
1131 726 1165 753 de
1178 735 1293 762 quorum
1310 726 1414 762 origine
1429 723 1539 752 merim
1553 723 1687 752 Maximus
1699 726 1768 754 libro
1784 737 1808 755 2.
1821 737 1878 764 cap.
1891 738 1919 763 4.

337 765 422 794 multa
441 766 520 794 habet
539 775 596 803 quae
615 765 703 803 legere
724 772 808 800 potes.
848 763 957 801 Angelus
979 762 1121 791 I’olitianm
1142 763 1374 791 Mii‘cellaneorum
1395 773 1450 799 cap.
1469 766 1514 798 53.
1534 772 1566 790 ex
1585 761 1679 801 Zost'mo
1699 767 1726 792 ὃ(
1745 765 1800 793 aliis
1817 765 1874 793 hacc
1888 766 1922 792 de

337 802 405 830 ludia
417 802 572 838 focularibus
591 803 682 831 affert:
705 803 799 839 Qum
818 801 919 829 bellum
940 802 1010 830 inter
1029 801 1054 829 se
1076 803 1208 833 Romani,
1230 802 1377 838 Albanique
1396 808 1535 838 gererent,
1556 802 1584 828 δε
1603 809 1714 839 utraque
1733 803 1761 830 in
1780 803 1921 840 procinetu

337 841 396 877 jam
411 842 488 870 staret
503 843 570 870 acies
585 863 593 873 ‚
621 841 710 868 extitit
725 848 833 875 repente
848 840 957 877 quidam
973 839 1121 867 monstrosa
1134 839 1217 876 specie
1231 840 1245 871 ζ
1265 839 1332 876 pelle
1344 840 1457 867 amiCtus
1472 839 1546 866 furva
1560 859 1567 870 ‚
1595 839 1744 868 vociferans
1760 841 1860 878 Jubere
1873 840 1922 868 Di-

339 886 393 906 tem
418 884 524 908 Pan-em
540 902 547 912 ,
575 884 707 917 Deumque
735 876 902 913 Proftrpirmm
918 876 981 915 fiert
999 878 1101 911 surum
1118 877 1169 915 fibi
1189 877 1260 912 prius
1279 887 1357 916 quam
1371 878 1484 911 praelmm
1503 874 1710 906 committeretur.
1750 881 1814 914 Quo
1821 887 1922 916 perter-

338 917 433 946 refaffi
454 918 510 946 viso
524 918 645 946 Romani
659 918 778 954 protinus
792 925 864 943 aram
878 915 923 943 sub
938 923 1008 943 terra
1022 916 1200 947 aedificarunt,
1228 918 1254 945 St
1270 917 1358 943 statim
1373 915 1500 943 sacrificio
1515 913 1587 940 fatto
1601 916 1701 950 pedum
1717 918 1812 955 viginti
1825 926 1923 955 aggere

340 964 517 984 contexerunt
530 978 537 988 ‚
563 964 591 983 ut
611 955 675 983 esset
694 953 819 982 omnibus
833 974 840 984 ,
865 961 1040 990 praeterquam
1064 955 1195 981 Romanis
1213 953 1272 989 ipfis
1291 953 1463 991 ignorabilis:
1485 952 1534 979 Sed
1555 954 1629 979 enim
1649 956 1738 983 evenit
1752 976 1759 986 ,
1779 963 1808 982 ut
1826 956 1924 990 Vtilesus

340 993 465 1033 Valefius,
485 995 556 1023 unde
577 1003 678 1021 nomen
699 995 725 1020 ὃς
745 993 823 1027 origo
845 990 946 1018 Valeria
965 991 1084 1023 stuniliae,
1104 991 1258 1019 clariffimus
1278 992 1306 1019 in
1325 999 1406 1028 gente
1425 991 1532 1021 Sabina,
1556 992 1581 1018 ὃς
1601 990 1732 1027 locuples,
1752 993 1837 1021 homo
1851 993 1924 1021 rusti-

342 1041 379 1059 cae
401 1033 461 1060 vitae
474 1042 548 1060 aram
562 1031 630 1059 hanc
644 1053 651 1063 ‚
676 1039 757 1067 quam
771 1030 888 1057 diximus
903 1050 910 1060 ,
935 1030 973 1056 ita
984 1030 1110 1056 divinitus
1124 1030 1263 1057 invenerit.
1304 1031 1367 1057 Erat
1381 1030 1404 1057 ei
1418 1038 1514 1056 nemus
1527 1035 1589 1056 aute
1605 1028 1694 1056 villam
1707 1032 1825 1066 proceris
1841 1032 1924 1058 maxi-

341 1079 389 1097 me
404 1070 542 1098 arboribus
554 1091 560 1102 ‚
590 1079 647 1106 quae
661 1069 748 1095 statim
763 1067 876 1094 fulmine
888 1067 946 1094 ictae
960 1067 1166 1104 conflagrarunt.
1207 1069 1267 1095 Nec
1282 1067 1369 1095 multo
1382 1068 1440 1104 post
1452 1088 1460 1099 ,
1478 1065 1535 1103 filii
1548 1066 1596 1093 duo
1611 1066 1704 1104 &film
1718 1070 1834 1105 correpti
1849 1070 1925 1105 pessi-

338 1106 429 1136 lentiae
458 1109 557 1136 morbo
581 1109 613 1135 ad
643 1106 853 1142 desperationem
879 1104 960 1142 usque
983 1106 1150 1133 Medicorum
1170 1104 1331 1134 laborabant.
1373 1109 1444 1133 (jum
1466 1104 1518 1132 sese
1537 1105 1617 1140 igitur
1636 1104 1742 1133 Laribus
1751 1106 1926 1141 fomlam-ibas

343 1146 488 1174 advolvens
508 1153 583 1182 pater
598 1166 604 1177 ‚
623 1153 672 1181 pro
692 1143 839 1171 liberorum
859 1142 940 1171 salute
958 1141 1051 1175 suum,
1073 1142 1217 1179 matrisque
1236 1153 1383 1179 puerorum
1404 1143 1489 1178 capita
1508 1143 1668 1174 devoveret,
1690 1154 1743 1172 vox
1763 1144 1777 1172 ἐ
1797 1154 1925 1175 nemore,

344 1184 417 1220 quod
438 1184 539 1212 metum
562 1185 594 1211 de
613 1182 684 1209 coelo
699 1202 707 1213 =
734 1181 821 1208 statim
842 1182 930 1209 audita
943 1201 949 1212 ‚
968 1181 1053 1214 Jizlvos
1064 1181 1122 1216 fore
1141 1191 1179 1207 eos
1188 1182 1310 1215 spondens
1326 1201 1332 1212 ,
1348 1180 1380 1220 si
1394 1179 1479 1207 Tiberi
1497 1180 1534 1206 ad
1553 1183 1692 1207 Tarentum
1705 1182 1816 1215 [remeavi
1829 1203 1836 1213 ‚
1862 1184 1926 1209 sak-

335 1220 439 1258 lec‘ffim
465 1221 535 1249 Diti>-
560 1221 601 1253 &¹
629 1218 769 1254 Prosetpinae.
787 1219 840 1255 foco
865 1219 896 1245 de
909 1216 991 1257 fluvio
1016 1217 1061 1252 ipso
1086 1217 1194 1245 biberent
1212 1228 1317 1257 aquam
1388 1219 1495 1245 uoniam
1518 1226 1583 1244 vero
1601 1217 1752 1254 longissime
1770 1220 1855 1248 abesse
1875 1225 1927 1248 Ta-

344 1268 447 1286 rentum
462 1280 470 1290 ,
498 1259 597 1287 scilicet
616 1258 644 1285 in
657 1266 778 1285 extrema
789 1257 901 1295 Japygia
914 1276 920 1287 ,
945 1266 996 1284 nec
1009 1257 1134 1292 proxime
1149 1266 1208 1284 eam
1223 1257 1328 1284 Urbem
1342 1256 1452 1292 reperiri
1466 1253 1574 1282 Ttbertm
1586 1253 1671 1282 ullum
1686 1256 1800 1284 fluvium
1814 1258 1910 1286 sciebat
1920 1280 1927 1290 ‚

344 1296 420 1333 spem
442 1297 489 1324 fibi
509 1298 683 1325 deterrimam
707 1295 823 1333 fingebat
835 1315 842 1326 ‚
869 1296 951 1322 etiam
973 1296 1034 1322 inde
1055 1295 1161 1323 territus
1174 1316 1181 1326 ,
1209 1296 1282 1331 quod
1300 1294 1446 1323 inferarum
1460 1293 1628 1330 potifflmum
1643 1303 1694 1321 vox
1708 1294 1751 1321 illa
1764 1296 1928 1331 potestatum

348 1334 522 1363 meminiffet.
556 1335 607 1362 Sed
628 1333 765 1370 impolitos
785 1332 870 1361 nihilo
889 1333 973 1361 secius
986 1335 1014 1360 in
1026 1333 1135 1360 lintrem
1152 1333 1218 1360 filios
1232 1333 1346 1368 Hostiam
1359 1342 1471 1370 pergens
1483 1352 1489 1362 ‚
1515 1341 1580 1359 mox
1595 1332 1627 1359 ad
1639 1332 1720 1366 campi
1732 1333 1828 1361 Martii
1840 1335 1928 1371 regio-

346 1382 412 1401 nem
433 1373 538 1401 devexit
553 1383 559 1400 :
584 1372 619 1400 ibi
638 1381 758 1399 recreare
776 1372 890 1399 fitientes
905 1392 912 1403 ‚
937 1373 964 1400 δε
982 1372 1042 1399 aestu
1061 1370 1181 1407 febrique
1198 1371 1346 1400 laborantes
1358 1391 1366 1402 ‚
1390 1370 1538 1398 defideraus
1551 1390 1558 1401 ,
1579 1379 1630 1406 qua
1649 1369 1824 1406 placidissime
1841 1373 1930 1400 amnis

347 1410 446 1440 labitur
459 1432 466 1443 ,
493 1411 604 1447 exponit
624 1411 652 1438 in
674 1410 730 1445 ripa
749 1416 862 1447 aegrotos
877 1430 884 1441 ,
910 1418 942 1436 ac
959 1410 1024 1437 dum
1040 1408 1241 1437 tumultuariam
1256 1409 1303 1437 sibi
1316 1409 1488 1447 tegeticulam
1504 1409 1647 1435 concinnat
1660 1429 1666 1439 ,
1695 1409 1814 1437 exrine'to
1827 1411 1930 1447 ignicu-

346 1449 375 1478 lo
385 1472 392 1482 ,
412 1451 574 1477 admonetur
589 1448 603 1475 a
619 1448 798 1485 gubernatore
812 1448 958 1482 petendum
972 1449 1061 1484 potius
1083 1451 1225 1473 Tarentum
1238 1448 1312 1481 (nam
1328 1449 1365 1475 ita
1378 1446 1451 1475 locus
1468 1447 1495 1473 in
1510 1447 1637 1482 proximo
1652 1447 1807 1482 vocabatur)
1825 1450 1928 1476 etenim

349 1488 460 1516 fumum
475 1487 526 1514 sese
540 1486 593 1514 illic
607 1486 728 1523 aspicere⁴
768 1488 842 1512 Tum
858 1495 923 1512 vero
935 1485 1019 1513 laetior
1033 1484 1124 1511 audito
1137 1485 1243 1511 Tarenti
1253 1487 1365 1513 nomine
1380 1483 1486 1523 Vale-’fias
1501 1505 1507 1514 ,
1532 1485 1604 1511 Deos
1617 1484 1728 1512 adorans
1741 1506 1750 1517 ,
1778 1489 1804 1513 δε
1816 1485 1929 1514 filutcm

349 1526 395 1553 fibi
414 1525 560 1552 liberorum
579 1524 694 1560 jamjam
714 1523 913 1559 propemodum
934 1523 1003 1550 bona
1024 1523 1075 1550 fide
1095 1521 1226 1557 spondens
1238 1543 1246 1552 ‚
1273 1525 1316 1561 agi
1335 1522 1457 1560 paeorsum
1475 1522 1572 1558 jubet,
1594 1523 1620 1549 δε
1639 1521 1700 1550 illuc
1719 1524 1838 1551 maxime
1857 1525 1931 1552 navi-

350 1564 427 1600 gium
449 1562 552 1599 appelli.
593 1563 656 1599 Qu
675 1570 737 1588 cum
751 1561 910 1596 perveniffet
920 1582 926 1593 ‚
954 1560 1041 1588 haurit
1053 1569 1149 1596 aquam
1164 1561 1284 1589 festinato
1298 1564 1331 1589 de
1345 1561 1459 1597 flumine
1469 1580 1475 1590 ,
1504 1559 1638 1596 fretusque
1652 1561 1745 1588 omine
1761 1563 1875 1589 tenacius
1891 1571 1931 1588 ar-

346 1610 430 1638 repto
441 1622 448 1632 ,
474 1601 608 1636 fumigans
628 1600 729 1626 ibidem
744 1598 829 1626 solum
845 1599 909 1626 flatu
922 1598 1034 1626 solicitat
1048 1596 1218 1634 iuflammam
1231 1619 1239 1630 ‚
1267 1600 1475 1635 calesti-§tamque
1489 1607 1555 1625 mox
1568 1607 1665 1634 aquam
1680 1599 1794 1634 porrigit
1808 1601 1835 1626 iu
1849 1599 1930 1627 calice

352 1639 449 1677 pueris.
485 1638 608 1666 Succedit
621 1645 710 1665 autem
725 1637 800 1672 potui
813 1636 930 1664 ibmnus.
963 1637 1064 1665 Vident
1078 1638 1105 1663 in
1119 1638 1208 1673 quiete
1222 1637 1367 1675 illi-spongia
1380 1637 1426 1664 fibi
1440 1636 1453 1663 ἐι
1467 1636 1556 1663 nescio
1569 1645 1623 1672 quo
1638 1636 1771 1672 det'ergeri
1786 1637 1928 1670 morbum,

354 1685 415 1706 tum
436 1677 541 1713 praecipi
557 1697 565 1708 ‚
592 1682 621 1704 ut
641 1673 702 1702 Diti
714 1674 789 1708 patri
800 1695 809 1708 ,
837 1678 863 1703 δε
886 1675 1029 1709 Prostrpinae
1043 1695 1050 1707 ,
1072 1675 1154 1702 furva:
1167 1675 1268 1703 ibidem
1284 1676 1464 1703 mactarentur
1477 1674 1566 1701 hostiae
1579 1694 1586 1705 ,
1613 1675 1823 1712 trinoctiumque
1836 1685 1930 1712 perpe-

352 1725 432 1745 tuum
453 1713 540 1741 choris
563 1716 589 1742 ἃ
610 1713 770 1741 carminibus
790 1712 1025 1741 concelebraretur.
1068 1715 1184 1749 Surgunt
1204 1714 1284 1751 igitur
1296 1720 1448 1749 recuperata
1462 1712 1613 1740 valetudine
1626 1733 1634 1744 ‚
1661 1711 1800 1750 visumque
1809 1713 1873 1740 illud
1885 1723 1931 1750 pa-

353 1754 388 1782 tri
403 1753 562 1780 renuntiant.
601 1753 626 1778 Is
640 1751 726 1779 homo
738 1750 854 1789 locuples
867 1750 958 1779 defodi
972 1752 1101 1787 jaciundis
1114 1751 1166 1778 alte
1178 1751 1360 1780 fundamentis
1373 1751 1488 1778 humum
1502 1750 1586 1786 jubet.
1623 1751 1734 1778 Inventa
1746 1750 1827 1788 igitur
1841 1751 1876 1778 iic
1888 1761 1932 1779 ara

353 1792 390 1819 est
406 1801 435 1819 ea
450 1812 457 1823 ,
483 1800 563 1828 quam
579 1790 696 1818 diximus
709 1811 717 1821 ‚
745 1799 807 1817 curn
821 1789 901 1819 titulo
913 1788 986 1817 Ditis
999 1792 1026 1818 ὃς
1041 1788 1188 1823 Proserpina.
1228 1791 1330 1819 Mazstat
1343 1790 1386 1817 ille
1406 1789 1497 1825 (quod
1510 1796 1565 1816 erat
1579 1788 1678 1824 juss'us)
1699 1787 1786 1816 furvas
1802 1791 1932 1817 continuo

353 1830 477 1857 victimas
492 1850 498 1860 ,
527 1832 554 1858 εκ-
574 1826 720 1855 »rinadium
738 1827 817 1855 sacris
833 1827 1002 1865 frequentat:
1023 1835 1064 1856 tot
1082 1828 1156 1855 enim
1176 1838 1292 1856 numero
1311 1829 1378 1855 filios
1398 1827 1487 1854 media
1505 1827 1539 1853 de
1559 1833 1649 1853 morte
1667 1834 1813 1862 receperat:
1835 1837 1867 1855 ex
1886 1837 1930 1855 eo-

353 1877 406 1904 que
425 1867 528 1894 Manius
551 1865 660 1893 Valerius
681 1866 833 1893 Tarentinus
853 1866 996 1903 appellatus
1012 1887 1018 1897 ‚
1044 1867 1117 1904 quod
1136 1865 1149 1893 ’ὲ
1169 1865 1226 1894 Dtis
1246 1865 1365 1894 Manibus
1384 1866 1412 1892 in
1424 1870 1534 1892 Tarento
1547 1863 1693 1892 liberorum
1708 1864 1818 1892 suorum
1832 1865 1932 1893 valetu-

354 1907 446 1934 dinem
466 1904 675 1942 impetra-viss'et:
703 1905 743 1932 Ad
764 1904 834 1932 hunc
846 1905 927 1942 igitur
945 1905 1059 1932 modum
1075 1904 1184 1941 quidam
1198 1905 1373 1932 tradiderunt.
1413 1905 1449 1931 At
1463 1903 1536 1930 enim
1552 1906 1589 1928 M.
1605 1905 1679 1929 Varro
1693 1903 1762 1930 libro
1776 1904 1809 1931 de
1822 1903 1931 1932 ihcnicis

356 1943 503 1981 originibus
523 1955 543 1971 ι.
583 1944 655 1970 Cum
676 1943 777 1974 multa,
797 1945 901 1980 inquit,
921 1950 1045 1979 portenta
1063 1943 1170 1974 fierent,
1192 1945 1218 1971 δε
1237 1953 1329 1970 murus
1348 1952 1379 1970 ac
1398 1942 1490 1970 turris.
1510 1950 1567 1979 quae
1580 1939 1638 1968 lunt
1652 1942 1722 1969 inter
1736 1950 1844 1977 portam
1858 1940 1932 1969 Colli-

355 1993 416 2009 nam
433 1985 460 2011 ἃ
479 1980 648 2020 Exquilinam
667 1981 699 2007 de
723 1981 794 2009 coelo
812 1981 882 2009 radia
899 1981 981 2009 essent
994 2002 1001 2012 ‚
1028 1983 1055 2009 δε
1074 1981 1137 2008 ideo
1157 1981 1237 2009 libros
1258 1981 1399 2018 Sibyllinos
1418 1977 1621 2018 Qindecmnriri
1632 1980 1753 2007 adiiffent
1766 2001 1774 2012 ,
1799 1981 1933 2008 renuntia-

356 2028 466 2052 verunt,
487 2022 526 2048 uti
545 2019 604 2047 Diti
615 2017 687 2054 patri
706 2022 732 2048 ὃς
753 2019 895 2055 Proftrpime
913 2019 969 2046 ludi
989 2019 1122 2047 mremmi
1139 2020 1167 2047 in
1186 2029 1282 2058 campo
1302 2020 1401 2047 Martio
1420 2019 1526 2047 fierent,
1546 2016 1627 2044 tribus
1646 2017 1785 2050 noe-tibus,
1798 2020 1828 2046 v&
1841 2018 1931 2046 hostiae.

357 2057 439 2085 furvae
463 2058 677 2086 immolarentur.
716 2057 850 2086 Hoetenus
876 2059 910 2086 de
928 2058 1041 2094 origine.
1081 2058 1211 2085 Saculares
1228 2066 1318 2087 autem
1331 2079 1338 2090 ‚
1365 2066 1422 2084 non
1441 2056 1502 2093 quia
1521 2055 1614 2082 fierent
1633 2065 1703 2083 anno
1724 2057 1764 2083 vel
1784 2057 1930 2085 centefimo

357 2095 472 2131 denique
488 2116 495 2126 ,
523 2096 564 2123 vel
582 2097 670 2123 retiam
697 2096 843 2124 centesimo
861 2097 1023 2132 decimoque
1042 2097 1204 2133 nuncupati,
1229 2097 1300 2134 quod
1320 2103 1464 2131 utrumque
1483 2094 1547 2121 ficut
1566 2093 1702 2122 affertos-es
1720 2093 1800 2124 habet
1812 2116 1820 2127 ‚.
1845 2095 1882 2124 ita
1902 2102 1930 2121 re

352 2132 411 2167 -ipsa
432 2134 534 2168 penitus
553 2135 722 2171 coarguitur:
750 2134 794 2162 sed
807 2134 849 2162 :ob
868 2135 893 2162 id
916 2135 1002 2172 magis
1022 2135 1094 2162 credi
1111 2135 1216 2170 potest,
1237 2135 1309 2172 quod
1328 2133 1474 2171 plerunque
1490 2131 1572 2160 semel
1589 2132 1707 2161 hominis
1725 2141 1803 2161 aetate
1821 2134 1926 2162 fierent,

357 2177 388 2197 ut
414 2170 497 2197 multa
521 2171 568 2198 alia
583 2191 589 2201 ‚
615 2181 672 2208 quae
698 2182 754 2200 rara
778 2172 859 2201 sunt:
875 2171 929 2208 post
946 2172 1064 2208 jaculum
1088 2172 1186 2200 evenire
1209 2173 1376 2210 loquentium
1401 2170 1564 2199 consuetudo
1582 2170 1696 2207 ufiirpat.
1734 2169 1866 2198 Tarentini
1884 2180 1928 2198 au-

357 2215 414 2236 tem
440 2206 454 2234 a
474 2207 534 2234 loeo
555 2207 609 2244 ipso
621 2229 627 2240 ,
655 2211 701 2246 qui
717 2216 846 2238 Jarentus
858 2212 899 2239 «ob
920 2211 946 2239 id
966 2218 1076 2239 vocatur
1089 2231 1096 2240 .
1123 2219 1168 2238 aut
1187 2213 1259 2249 quod
1277 2219 1321 2238 ara
1340 2210 1376 2237 ibi
1396 2211 1466 2237 Ditis
1486 2210 1567 2245 patris
1586 2209 1834 2246 (quemadmodum
1851 2207 1928 2245 supra

349 2245 490 2279 diximus)
512 2246 538 2272 in
557 2254 625 2273 terra
644 2247 833 2281 occultaretur,
853 2254 898 2278 aut
917 2250 989 2286 quod
1010 2250 1097 2286 ripam
1116 2249 1221 2277 Tiberis
1239 2250 1335 2276 fluvius
1353 2258 1386 2276 eo
1406 2248 1467 2275 loco
1486 2255 1599 2278 tereret,
1620 2257 1652 2275 ex
1666 2258 1720 2286 quo
1732 2249 1927 2285 etjamvssumon

356 2284 442 2312 ditius
463 2281 476 2310 ὲ
498 2283 628 2310 veteribus
643 2304 650 2314 ‚
677 2288 703 2313 ἃ,
723 2286 750 2313 in
770 2286 845 2316 iacris
866 2291 941 2315 Serra
960 2289 1114 2316 nominatus
1127 2309 1136 2321 ‚
1156 2289 1228 2325 quud
1247 2285 1387 2315 ruminaret
1400 2299 1408 2314 .·
1427 2286 1479 2314 hoc
1497 2287 1533 2314 cst
1543 2306 1552 2319 ‚
1572 2287 1711 2320 exederet,
1732 2284 1874 2314 &tsecaret
1892 2285 1927 2312 ri-

352 2330 415 2358 rpas:
436 2321 516 2350 Unde
534 2321 570 2349 ait
587 2326 676 2354 Maro,
1151 2326 1158 2330 ”

665 2359 833 2398 stringentem
846 2362 923 2398 ripas,
945 2365 986 2399 ἐς
992 2364 1099 2404 pirguia
1110 2364 1319 2399 cultafi’camem.

1847 2400 1935 2437 Caetc}
