2075 2734
10 1350 26 1470 „3332-52
17 1337 25 1345 c
18 1322 24 1332 „-.
20 1308 22 1314 „

5 2646 26 2734 Πτ-

565 107 778 135 Linea
823 112 890 133 1³12·

103 164 168 195 giam
187 161 301 194 Ulpianus
319 167 400 189 vocat,
418 160 448 184 de
463 158 504 184 suo
517 158 620 190 imperio
633 155 721 193 tulisse:
738 154 793 192 cirin
807 164 879 193 popm

109 196 145 219 lus
165 194 191 218 ab
208 201 237 218 eo
250 200 355 226 rogatus,
373 200 445 216 omne
458 191 526 216 suum
542 192 579 217 ei,
597 191 621 213 δε
632 197 659 212 iri
672 195 727 212 eum
740 195 882 224 imperium,

109 233 258 258 omnemque
276 225 412 258 potestatem
432 224 541 248 contulit.
575 223 628 245 Hoc
646 220 708 244 fasto
728 220 759 256 ²?d.
772 220 883 254 inducen-

109 258 164 281 dam
182 259 326 288 religionem
345 258 452 281 animum
474 254 570 284 adjecit,
586 253 611 276 ὃς
626 252 810 288 cumAreligione
822 254 883 276 iecu-

107 289 201 313 ritatem
220 290 288 313 timul
307 290 396 313 civium
414 287 530 320 speetavit.
550 285 580 308 de
592 283 639 320 ipsa
652 291 718 308 enim
731 282 787 307 urbe
799 283 824 308 id
837 285 883 316 pri-

108 328 179 345 mum
192 321 281 348 statuit,
291 328 321 345 ne
334 321 402 352 quis,
418 318 462 342 riifi
474 325 514 349 per
526 323 604 348 portas
613 332 619 342 ‚
632 315 884 352 ingredereiun'egre-

108 352 244 377 deteturve:
262 353 352 376 moenia
370 349 507 375 sacrosancta
525 347 604 373 essent.
618 355 689 380 quam
701 348 780 379 legem
793 349 885 372 viderur

108 384 196 408 Cicero
209 383 342 416 significasse
354 383 384 406 de
395 389 475 406 natura
487 381 588 405 deorum
600 382 640 403 111.
654 388 695 407 40.
707 387 762 403 cum
775 380 819 407 ait,
835 389 884 402 mu-

108 424 144 439 ros
156 416 170 440 ὰ
182 415 315 450 pontificibus
327 414 410 438 habitor
423 413 460 442 effi
470 413 568 443 sanlius,
577 419 638 444 quos
651 412 739 435 violare
747 410 811 435 nefas
818 412 880 435 esset.

107 450 141 472 Ita
154 455 210 472 cum
223 449 247 471 &
260 446 323 470 suam
337 446 469 472 Romulus,
486 445 511 467 &
524 443 642 476 publicam
656 443 752 467 salutem
765 443 882 479 religione

106 478 241 506 muniisset,
258 477 331 502 sanxit
349 477 448 504 deinde,
466 476 539 507 idque
550 476 641 507 semper
653 474 763 502 servavit,
780 483 810 499 ne
823 475 881 507 quid

106 509 200 542 publice
213 512 350 541 inaugurato
361 509 434 533 fieret.
449 508 509 532 vidit
521 509 587 532 enim
597 525 603 535 ,
619 507 720 539 reliquas
732 507 808 538 leges,
826 514 881 538 quas

106 543 167 566 ferre
180 544 209 566 de
222 541 290 565 rebus
302 541 411 565 humanis
423 538 620 572 cogitabat,haud
632 538 702 571 paulo
715 539 797 570 plusin
805 546 879 566 novo,

106 575 215 606 varieque
233 574 316 598 multis
334 580 364 596 ex
381 573 440 597 locis
458 572 594 596 confluente
606 572 696 603 populo
708 569 822 607 habituras
837 570 881 594 effe

105 606 232 637 ponderis,
249 605 265 628 fi
277 612 334 629 cum
347 605 447 636 quadam
455 611 479 628 er
498 603 571 627 adeos
579 603 663 635 pietate
670 608 878 633 coniungerentur:

105 637 302 669 quandoquidem
322 636 348 660 id
366 636 411 661 esse
430 643 474 668 qua
486 644 493 659 i
505 635 599 659 frenum
612 635 729 669 videretur
740 636 768 658 ad
779 635 881 666 impetus

105 669 242 692 animorum
258 669 437 700 reprimendos,
454 666 612 699 hominesque
624 667 650 690 iri
663 665 756 693 officio,
775 666 882 698 reliaque

95 701 196 724 'ratione
207 700 374 725 continendos.
398 705 477 732 Atque
490 700 530 723 hac
543 698 642 731 quidem
654 698 683 721 de
696 698 747 729 lege
760 698 791 733 ita
803 697 881 732 loqui-

103 738 143 756 tur
155 733 206 757 Cic.
219 732 248 756 de
261 739 339 756 natura
346 731 496 755 deorumlib.
505 734 628 762 111.cap.2.
637 729 695 754 utab
703 737 728 753 ea
735 729 824 753 fluxisse
831 732 879 753 Ro-

103 764 170 788 mani
181 765 278 796 imperii
291 763 483 796 magnitudinem
495 762 617 794 fignificet.
633 764 774 794 Qmulum,
786 761 881 792 inquit,

104 797 162 819 mihi·
172 798 288 827 perfimdeo
297 812 303 823 ‚
321 797 366 826 aus
375 796 421 819 iniis
434 796 565 824 constitutis,
576 793 648 824 jectffb
654 794 802 823 fundamenta
813 792 881 821 nostra

101 828 212 851 civitatis.
248 830 325 855 Tum,
343 804 409 851 sileris
426 826 494 850 rebus
512 834 536 849 ac
557 825 641 849 ritibus
657 823 749 856 praesse
763 825 882 855 principes

104 859 220 886 civitatis,
240 859 286 882 hoc
304 858 350 885 est,
368 859 492 890 patricios,
508 858 561 888 lege
580 856 653 885 juffit:
671 857 728 887 qui,
747 855 825 879 divina
839 862 881 880 tra-

102 889 160 913 &aii
181 889 194 913 a
205 890 304 921 plebeiis
314 889 469 916 homiuibus,
486 895 563 920 neque
578 888 659 918 pium,
676 894 756 919 neque
767 887 880 912 decorum

102 920 226 950 judicaret:
243 920 360 953 siquidem
373 929 412 947 ea,
429 928 480 953 quae
490 921 541 944 vim
552 919 621 943 habet
633 919 782 946 necessitatis,
800 920 881 951 inopia

83 951 201 979 ·faceret‚
218 959 244 976 ut
262 960 347 977 eorum
359 960 410 976 noti
422 949 499 976 modb
511 959 594 976 manus
606 950 657 975 labe
671 958 749 975 rerum
763 951 881 975 vilissima-

101 990 156 1008 tum
168 983 325 1013 foedarentur,
333 983 416 1008 verum
427 984 503 1008 animi
513 991 610 1015 quoque
617 990 669 1007 tum
675 983 806 1015 cogitandis
813 1000 819 1010 ‚
828 989 878 1008 tum

102 1016 176 1040 etiam
196 1017 311 1048 patrandis
328 1015 452 1041 sceleribus
470 1016 656 1046 inquinarentur.
690 1015 791 1039 Addidit
810 1015 879 1039 aliam

100 1047 195 1079 legem,
208 1055 239 1072 ne
251 1048 276 1072 in
288 1049 380 1080 templo
393 1049 513 1072 noeturnae
525 1047 613 1078 vigiliae
621 1046 770 1071 haberentur:
784 1047 880 1077 optimo

101 1077 155 1103 sane
171 1079 284 1107 consilio,
302 1081 421 1111 primum,
440 1087 469 1104 ne
482 1079 540 1112 quid
553 1086 594 1111 per
605 1079 702 1102 nostem
715 1080 795 1103 minus
807 1078 863 1102 casi‘e
873 1096 878 1105 2

100 1110 211 1135 minusve
223 1111 309 1143 pudice
321 1111 438 1136 sacrorum
450 1111 525 1142 specie
536 1111 738 1134 committeretur:
757 1110 822 1143 quod
830 1111 879 1134 fieri

101 1142 184 1174 plerun
204 1151 234 1166 ue
245 1144 373 1175 contingit.
390 1143 491 1170 deinde,
509 1149 538 1166 ne
551 1150 596 1174 qua
606 1142 657 1166 fieri
670 1143 759 1169 coitio,
776 1150 807 1166 ne
821 1143 879 1174 quid

102 1175 160 1198 initi
180 1183 190 1198 a
209 1175 285 1199 versus
298 1177 390 1208 iplum,
404 1175 552 1206 publicamve
562 1181 614 1198 rem
626 1175 714 1198 occulti
726 1174 832 1201 consilii,
849 1182 880 1198 ne

101 1206 162 1237 quid
181 1206 318 1231 infidiarum
337 1207 404 1231 tendi
421 1205 503 1238 posset.
523 1206 551 1229 ad
587 1214 639 1230 uam
659 1207 737 1237 legem
751 1207 838 1230 Cicero
850 1206 880 1230 de

100 1239 191 1269 Legdl.
201 1238 434 1270 14.spe&avit‚cum
442 1239 467 1262 in
476 1237 575 1270 suislcgi
593 1245 618 1262 us
626 1238 665 1261 illa
672 1237 771 1269 scripsit:
784 1239 879 1262 Nolim-

100 1277 130 1292 πα
141 1270 263 1294 mulierum
270 1270 376 1300 fiacrificia
389 1279 414 1293 ne
421 1271 486 1300 sunto
494 1287 501 1297 ,
514 1277 594 1301 praeter
609 1270 649 1293 illa
657 1287 664 1296 ,
672 1277 724 1301 quae
736 1277 779 1301 pro
787 1271 877 1302 populo

100 1299 146 1324 xire
163 1300 228 1324 fiant.
261 1304 302 1329 Et,
319 1303 436 1333 quoniam
455 1302 541 1332 opinio
558 1301 702 1328 fabularum,
721 1300 807 1333 quibus
820 1303 877 1325 anti-

101 1332 179 1363 quitas
199 1332 257 1356 deos
275 1332 401 1358 admiscere
419 1333 486 1357 solita
502 1333 546 1361 est,
564 1333 747 1357 familiaritatem
760 1333 877 1365 quandam

102 1363 164 1387 inter
182 1363 294 1389 homines
311 1367 336 1390 δε
350 1365 407 1389 deos
419 1365 512 1389 videtur
524 1364 648 1389 inducere:
665 1365 729 1388 unde
741 1371 819 1389 maiiat
832 1367 875 1397 pri-

100 1401 170 1419 mum
181 1402 344 1428 contemptus,
354 1398 379 1421 δι
392 1398 417 1421 in
429 1396 536 1421 moribus
547 1397 642 1420 licentia
650 1413 656 1424 ‚
665 1396 751 1420 deinde
764 1397 792 1420 ad
805 1404 878 1421 omne

99 1426 188 1451 facinus
199 1428 303 1452 audacia:
320 1429 442 1453 vinculum
456 1429 501 1452 hoc
514 1436 612 1460 quoque
624 1429 796 1452 incolumitatis
801 1428 877 1459 publi-

98 1465 130 1482 caz
142 1459 301 1484 firmiffimum
314 1459 492 1491 sapientiffimus
504 1467 545 1483 rex
554 1460 661 1484 futurum
678 1461 779 1492 putavit,
797 1460 813 1483 fi
826 1468 878 1492 poe-

98 1497 154 1515 nam
174 1491 202 1514 iis
221 1492 272 1523 lege
291 1492 417 1519 indiceret,
434 1492 476 1523 qui
489 1490 592 1515 fabulosa
603 1492 633 1515 de
647 1492 692 1515 diis
704 1491 817 1523 figmenta
828 1500 875 1516 cre-

98 1520 217 1546 didissent.
251 1522 316 1554 Qrid
328 1523 404 1547 illud?
420 1523 461 1547 ubi
474 1522 562 1547 diversa
575 1524 661 1554 religio
672 1522 717 1549 est,
734 1524 827 1546 tollitur
839 1523 875 1547 so-

98 1553 182 1582 cietas,
198 1555 223 1577 &
241 1553 395 1579 consuetudo.
412 1562 441 1578 ex
458 1562 488 1578 eo
498 1552 566 1579 facile
578 1555 632 1579 odia
641 1572 647 1582 ,
663 1555 687 1578 δε
700 1561 728 1578 ex
741 1555 804 1579 odiis
816 1553 875 1579 sedi-

100 1584 178 1608 tiones
188 1585 305 1610 exfissunt.
321 1593 371 1618 quo
383 1585 440 1618 saepe
452 1587 516 1610 malo
529 1585 633 1611 civitates
646 1587 775 1610 intereunt:
794 1588 874 1617 provi-

97 1615 136 1640 dit
148 1615 194 1639 hoc
207 1618 340 1644 Romulus,
352 1618 472 1649 cavitque,
484 1619 536 1649 lege
546 1619 590 1641 lata
598 1625 642 1645 ,ne
655 1617 712 1641 deos
724 1619 874 1649 peregrinos,

99 1653 181 1678 praeter
200 1649 304 1672 faunum
321 1649 440 1676 colerent,
458 1657 516 1673 neve
534 1648 640 1673 sacrificia
656 1656 749 1673 externa
765 1649 874 1674 facerent.

99 1682 147 1702 Has
163 1680 240 1710 leges,
254 1680 279 1704 δι
291 1687 341 1707 eas,
355 1680 385 1704 de
397 1679 483 1712 quibus
495 1678 555 1704 infra
567 1679 608 1704 suo
621 1682 677 1704 loco
690 1688 798 1712 agemus,
811 1682 875 1705 vide-

98 1716 137 1734 tur
154 1711 262 1735 comitiis
278 1712 371 1736 curiatis
382 1711 472 1739 tulisse,
489 1720 534 1744 qua
546 1711 576 1735 de
587 1720 612 1736 re
624 1713 753 1744 Pomponii
765 1711 875 1740 juriscon-

98 1740 154 1766 sulti
166 1742 235 1766 verba
248 1744 328 1775 Dig.1.
338 1752 360 1768 2.
370 1747 420 1772 2.§.
431 1752 454 1768 2.
468 1743 578 1768 recitabo.
601 1747 724 1771 Romulur,
740 1744 874 1776 inquit,fo-

96 1776 150 1806 pulo
163 1776 185 1797 in
196 1782 255 1798 xxx.
266 1782 339 1805 partes
351 1777 420 1804 divisi,
428 1792 434 1802 ,
451 1783 506 1806 quas
520 1777 591 1798 curias
602 1777 726 1808 appellavit
734 1791 741 1802 ‚
760 1777 874 1806 quadrum

98 1805 232 1838 'Reipublicae
243 1815 318 1829 curam
327 1808 490 1838 persententiar
502 1815 578 1829 earum
587 1809 688 1839 partium
698 1806 822 1836 expediebat
830 1824 836 1833 ‚
844 1809 874 1830 le-

93 1845 133 1868 ges
147 1838 250 1868 quasdam
262 1840 358 1861 curiaras
371 1839 400 1860 ad
409 1839 514 1870 populum
528 1840 594 1861 tulit:
611 1839 711 1861 tulerunt
723 1837 873 1869 &sequentes

98 1875 169 1898 reges:
186 1877 231 1899 qua
250 1878 320 1892 omnes
332 1870 447 1902 conscripta
459 1870 542 1899 exstant
555 1879 576 1892 m
591 1869 628 1892 lib.
644 1869 708 1892 Sexti
720 1871 872 1901 ‘Papirii'‚qui

91 1900 145 1929 suit
156 1901 202 1922 illis
216 1900 358 1930 temporibus,
374 1900 454 1931 quibus
473 1901 594 1931 Superbus,
611 1902 749 1924 ‘Damarathi
766 1903 871 1924 Corinthii

93 1930 169 1961 filius.
181 1932 244 1963 isque
255 1932 308 1954 liber
318 1932 489 1964 appellaturjus
495 1933 562 1954 civile
568 1934 722 1964 Papirianum.
741 1935 793 1956 Haec
800 1935 870 1955 Pom-

95 1962 193 1993 ponius.
210 1963 288 1986 Aliam
300 1961 404 1991 ejusdem
416 1963 531 1989 Romuli,
540 1962 578 1986 sed
590 1963 622 1985 ita
634 1964 744 1987 mutilam
757 1964 824 1994 ponit
832 1966 870 1987 Fe-

97 1993 158 2020 stus,
176 1994 216 2017 vix
234 2000 260 2017 ut
280 1993 421 2018 sententiam
437 1993 549 2025 consequi
568 1994 644 2018 liceat.
656 1994 736 2018 scribit
748 1996 814 2018 enim
827 1995 870 2018 sic:

96 2028 125 2050 In
138 2026 192 2056 regis
205 2026 306 2053 Romuli,
325 2026 351 2050 ὼ·
363 2027 426 2048 Latii
437 2025 518 2057 legibus
527 2036 533 2047 :
554 2025 615 2055 (five
627 2027 701 2053 Tatii,
718 2026 827 2058 quicum
841 2034 871 2050 eo

97 2058 216 2088 tegnavit,
234 2057 344 2081 malimus
363 2057 455 2088 legere)
468 2058 493 2080 Si
514 2066 589 2084 nurus,
606 2059 669 2087 fizcra
686 2058 747 2081 diw
755 2065 871 2088 parentum

96 2090 145 2118 esto.
179 2086 265 2113 Verum
278 2090 303 2112 iii
317 2089 424 2113 Romulo
437 2095 591 2120 temperatum
605 2089 650 2112 fuit
661 2089 785 2120 ingenium
794 2107 801 2117 ‚
816 2097 872 2120 qua—

97 2120 121 2144 le
140 2119 227 2144 scilicet
245 2121 357 2144 nascentis
381 2121 444 2144 urbis
462 2121 529 2144 initia
595 2119 698 2148 ulabant,
716 2128 768 2144 tum
781 2120 808 2144 ad
821 2128 872 2144 rem

96 2151 206 2176 bellicam
215 2170 221 2180 ,
239 2159 289 2176 tum
303 2153 329 2177 ad
342 2153 484 2184 religionem
497 2160 533 2176 acc
606 2153 711 2176 odarum.
745 2155 823 2177 Numa
837 2160 871 2176 ro-

97 2190 135 2207 tus
154 2185 178 2207 in
198 2192 222 2208 re
239 2184 317 2208 divina
329 2184 387 2208 suit:
405 2185 483 2216 itaque
495 2184 522 2208 ad
539 2192 579 2208 eos
592 2183 731 2211 sacerdotes,
750 2192 810 2216 quos
823 2187 871 2208 Ro-

97 2216 178 2240 mulus
202 2215 315 2243 instituit,
333 2217 374 2248 qui
387 2216 502 2247 sexaginta
513 2215 620 2243 suerunt,
638 2215 686 2248 ipse
699 2217 756 2240 alios
768 2223 873 2247 praterea

99 2247 181 2276 adjecit
195 2265 201 2275 ,
219 2248 340 2272 flaminem
360 2249 467 2275 Dialem,
487 2249 631 2275 Martialem,
648 2248 811 2278 Quirinalem,
828 2249 872 2271 vir-

97 2280 165 2310 gines
184 2279 282 2303 Vestales
302 2286 427 2311 quattuor,
444 2280 516 2303 Salios
531 2280 599 2303 Marti
611 2281 715 2303 Gradivo
728 2279 855 2303 duodecim
865 2297 870 2307 ‚

113 2311 235 2335 ontificem
247 2313 378 2335 maximum
393 2319 421 2334 eir
435 2312 594 2343 patriciis,cui
606 2313 687 2335 omnia
700 2310 756 2335 sacra
770 2319 820 2334 tum
830 2319 870 2343 pu-

95 2317 170 2371 blica,
188 2350 239 2367 tum
261 2345 346 2374 privata
364 2343 492 2367 commitit.
512 2343 572 2370 haec,
591 2350 640 2367 uon
655 2343 752 2370 dubito,
771 2344 829 2375 quii-i
843 2343 871 2366 ad

95 2376 274 2408 perpetuitatem
288 2375 380 2408 legibus
392 2374 474 2400 sancita
485 2375 529 2401 fint
536 2392 546 2405 ,
560 2374 626 2403 ficuti
639 2375 682 2401 alia
693 2376 767 2401 multa
779 2383 828 2407 quae
837 2382 871 2400 rc-

933 108 1244 139 Leoriius.
1639 124 1695 156 εις

918 160 1016 192 ligioni‘s
1029 160 1099 185 cauffa
1112 168 1164 187 tuni
1177 161 1204 186 ab
1217 161 1267 186 aliis
1278 162 1385 195 regibus,
1403 171 1455 190 tum
1467 166 1480 191 Ξ
1494 168 1695 200 magistratibusin

917 192 1045 224 Republica
1063 193 1186 218 constituta
1202 193 1262 219 sunt.
1296 196 1370 220 Addit
1389 198 1491 226 ejusdem
1510 202 1588 232 legem
1607 203 1695 227 Plutar-

917 223 972 248 chus
991 225 1016 248 in
1027 226 1158 253 Coriolano
1172 234 1196 257 p.
1204 235 1258 254 225.
1266 229 1292 251 E.
1301 231 1334 250 Ut
1345 228 1521 259 ‹ismsaserdozes
1534 242 1580 255 rem
1592 235 1627 257 diz
1633 236 1693 258 inam

913 256 1026 285 fluerent,
1043 258 1100 279 τίη-α
1114 266 1164 281 voce
1172 265 1237 288 praeco
1250 259 1367 287 clamaret,
1387 264 1434 284 Hoc
1447 271 1499 294 age:
1517 270 1542 287 ut
1555 271 1637 288 attento
1645 268 1693 288 ani-

916 289 1022 317 maſsaris
1033 295 1118 321 operam
1130 291 1212 314 darent.
1230 293 1287 314 Tres
1299 293 1323 316 &
1336 292 1556 322 Pliniusnominat,
1570 303 1639 320 unam
1647 298 1692 321 lib.

915 325 971 353 xrv.
978 327 1039 351 cap-i
1049 328 1071 344 2.
1096 323 1132 344 Ne
1139 329 1199 353 rogus
1206 323 1256 344 vino
1264 324 1431 355 respergeretur.-
1440 335 1494 349 neve
1500 329 1542 350 diis
1549 336 1576 350 ex
1583 334 1694 358 imputata

916 358 963 373 vae
981 360 1036 374 vina
1050 351 1178 377 libaremur.
1192 361 1284 384 querum
1297 357 1391 379 alterum
1398 359 1476 388 sanxit
1487 365 1570 389 propter
1581 361 1690 392 inopiam:

915 382 1022 417 alterum,
1040 390 1065 405 ur
1081 390 1160 413 [utare
1178 392 1315 415 cogerentur,
1331 389 1388 411 alias
1404 396 1512 417 aratores,
1531 389 1557 414 (7
1568 392 1626 422 pigri
1634 393 1692 415 ‘circa

913 416 1011 442 pericula
1020 414 1111 449 subusti.
1124 415 1183 438 hanc
1197 422 1254 446 puto
1268 418 1409 443 Postumiam
1417 421 1692 453 Numaelegemidcbdi-

915 444 975 468 stam
991 446 1050 473 esse,
1069 447 1122 477 quia
1142 447 1272 481 Postumius
1287 457 1338 473 eam
1351 451 1435 483 aliquis
1449 454 1474 476 in
1488 453 1619 484 magistratu
1632 454 1690 483 juss'u

914 477 998 500 Numa:
1016 479 1103 501 tulerit.
1122 486 1164 501 ricc
1184 486 1239 503 vero
1252 488 1398 513 quemquam
1411 486 1488 507 Numa
1502 492 1611 516 regnante
1623 485 1690 510 suiffe

912 508 1054 532 crediderim
1067 517 1092 532 ea
1109 509 1219 540 potestate
1232 512 1355 543 piaditum
1370 531 1377 542 ,
1400 521 1425 538 ut
1436 516 1515 547 legem
1527 517 1586 540 ferre
1599 516 1688 549 poss'er,

912 546 991 570 prater
1000 540 1139 576 ⁴prasetstum
1152 541 1215 566 urbis
1226 551 1231 564 2
1249 545 1290 575 qui
1304 545 1395 569 videtur
1408 545 1420 569 a
1432 548 1540 572 Romulo
1554 548 1687 576 institutus

910 572 978 626 guod
998 572 1060 603 ipse,
1076 580 1171 604 propter
1184 574 1266 608 assidua
1280 574 1354 603 bella,
1372 577 1463 602 urbanis
1476 581 1580 611 negotiis
1592 588 1688 613 operam

928 611 965 639 are
977 605 1045 627 nullo
1059 604 1135 627 modo
1147 606 1229 635 posset.
1242 605 1302 630 certe
1315 616 1355 631 rex
1369 610 1466 634 ultimus
1476 613 1690 643 Tarquinius,Ru-

911 635 967 658 tulis
984 635 1074 660 bellum
1092 636 1208 664 illaturus,
1225 645 1302 662 curam
1317 640 1379 664 urbis
1391 642 1509 666 commisit
1522 646 1560 674 Sp.
1575 645 1687 668 Lucretio

910 667 1067 698 Tricipitino:
1085 675 1157 699 quem
1177 670 1259 693 Livius
1270 671 1405 696 Prasfestum
1420 673 1483 697 urbis
1496 675 1603 706 appellat.
1620 677 1689 700 Alte-

910 706 958 722 ram
966 699 1135 730 Numoelegem
1142 700 1207 735 id'em
1215 701 1301 726 Plinius
1309 705 1416 728 nominat
1424 705 1466 729 lib.
1475 713 1517 729 xv1
1526 714 1533 729 1
1543 715 1561 730 r.
1568 714 1641 738 cap.z.
1651 711 1686 731 vt

909 730 1029 762 deas-fruge
1041 733 1143 759 colerent,
1156 737 1181 754 (7¹
1195 735 1418 764 niolasciiizlita21eiit.
1436 738 1539 761 Tertiam
1546 738 1687 764 lib.xxx11.

910 768 958 793 cap.
974 771 996 786 2.
1013 766 1054 798 ⁴Ne
1064 764 1129 795 pifies
1139 766 1310 799 nousquamofiaes
1322 769 1462 799 pollucerent.
1485 772 1574 800 Legem
1587 777 1688 802 quoque

910 793 940 817 de
948 794 1091 824 pratdiorum
1104 797 1212 819 terminis
1220 812 1226 823 ,
1237 804 1298 828 quos
1310 804 1421 830 tanquam
1434 800 1491 824 deos
1504 802 1551 825 coli
1560 803 1649 830 voluit,
1657 803 1685 826 ab

910 832 939 861 eo
953 826 1022 849 latam
1031 843 1036 853 ‚
1054 827 1078 850 δι
1093 827 1135 850 alia
1149 827 1256 859 quaedam
1268 828 1333 852 sacris
1342 831 1492 859 inducendis,
1501 839 1536 856 aut
1544 834 1687 858 confirman-

909 857 946 880 dis
958 857 1057 885 idonea,
1076 857 1103 881 ab
1116 866 1145 882 eo
1158 858 1273 887 instituta,
1292 861 1361 885 docet
1371 862 1434 886 libro
1441 863 1541 887 secundo
1548 865 1686 896 Dionysius.

908 888 984 913 Festus
1003 891 1086 916 etiam,
1111 893 1209 921 ῶζςιηια,
1227 892 1319 923 inquit,
1332 894 1412 923 statuit
1430 904 1495 922 eum,
1512 898 1552 927 qui
1567 903 1686 920 terminum

908 922 1015 950 exarasti-t
1022 939 1028 949 ,
1036 921 1061 945 da·
1068 922 1139 955 ipfiaem
1147 939 1153 949 ,
1162 921 1187 946 ὁ*
1196 922 1330 953 bovesfhrros
1338 926 1384 954 effi.
1401 926 1467 950 ldem
1474 928 1519 950 alio
1527 928 1590 951 loco.
1608 930 1685 952 ⁸filiu—

909 960 932 975 ta
949 955 1036 984 antiqui
1045 961 1082 983 pro
1093 955 1157 976 aliter
1168 954 1274 978 dicebant.
1289 957 1334 978 binc
1346 959 1406 980 illud
1417 960 1438 980 in
1453 958 1534 990 lrgibus
1547 962 1640 983 Numa.-
1659 962 1686 984 Si

908 986 956 1015 qm's
969 985 1125 1018 aliyrafaxn:
1142 988 1195 1018 ipfin
1208 988 1260 1015 Jo-„i
1270 988 1329 1016 finer
1339 989 1386 1018 esto.
1405 990 1427 1012 A
1441 990 1529 1014 divinis
1542 991 1569 1014 ad
1582 991 1684 1016 humana

908 1018 1041 1043 converius,
1061 1017 1135 1040 inetur
1147 1017 1248 1041 modum
1258 1018 1500 1054 statuitprocujusque
1507 1028 1616 1049 aetate,ur
1624 1024 1684 1055 apud

910 1048 1055 1072 Plutarchum
1069 1050 1094 1072 in
1106 1049 1155 1077 ejus
1168 1050 1212 1072 vita
1224 1048 1334 1081 striptum
1349 1052 1388 1076 est.
1414 1056 1502 1084 Legem
1515 1055 1563 1081 ejus
1576 1055 1605 1078 de
1618 1055 1685 1086 Judi-

908 1080 951 1103 ciis
964 1079 1040 1103 Fessus
1052 1087 1169 1104 memorat
1181 1081 1217 1104 his
1229 1082 1316 1105 verbis:
1335 1086 1419 1115 ‘rw-uma
1432 1087 1548 1116 infecunda
1556 1086 1684 1117 rabula‚ft-

909 1113 978 1134 nenda
990 1114 1048 1143 lege,
1065 1122 1086 1135 m
1100 1121 1145 1144 qua
1152 1113 1256 1143 scriptum
1270 1114 1309 1142 est:
1329 1116 1396 1146 §Quid
1407 1119 1483 1139 horum
1491 1119 1540 1147 suit
1547 1120 1685 1148 unumjudi-

908 1145 941 1169 ci,
958 1143 1067 1166 arbitrove
1077 1161 1083 1171 ‚
1099 1152 1174 1170 reove,
1192 1153 1213 1166 eo
1226 1146 1260 1167 die
1271 1146 1357 1176 diffifficr
1369 1147 1416 1176 esto.
1443 1149 1534 1172 Recital:
1546 1150 1610 1173 idern
1624 1149 1684 1179 ejus-

908 1174 963 1198 dem
975 1175 1053 1206 legem
1062 1192 1068 1202 ,
1085 1174 1121 1199 liis
1134 1175 1225 1199 verbis:
1241 1177 1266 1199 Si
1275 1184 1385 1207 parentem
1397 1185 1450 1209 ¹cuei-
1464 1180 1571 1208 verberit,
1588 1182 1630 1210 ast,
1645 1183 1682 1204 oue

904 1207 997 1238 ploraffit
1006 1214 1105 1239 parentes
1113 1218 1120 1230 :
1136 1214 1189 1237 puer
1200 1209 1258 1230 divis
1273 1211 1396 1243 parentium
1410 1213 1472 1240 finer
1486 1213 1533 1241 esto.
1563 1215 1619 1242 Quae
1633 1213 1682 1237 {ine

907 1238 981 1262 dubio
1001 1239 1028 1262 ad
1041 1246 1107 1266 eam,
1125 1247 1176 1270 quae
1188 1239 1322 1271 palenssbus
1336 1241 1446 1270 debetur,
1464 1244 1574 1275 pietatem
1587 1244 1681 1275 spestat.

907 1270 997 1293 Exaffis
1010 1270 1170 1302 Regibus‚lege
1182 1270 1298 1295 tribunicia
1310 1282 1380 1295 omnes
1393 1275 1447 1305 leges
1454 1277 1608 1298 exoleverunt:
1627 1278 1682 1307 (po-

906 1309 961 1325 nam
979 1302 1045 1325 enim
1061 1301 1165 1331 ejusdem
1181 1304 1311 1334 Pomponii
1322 1304 1400 1335 verba)
1414 1307 1496 1337 Dig.1.
1512 1315 1533 1330 z.
1544 1311 1595 1335 2.§.
1606 1315 1628 1333 3.
1641 1310 1682 1331 ite-

906 1341 998 1364 rumque
1018 1336 1080 1366 ‹oepit
1093 1336 1185 1364 populus
1197 1337 1231 1365 Q
1242 1335 1317 1358 r'ncerio
1331 1338 1473 1369 magisjure,
1492 1336 1518 1361 ὼ·
1531 1340 1682 1369 consuetudine

905 1367 982 1396 aliqua
996 1372 1043 1392 mi,
1060 1365 1126 1395 quam
1141 1367 1228 1395 perlata
1241 1367 1299 1397 lege:
1316 1369 1382 1399 idque
1398 1376 1463 1400 prope
1474 1377 1516 1393 xx.
1531 1371 1680 1403 minis.postca

904 1398 987 1427 placuit
999 1413 1006 1423 ,
1026 1396 1115 1429 publica
1132 1397 1261 1420 auc'lortteire
1273 1407 1298 1422 x.
1311 1399 1408 1428 constitut
1421 1409 1493 1427 viros,
1508 1407 1545 1431 per
1556 1410 1610 1433 quos
1617 1409 1682 1435 pete-

905 1436 978 1451 rentur
991 1430 1046 1459 leger
1059 1427 1073 1451 ὰ
1087 1430 1164 1462 §racis
1175 1429 1304 1452 civitatibus
1317 1446 1323 1457 ,
1347 1437 1372 1453 ut
1384 1433 1464 1455 civitas
1475 1433 1613 1462 fundaretur
1625 1435 1680 1464 Isgi-

907 1459 945 1482 bus
954 1470 961 1483 .·
978 1468 1046 1491 quar,
1063 1461 1085 1482 in
1106 1459 1186 1482 rabulis
1199 1469 1223 1484 κ,
1242 1463 1299 1483 eneii
1310 1464 1449 1493 perscriptas,
1465 1470 1503 1495 pro
1516 1465 1594 1493 Rostris
1603 1472 1680 1497 provo-

900 1492 991 1520 suerum
999 1507 1005 1518 ,
1020 1498 1047 1514 ut
1054 1491 1132 1521 Joffent
1144 1494 1239 1523 apertius
1246 1493 1350 1525 perspici:
1367 1495 1488 1525 datumque
1494 1495 1520 1523 efl
1530 1496 1603 1526 eisjus
1610 1505 1631 1518 eo
1639 1491 1680 1519 {111-

904 1530 928 1544 no
940 1524 963 1545 in
974 1524 1066 1545 tivitare
1074 1523 1188 1552 summum
1201 1538 1207 1548 ,
1225 1525 1259 1545 usi
1271 1526 1327 1555 leges
1340 1526 1477 1556 turrigerent,
1501 1526 1540 1553 dr,
1552 1528 1575 1558 fi
1584 1534 1602 1557 ⁰r'
1610 1536 1635 1550 us
1648 1530 1679 1555 es-

898 1554 946 1582 set,
962 1555 1165 1585 interpretaremur,
1183 1562 1252 1585 neque
1261 1558 1380 1585 pro-vocatio
1393 1556 1420 1579 ab
1432 1558 1462 1579 eis
1471 1574 1477 1583 ,
1489 1559 1545 1588 ficut
1557 1558 1571 1581 ὰ
1586 1560 1680 1589 reliquis

903 1585 1076 1616 magistratibus,
1087 1584 1162 1614 fieret.
1174 1593 1214 1616 qui
1227 1585 1253 1609 (5¹
1266 1587 1305 1616 ipſs
1314 1589 1678 1621 animadverteruntaliquiddeqfe

900 1618 978 1648 primis
992 1625 1016 1640 x.
1031 1615 1128 1647 legibus:
1145 1618 1233 1647 ideoque
1240 1618 1339 1649 sequenti
1350 1628 1402 1642 anno
1416 1621 1476 1642 alias
1486 1622 1540 1643 duar
1552 1623 1582 1644 ad
1594 1624 1678 1651 cafii'em

903 1647 990 1670 tabulas
1002 1649 1135 1678 acijecerunt.
1158 1650 1184 1671 In
1197 1648 1233 1671 liis
1245 1649 1349 1680 legibus,
1366 1652 1560 1681 quascenturiatis
1571 1653 1678 1678 comitiis

904 1686 926 1702 ir.
941 1679 986 1701 viti
997 1680 1114 1705 tulerunt,
1131 1680 1204 1702 multa
1216 1679 1312 1711 proprie
1325 1680 1354 1704 de
1367 1682 1415 1709 jure
1429 1682 1513 1706 divino
1526 1682 1609 1707 sancita
1617 1684 1677 1712 eise,

904 1709 990 1734 necess‘e
1008 1709 1054 1733 est:
1070 1709 1188 1742 siquidem
1201 1711 1231 1734 ita
1245 1712 1383 1743 diligenter,
1400 1714 1425 1736 δι
1438 1714 1469 1737 ita
1481 1715 1576 1745 copiose
1588 1714 1677 1746 scriprae

903 1740 955 1765 sunt
963 1759 969 1768 ,
986 1740 1095 1772 inspectis
1107 1742 1169 1773 prius
1178 1743 1201 1765 δι
1209 1742 1368 1773 sapientiffimi
1376 1745 1469 1769 Solonis
1479 1746 1571 1777 legibus
1579 1763 1585 1773 ,
1592 1748 1616 1770 ὅ(
1624 1749 1677 1771 alia-

902 1781 955 1797 rum
973 1775 1064 1796 Graeciae
1076 1774 1198 1797 civitatum
1210 1774 1333 1802 institutis,
1351 1783 1374 1799 ac
1387 1776 1507 1804 moribus,
1526 1785 1550 1801 ur
1563 1778 1600 1801 vel
1613 1785 1677 1803 :state

900 1804 938 1827 sua
950 1805 1030 1828 Livius
1041 1804 1083 1829 lib.
1093 1808 1130 1828 111.
1139 1813 1186 1836 cap.
1196 1813 1233 1833 34.
1244 1808 1266 1829 in
1274 1810 1544 1841 inimenjoaliarumsiaper
1551 1811 1607 1832 allas
1615 1819 1676 1834 acer-

899 1843 1006 1859 vatarum
1019 1838 1089 1867 legum
1103 1839 1202 1864 cumulo,
1212 1839 1297 1867 saniem
1305 1840 1676 1874 tamenommspublrctprivauque

892 1869 956 1900 juris
966 1870 1015 1891 ΧΗ.
1028 1868 1114 1891 tabulas
1127 1869 1171 1892 elle
1184 1869 1257 1896 dicat,
1271 1870 1311 1893 led
1323 1870 1353 1894 de
1360 1870 1515 1896 sacrisritibus
1522 1873 1630 1904 pleraque
1637 1881 1678 1898 ve-

900 1899 979 1923 tustate
990 1899 1124 1926 obliterata,
1140 1908 1293 1925 evanuerunt:
1312 1904 1425 1926 nonnulla
1433 1904 1677 1936 delegibusadcreaii·

900 1931 942 1954 dos
955 1929 1082 1954 sacerdotes
1094 1932 1274 1962 pertinentibus,
1293 1940 1396 1957 veterum
1408 1935 1572 1962 historiarum,
1590 1945 1614 1960 ac
1621 1945 1675 1961 mo-

900 1968 1069 1985 numentorum
1084 1970 1142 1992 ope,
1160 1963 1221 1994 quali
1234 1962 1331 1988 scalmus
1344 1964 1356 1988 ὲ
1370 1966 1505 1997 naufragio,
1521 1966 1604 1991 servata
1612 1968 1672 1995 sunt.

901 1997 979 2025 Atque
997 1993 1042 2016 hoc
1055 1993 1084 2017 de
1096 2001 1181 2024 genere
1194 1995 1230 2024 (ut
1242 1994 1253 2018 {³
1269 1996 1352 2026 primis
1365 1998 1512 2029 temporibus
1524 1999 1613 2023 ordiar:
1630 2008 1674 2025 uii-

900 2025 929 2048 de
939 2025 1012 2048 veluti
1025 2032 1066 2055 per
1077 2024 1159 2056 gradus
1173 2025 1199 2049 ad
1213 2026 1326 2057 postrema
1340 2028 1486 2058 descendam)
1500 2032 1561 2062 leges
1575 2032 1673 2056 invenio

899 2057 1031 2080 nomiliam
1044 2057 1163 2087 primum:
1181 2065 1225 2088 qua
1236 2065 1330 2083 caurum
1343 2059 1386 2087 est,
1401 2069 1430 2084 ne
1437 2063 1475 2085 alii
1484 2070 1577 2094 ,pr-“tter
1585 2070 1672 2094 patres,

899 2088 922 2123 ὅς
936 2087 1079 2123 magistratus
1092 2105 1098 2115 ,
1115 2087 1171 2124 sacra
1185 2090 1272 2113 inirent
1282 2099 1457 2122 perageremve,
1476 2094 1561 2118 deinde
1574 2095 1674 2120 tribuni-

898 2127 971 2147 ciam,
989 2123 1088 2143 Sextiam
1102 2121 1218 2144 Liciniam
1227 2140 1232 2149 ‚
1250 2129 1275 2146 ut
1287 2130 1310 2146 x.
1323 2124 1367 2147 viri
1379 2123 1510 2153 sacrorum,
1526 2134 1576 2150 non
1585 2144 1591 2153 ,
1601 2134 1673 2151 utari—

899 2158 946 2179 iea,
964 2159 1047 2175 omnes
1060 2153 1161 2183 patricii,
1183 2152 1221 2176 scd
1234 2161 1262 2177 ex
1274 2162 1337 2185 parte
1350 2156 1449 2180 dimidia
1460 2158 1489 2181 de
1497 2157 1564 2188 plebe
1571 2166 1673 2183 crearen-

898 2190 946 2207 tur:
965 2185 1023 2206 item
1037 2184 1104 2207 aliam
1117 2184 1282 2213 tribuniciam,
1300 2188 1440 2218 Ogulniam,
1455 2196 1553 2216 ut‚cum
1562 2197 1671 2222 quattuor

897 2216 1018 2247 pontifices
1031 2214 1103 2239 essent
1111 2233 1117 2242 ,
1136 2217 1281 2248 placeretque
1291 2218 1435 2244 sacerdotum
1445 2228 1571 2245 numerum
1579 2224 1670 2253 augeri,

896 2254 1004 2278 quattuor
1018 2255 1123 2278 praeterea
1138 2249 1256 2280 pontifices
1268 2266 1275 2276 ,
1299 2251 1405 2282 quinque
1422 2260 1517 2284 augures
1531 2270 1536 2279 ,
1559 2253 1589 2276 de
1602 2254 1670 2284 plebe

896 2286 996 2305 omnes,
1013 2280 1179 2310 allegerenrur:
1197 2287 1222 2304 ut
1236 2283 1338 2306 omnino
1351 2283 1407 2307 oCto
1421 2285 1670 2315 poiirificum,iiovein

897 2318 1011 2341 augurum
1024 2318 1134 2334 numerus
1147 2311 1221 2336 fieret.
1240 2314 1285 2341 jam
1298 2314 1364 2338 enim
1378 2316 1438 2340 inter
1452 2316 1543 2348 plebem
1553 2333 1559 2343 ‚
1577 2317 1599 2339 ἃ
1608 2316 1670 2340 sena-

896 2349 960 2377 tum,
980 2342 1024 2365 hoc
1038 2342 1083 2369 cst,
1101 2344 1161 2366 inter
1173 2345 1269 2375 inopes,
1278 2346 1302 2369 δ(
1314 2346 1398 2370 divites
1407 2365 1412 2374 ,
1421 2349 1533 2379 peculiare
1547 2348 1668 2372 maluiiiin

891 2373 974 2400 liberis
986 2374 1117 2400 civitatibus
1129 2383 1252 2409 erumpere
1264 2376 1377 2403 discordia
1386 2386 1497 2412 coeperat:
1512 2379 1581 2411 seque
1588 2379 1668 2411 plebs,

1607 2417 1677 2442 quali
