2075 2734
139 100 162 117 ⁴⁵
349 105 1414 138 DzAceusar-ionz‚&c.c1ip·.22.
1561 108 1665 157 >589

74 166 108 197 jn
122 161 214 201 quibus
227 160 368 198 argentarii
378 180 384 191 ‚
405 166 519 195 quarum
532 166 623 185 rerum
637 156 725 184 auctio
740 155 828 183 futura
842 157 905 185 esset
920 178 926 188 ‚
946 156 1154 194 praescripserant
1169 178 1175 188 ‚
1196 166 1307 194 quarum
1323 160 1451 188 meminit
1464 160 1549 190 Cicero
1568 165 1594 193 in
1611 168 1664 195 Ca-

79 203 181 231 tilinam
193 221 199 231 ‚
221 201 247 228 δι
262 196 440 236 Qimilianus
455 196 500 223 lib.
518 206 557 224 11.
578 196 662 222 Fuere
681 194 761 221 etiam
768 193 937 227 pastionum,
958 196 983 223 in
1000 204 1061 232 quas
1076 195 1223 232 oblignatas
1236 196 1311 231 pacta
1323 197 1514 227 referebamus·
1546 206 1663 232 amone

78 240 147 268 libro
161 238 251 274 primo
266 237 299 264 de
308 238 383 264 Orat.
394 234 467 262 teste·
500 233 656 268 Quinetiam
669 230 762 263 litera,
783 234 953 269 &Jy‘rrgraphae
968 243 1064 260 omncs
1078 243 1131 260 „110
1145 233 1289 260 tabularum
1303 237 1414 263 nomine
1431 240 1663 274 comprehendun-

80 286 137 308 tur,
158 285 246 312 eaeque
260 274 292 302 ab
305 272 454 301 accusatore
467 270 607 307 inquifitae,
630 271 657 297 ὃ(
671 269 812 307 obfignatae
828 291 835 301 ,
857 280 890 298 ne
907 279 1142 308 corrumperemur
1153 293 1159 302 ,
1187 272 1217 299 ad
1228 280 1355 306 pretorem
1370 275 1461 302 delatae
1475 276 1534 304 sunt
1549 299 1555 308 ‚
1576 283 1661 308 Cicero

75 324 125 352 pro
140 314 234 342 Flacco
247 334 254 345 ‚
276 315 301 341 δε
317 313 343 339 in
356 309 501 338 Tu¹“culana
514 318 541 344 5.
567 309 683 335 Fuerunt
696 309 763 335 item
778 307 865 335 tabula
885 309 1013 336 rationum
1027 309 1168 336 relatarum
1183 330 1190 342 ,
1213 309 1306 348 quibus
1316 312 1419 348 judices
1432 314 1563 343 docentur
1574 337 1581 349 ‚
1603 326 1661 355 qux

77 352 182 389 publice
194 352 269 385 data,
291 353 316 379 ὅς
332 355 439 386 accepta
452 346 515 376 lint,
535 346 569 373 de
584 345 679 383 quibus
694 344 788 383 Festus.
816 348 903 383 Atque
917 347 971 374 hmc
986 346 1118 375 hactenus.

727 422 751 448 C
772 432 788 448 A
812 433 836 450 ν.
874 422 987 449 XXII.

476 489 529 522 De
545 489 732 534 accufhtione
749 515 758 530 ,
784 486 973 536 defensione,
999 496 1044 523 (φ
1063 489 1249 525 laudatione.

771 577 947 623 Accufiztio.

75 654 181 716 Cum
198 651 277 689 igitur
297 649 340 677 die
355 648 517 686 cognitionis
532 655 621 682 putor
634 647 772 676 confilium
790 649 937 676 advocasset
952 669 959 682 ,
979 654 1058 684 atque
1072 649 1166 676 citatus
1187 650 1304 683 melfium
1330 652 1354 677 ὃ(
1375 660 1431 677 rem
1452 652 1548 681 adesset
1562 674 1568 684 ,
1588 660 1648 683 turn

152 691 275 725 accujsrtor
288 688 393 715 dicendi
407 687 536 723 potestate
552 695 659 722 accepta
674 686 808 714 affionem
823 687 946 718 instituit,
967 686 1066 723 quippe
1081 686 1174 722 primis
1187 687 1278 714 diebus
1292 688 1509 726 criminalingula
1522 692 1652 727 exposuit,

71 736 151 765 atque
160 729 191 756 ad
207 735 360 755 extremum
376 734 404 752 ea
417 723 593 761 producendis
605 724 710 752 testibus
724 725 903 752 confirmavit.
924 725 1080 761 Itaquetota
1093 723 1135 751 illa
1143 725 1289 761 interrupta
1302 727 1389 753 oratio
1401 726 1467 758 fuit,
1487 729 1651 766 deindepro.

71 767 156 795 dustis
171 765 276 795 testibus
290 764 400 792 alteram
415 763 466 790 alio
479 763 523 790 die
536 763 688 790 orationem
707 762 798 790 habuit
813 783 820 794 ‚
842 772 898 799 quae
915 770 1041 798 perpetua
1054 761 1105 789 fuit
1119 783 1125 792 .
1148 764 1174 790 ἃ
1189 762 1230 790 illa
1242 764 1362 798 accusato
1382 765 1418 791 est
1437 766 1506 793 dich
1520 788 1526 797 .
1549 768 1582 795 de
1596 777 1647 804 qua

69 804 155 832 Cicero
168 814 218 841 pro
233 802 316 830 Caelio
329 813 334 829 ·.
356 800 483 835 Accufiuio
495 799 722 838 crimendefiderat
737 821 743 832 ‚
762 810 816 826 rem
827 808 857 826 ut
870 799 976 837 definiat
989 821 995 831 ,
1017 801 1141 827 hommem
1155 809 1183 826 ut
1197 809 1265 828 notet
1279 821 1287 831 ,
1308 811 1455 839 agg-umento
1465 803 1548 837 probet
1564 826 1570 836 ,
1591 805 1650 843 teste

69 842 197 880 coffrmet
209 862 216 872 ,
237 850 316 877 quam
330 850 385 868 non
400 848 465 866 unus
480 838 615 866 accusator
628 840 730 876 peregit
745 859 753 870 ‚
775 838 817 865 sed
832 839 935 875 partitis
955 839 1024 866 inter
1043 837 1067 865 se
1083 839 1237 866 muneribus
1258 839 1344 866 multi.
1386 841 1487 868 Eadem
1514 845 1650 878 prooemia

68 880 160 909 habuit
174 881 206 908 ad
218 880 327 909 odium,
349 880 375 906 &
388 877 515 904 invidiam
531 876 754 904 inflammandam
767 876 923 912 composita.
943 880 1064 903 Narratto
1078 877 1153 907 inde,
1174 876 1191 903 fi
1207 878 1338 905 incidebat
1358 879 1464 915 (neque
1478 881 1550 907 enim
1566 890 1649 910 omne

68 921 171 947 crimen
186 939 193 950 ‚
214 924 242 945 ut
255 916 370 943 ambitus
389 915 567 942 narrationem
584 913 708 949 admisit)
729 915 761 942 ad
776 915 1012 942 confirmationem
1029 914 1078 941 fuit
1090 914 1218 950 appofiza:
1240 923 1350 952 utraque
1364 926 1430 944 vero
1450 918 1482 944 ad
1497 927 1558 945 eum
1574 939 1581 949 ‚
1601 920 1648 955 qui

66 958 121 993 jam
136 966 194 983 rem
207 961 326 985 teneret,
346 952 609 980 accommodabatur.
648 951 779 979 eontentio
793 962 846 980 non
865 954 967 980 crimen
982 952 1046 980 illud
1066 952 1150 980 iolum
1164 973 1172 983 ,
1192 954 1263 989 quod
1279 955 1466 982 intendebatur
1480 976 1488 987 ,
1509 955 1552 983 sed
1567 958 1650 985 totius

38 1011 40 1014 >
67 995 204 1031 praeteritae
217 993 276 1020 vitre
290 992 508 1019 criminationem
523 989 664 1025 complexa
676 991 721 1017 est.
761 991 854 1027 ltaque
868 1000 924 1018 non
939 990 1024 1018 solum
1039 990 1190 1018 testimonia
1202 990 1390 1023 adhibuerunt,
1415 993 1457 1021 sed
1474 994 1556 1021 etiam
1571 1004 1649 1032 argu-

68 1039 175 1064 menta,
195 1031 220 1059 id
234 1031 284 1061 est,
306 1039 337 1057 ex
351 1029 404 1064 ipsa
418 1038 447 1056 re
457 1050 463 1060 ‚
485 1031 511 1057 ἓξ
527 1029 579 1056 vita
594 1029 632 1054 rei
647 1028 780 1064 superiore
791 1028 908 1065 sumptas
924 1029 1104 1064 conjedfflras,
1124 1028 1297 1064 suspiciones,
1321 1031 1427 1068 &tigna
1435 1041 1603 1069 omnemque
1615 1043 1648 1061 eo

66 1070 220 1098 industriam
234 1068 306 1096 suam
321 1068 512 1100 intenderunt,
532 1072 561 1093 ut
575 1065 677 1093 fafitum
694 1066 783 1097 fuisse,
803 1068 875 1103 quod
889 1067 1089 1097 intendebatur,
1110 1067 1287 1095 ostenderent.
1322 1069 1350 1095 Id
1369 1070 1441 1096 enim
1458 1077 1529 1101 erat,
1550 1071 1576 1098 in
1590 1080 1645 1107 quo

64 1108 106 1137 lex
120 1107 215 1135 violata
229 1105 413 1142 objiciebatur.
450 1104 628 1132 Contentioni
642 1104 704 1131 inde
711 1104 835 1138 peroratio
846 1106 933 1142 gravis
949 1126 955 1136 ,
977 1108 1003 1133 Ξῖ
1018 1104 1162 1132 vehemens
1176 1112 1233 1133 erat
1253 1105 1378 1141 subjecta,
1419 1108 1511 1144 Itaque
1523 1108 1644 1143 accufitrio

67 1147 180 1175 omnino
193 1143 255 1172 nihil
269 1143 344 1171 aliud
356 1143 417 1174 fuit,
439 1153 518 1182 quam
527 1150 646 1176 perpetua
657 1143 736 1169 oratio
750 1143 786 1169 aid
799 1142 907 1170 crimina
920 1143 1050 1178 inferenda
1064 1150 1141 1181 atque
1154 1144 1270 1180 augenda
1284 1143 1415 1182 artificiose
1427 1145 1563 1185 composita.
1598 1147 1647 1174 Di-

65 1185 103 1213 xit
116 1191 206 1212 autern
222 1182 371 1210 accusator,
390 1190 448 1218 quae
466 1181 549 1209 voluit
564 1183 590 1208 δε
606 1189 652 1216 per
666 1188 733 1217 quot
746 1181 800 1208 dies
815 1181 879 1218 legis
898 1182 1024 1217 permissu
1041 1180 1134 1208 voluit.
1173 1181 1258 1208 Cicero
1278 1192 1327 1218 pro
1349 1183 1481 1211 Cluentio.
1525 1183 1645 1219 Aftoniue

65 1224 148 1252 etiam
161 1222 257 1260 viginti
270 1221 325 1249 dies
338 1221 412 1248 datos
427 1221 460 1249 ad
473 1217 665 1251 accusandum,
687 1221 713 1247 ὃς
724 1220 820 1256 viginti
833 1220 865 1248 ad
881 1219 1092 1252 defendendum,
1117 1219 1168 1256 lege
1182 1220 1278 1257 opinor
1291 1220 1411 1251 Cwnelia
1425 1221 1534 1259 scripsit.

792 1291 944 1337 Defensio·

105 1361 280 1392 Accuffitione
295 1362 412 1400 perfecta
426 1383 432 1394 ‚
453 1362 557 1398 patroni
570 1361 640 1399 defin
651 1373 731 1390 ionem
747 1361 969 1399 aggrediebantur
981 1383 988 1394 ,
1009 1373 1042 1391 eo
1056 1363 1099 1391 die
1111 1384 1118 1396 ‚
1140 1364 1184 1400 qui
1199 1362 1263 1392 esset
1275 1372 1306 1390 ex
1325 1361 1384 1401 lege
1399 1362 1412 1391 ὲ
1424 1371 1524 1398 pratore
1536 1364 1644 1393 conces-

64 1401 113 1430 sus.
134 1401 217 1428 cicero
227 1411 277 1438 pro
286 1402 418 1430 Cluentio.
439 1403 574 1429 Caeterum
586 1409 615 1427 ut
629 1400 790 1429 accusatores
806 1401 919 1428 crimina
931 1401 1081 1433 inferenda,
1104 1402 1138 1429 sic
1146 1401 1250 1435 patroni
1263 1401 1401 1434 diluenda,
1420 1403 1523 1438 partitis
1538 1403 1606 1431 inter
1618 1403 1645 1430 se

0 1463 2 1474 ζ
64 1439 233 1471 muneribus,
255 1439 430 1476 susceperunt.
451 1442 478 1467 ἓξ
493 1440 621 1475 quoniam
635 1447 685 1466 tres
698 1447 773 1467 erant
785 1436 932 1474 defensionis
945 1448 1027 1470 arces,
1048 1448 1092 1467 aut
1100 1439 1203 1476 fltdffum
1216 1449 1322 1477 negare,
1342 1447 1386 1467 aut
1399 1440 1488 1467 nomen
1494 1440 1576 1476 sizc‘i‘i.
1599 1448 1645 1469 aut

0 1494 3 1507 i
58 1476 226 1515 jurefizcffum
239 1477 365 1513 probare;
386 1477 417 1508 fi,
438 1478 509 1514 quod
524 1476 626 1504 firmius
640 1477 794 1510 videbatur,
816 1476 917 1504 factum
929 1477 1077 1514 negassent,
1099 1478 1186 1505 ferme
1200 1478 1276 1505 testes
1288 1487 1343 1504 non
1354 1477 1464 1509 dabant,
1485 1478 1529 1506 sed
1544 1480 1644 1507 oratio-

0 1526 7 1544 Γ
63 1526 127 1544 nem
141 1515 311 1547 adhibebant,
335 1525 385 1552 qua
398 1523 442 1542 aut
459 1514 548 1544 testes,
570 1514 720 1551 tabulasque
732 1514 888 1550 poscebant,
909 1523 953 1542 aut
967 1517 1011 1551 qui
1025 1515 1147 1551 produffi
1161 1523 1248 1545 erant,
1270 1514 1434 1549 refutabant,
1455 1517 1525 1552 quod
1541 1517 1642 1545 docent

61 1551 196 1587 'Aftoniun
220 1556 246 1582 &
261 1553 342 1580 Cicero
356 1563 405 1589 pro
418 1554 541 1587 FonteJo.
563 1554 601 1580 Ut
614 1560 703 1580 autern
718 1551 850 1587 accufiztori
864 1553 1014 1580 testimonia
1024 1573 1030 1583 ,
1052 1553 1085 1580 lic
1099 1552 1217 1588 defensori
1230 1561 1387 1589 argumenta
1401 1555 1504 1589 aptiora
1519 1554 1643 1587 fuerunt,

66 1601 124 1628 quae
140 1591 258 1618 rhetores
270 1592 298 1618 in
313 1590 459 1629 verfimilm
472 1588 577 1627 &figna
591 1591 778 1618 distribuerunt
792 1610 799 1623 ‚
819 1590 861 1617 cui
876 1591 913 1617 rei
927 1590 1098 1618 clarissimurn
1119 1591 1273 1626 exemplum
1290 1589 1431 1617 Miloniana
1448 1591 1641 1628 suppeditabat.

67 1628 148 1667 Qod
165 1628 183 1656 fi
196 1629 229 1655 de
240 1630 351 1656 nomine
361 1629 422 1656 faeti
431 1649 437 1660 ,
456 1636 500 1655 aut
511 1629 545 1654 de
555 1628 614 1663 jure
625 1628 804 1656 controversia
818 1627 869 1655 fuit
881 1649 888 1659 ‚
910 1637 967 1656 tum
981 1636 1026 1656 aut
1037 1628 1173 1656 subtilibus
1187 1629 1385 1656 definitionibus
1398 1650 1404 1659 ,
1427 1637 1471 1657 aut
1483 1631 1593 1657 eruditis
1605 1632 1640 1658 de

15 1662 17 1672 ¹
59 1666 135 1703 jure,
157 1666 210 1693 five
220 1666 354 1698 absoluto,
374 1666 426 1694 five
436 1666 598 1700 assumPtivo
611 1666 829 1702 disputationibus
842 1667 982 1702 negotium
997 1665 1180 1694 confecerunt.
1207 1668 1288 1694 Erant
1301 1674 1391 1694 autem
1407 1668 1526 1703 quaedam
1540 1668 1621 1695 causae
1631 1688 1642 1702 ,

63 1714 121 1742 quae
134 1705 352 1732 commodissime
363 1702 512 1738 inficiatione
524 1697 732 1731 defendebantur
747 1725 755 1734 ,
779 1713 809 1730 ut
820 1704 1014 1737 repetundarum
1028 1725 1034 1733 ,
1060 1704 1101 1737 ἐς
1115 1705 1223 1732 ambitus
1237 1716 1244 1730 :
1264 1704 1319 1731 aliae
1338 1714 1395 1741 quae
1411 1704 1568 1733 definitione
1579 1727 1588 1737 ,
1610 1713 1642 1735 ut

10 1119 12 1128 l

10 1132 13 1143 1

0 1706 18 1780 ξι
63 1741 214 1780 majestatis.-
234 1743 353 1779 quaedatn
368 1742 441 1778 jure,
462 1749 491 1769 ut
504 1741 582 1768 mdes.
604 1743 754 1770 Primarum
767 1741 923 1777 exemplum
938 1746 987 1769 erit
998 1739 1103 1778 defensio
1118 1745 1226 1777 Pontejt',
1249 1743 1347 1773 Flacci,
1371 1744 1509 1773 Muraenae,
1527 1746 1553 1772 ὃς
1563 1744 1640 1771 Plan-

16 1781 18 1813 l
64 1782 113 1812 cii,
134 1781 305 1808 secundarum
320 1779 441 1807 Cornelia.
464 1781 603 1807 tertiarum
618 1778 767 1807 Milomam.
807 1780 963 1816 Qinetiam
977 1780 1080 1807 Gracchi
1094 1783 1121 1809 &
1135 1784 1288 1807 Saturninus
1307 1780 1365 1815 jure
1379 1780 1434 1807 caesi
1450 1780 1523 1808 fuisse
1539 1782 1639 1811 defensi

16 1814 18 1840 l
63 1819 130 1846 sunt.
170 1819 300 1854 Principia
314 1817 472 1844 adhibebant
488 1827 532 1848 ea,
553 1818 647 1857 quibus
660 1819 812 1845 incendium
829 1818 884 1845 odii
899 1818 930 1845 ab
949 1817 1100 1846 accusatore
1115 1819 1223 1846 conflati
1238 1819 1446 1854 restinguerent,
1467 1820 1493 1846 ὃς
1511 1829 1638 1849 amorem

17 1845 20 1890 f
62 1857 181 1894 judicum
197 1866 243 1884 reo
254 1855 462 1883 reconciliarent.
482 1859 645 1882 Mxrratmnes
658 1854 720 1884 cum
734 1856 895 1885 inciderent,
916 1857 948 1884 ad
960 1855 1124 1885 defensiones
1137 1858 1252 1884 rationes
1268 1856 1523 1888 accommodabant,
1544 1858 1638 1895 easque

0 1885 19 1923 i*⁵
63 1895 157 1923 futurae
170 1895 231 1922 fidei
242 1894 414 1921 seminarium
426 1893 581 1922 statuebant.
620 1895 649 1921 In
664 1895 837 1922 contentione
851 1901 895 1921 aut
909 1896 991 1922 vitam
1007 1895 1046 1921 rei
1059 1916 1067 1926 ,
1089 1895 1105 1921 fi
1121 1895 1224 1930 probris
1237 1894 1330 1921 affecta
1344 1893 1428 1921 fuisset
1443 1915 1450 1925 ‚
1472 1896 1636 1933 purgabant,

0 1938 11 1961 t
63 1940 108 1960 aut
122 1932 139 1959 si
153 1932 295 1959 hominum
310 1932 435 1966 opinione
447 1931 558 1968 probata
573 1931 659 1960 fuiffet
672 1953 678 1963 ‚
698 1941 748 1968 pro
762 1939 923 1969 argumento
936 1934 1095 1960 innocentiae
1109 1931 1293 1968 proponebant
1310 1953 1317 1963 ,
1343 1940 1421 1968 atque
1439 1933 1501 1959 inde
1517 1934 1634 1969 partibus

0 1967 10 1999 l!
63 1969 234 1998 accusationis
248 1970 354 2007 fingulis
366 1969 554 2000 occurrebant,
575 1971 602 1997 δί
612 1970 720 1997 vulnera
733 1970 764 1997 ab
779 1969 929 1997 accusatore
942 1969 1011 1996 faCta
1023 1969 1154 1997 sanabant.
1182 1969 1353 1996 Perorationes
1365 1979 1429 1996 vero
1445 1969 1577 2006 ejusmodi
1591 1974 1638 2001 ad-

0 1982 20 2049 t>
62 2008 201 2039 bibebant,
222 2016 250 2035 ut
261 2008 291 2034 iis
306 2007 511 2035 misericordiam
527 2016 704 2034 commovere
717 2010 920 2044 contenderent.
941 2009 1011 2034 Cum
1025 2016 1115 2035 autem
1131 2008 1349 2038 multidicerent,
1372 2006 1444 2034 causa
1459 2018 1512 2035 non
1524 2019 1578 2038 uno
1592 2012 1635 2039 die

0 2047 21 2082 ¹542
62 2048 153 2083 peragi
165 2053 283 2082 poterat,
304 2044 347 2073 sed
365 2045 397 2072 ad
413 2045 511 2073 multos
525 2045 718 2073 traducebatur.
753 2044 838 2072 Cicero
851 2047 960 2081 quidem
974 2044 1077 2076 scribit,
1098 2044 1123 2072 se
1137 2054 1184 2081 per
1200 2053 1252 2072 tres
1265 2045 1378 2080 amplius
1394 2045 1449 2072 dies
1462 2049 1576 2075 Verrem
1593 2059 1638 2078 ac-

0 2083 21 2118 il
62 2084 169 2113 cussss'e,
190 2084 305 2111 eundern
319 2092 383 2110 vero
398 2083 553 2111 Cornelium
569 2092 616 2119 per
629 2084 800 2120 quatriduum
815 2082 971 2112 defendisse,
993 2083 1073 2110 tradit
1087 2082 1217 2119 Asconius.
1247 2084 1327 2110 Erant
1341 2090 1430 2111 autem
1446 2084 1500 2112 dies
1515 2086 1636 2125 epilogo.

19 2119 20 2128 ¹
62 2132 123 2150 rum
134 2143 141 2154 ,
161 2124 187 2149 in
202 2122 295 2158 quibus
308 2121 339 2148 ad
350 2122 533 2149 concitandam
544 2121 752 2149 misericordiam
761 2122 864 2158 parvuli
876 2122 958 2150 etiam
972 2120 1019 2149 filii
1031 2131 1139 2150 reorum
1149 2121 1378 2158 producebantur:
1399 2131 1450 2160 qua
1462 2123 1495 2151 de
1509 2133 1538 2151 re
1548 2126 1634 2155 multa

61 2161 167 2198 egregie
181 2159 278 2196 scripfit
292 2158 480 2197 Qfflhbmus,
500 2160 629 2188 meminit
642 2162 668 2188 ὃς
680 2161 806 2196 Asconius.

0 2223 6 2230 ι

778 2231 943 2266 Laudatio.

104 2299 189 2326 Moris
200 2301 280 2328 etiam
290 2299 356 2334 fuit,
370 2307 400 2328 ut
408 2300 446 2328 rei
454 2307 547 2336 praeter
555 2308 671 2334 patronos
683 2303 829 2330 laudatores
842 2302 922 2329 etiam
933 2300 1098 2329 adhiberent.
1118 2303 1155 2330 Hi
1171 2302 1244 2330 fuere
1257 2309 1302 2331 aut
1317 2303 1387 2330 cives
1399 2301 1504 2329 summa
1517 2302 1632 2330 authori-

66 2339 118 2364 tate
127 2338 188 2368 viri,
210 2339 254 2375 qui
269 2339 420 2374 inpericulo
433 2338 525 2374 capitis
542 2339 621 2367 vitam
643 2340 679 2366 rei
695 2341 721 2367 in
732 2341 834 2376 judcio
846 2339 997 2370 laudarunt,
1017 2348 1060 2367 aut
1075 2340 1206 2375 municipes
1222 2339 1271 2374 rei,
1292 2349 1357 2377 quos
1371 2342 1515 2376 municipia
1531 2341 1637 2376 publico

66 2375 176 2404 nomine
191 2377 248 2414 ejus
260 2377 343 2406 officii
356 2376 430 2406 causa
438 2378 559 2406 Romam
572 2376 718 2406 miserunt:
732 2377 907 2407 authomiues
916 2376 1092 2443 prag-incula,
1115 2387 1182 2417 quos
1191 2378 1295 2417 singulae
1308 2380 1507 2416 provinciarum
1520 2380 1641 2445 civitatzcg

984 2425 995 2444 s
1003 2425 1014 2443 s
1022 2425 1034 2443 s

2 2410 6 2428 -
0 2232 13 2400 -«ει*-···’·”
0 2165 15 2199 ψι-
19 2137 21 2146 —

0 2129 22 2231 'i

21 2329 23 2364 Ι

4 2377 25 2453 l
