2075 2734
0 350 5 467 ὲ

0 525 3 548 l

321 99 572 128 DncAusrs
602 96 1261 127 TnnuronunComrioaum.
1299 99 1446 130 Carni&
1619 112 1677 143 475

757 172 781 198 C
802 182 819 198 A
841 181 864 198 r.
902 172 994 198 XVI.

590 231 644 264 De
660 230 755 277 causis
771 229 951 265 tributorum
964 234 1162 266 comitiorum.

89 310 213 374 Causae
235 310 421 341 habendorum
446 307 602 338 comitiorum
622 308 786 338 tributorum
806 309 942 347 generales
962 309 1070 339 fuerunt
1090 318 1223 348 quatuor:
1244 310 1331 345 prima
1350 312 1383 341 ad
1403 315 1530 343 creandos
1549 316 1669 345 minores

167 352 346 389 magistratus:
366 349 447 376 altera
461 348 494 375 ad
510 347 658 376 sacerdotes
674 348 850 385 collegiorum
864 347 1032 385 cooptandus
1049 360 1052 376 :
1073 357 1167 380 terrm,
1185 350 1217 377 ad
1231 349 1302 387 leges
1317 351 1436 380 ferendas
1450 363 1455 380 z
1475 363 1571 393 quarta
1583 356 1615 383 ad
1627 356 1668 392 ju-

86 390 189 418 dicium
203 389 394 417 exercendum:
415 388 449 415 de
463 385 558 423 quibus
571 386 677 424 singulis
691 388 785 414 ordine
799 387 932 414 dicemus.

125 427 306 466 Magistratus,
324 426 370 463 qui
389 424 428 452 his
443 423 550 451 caminis
564 423 737 458 creabantur,
756 425 854 461 partim
868 432 944 452 erant
957 423 1137 458 provinciales,
1159 426 1259 461 partim
1272 425 1380 455 urbani.-
1403 431 1428 457 δε
1448 429 1476 457 hi
1487 431 1586 466 partim
1601 430 1670 459 ordi.

86 467 172 496 narii,
192 466 290 502 partim
308 462 517 490 extraordinarri.
552 464 593 490 De
613 462 719 492 urbanis
739 464 869 500 primum.
901 463 1037 490 ordinarii
1051 462 1232 500 magistratus,
1253 464 1352 500 quibis
1367 467 1485 495 comitiis
1498 467 1668 501 creabantur,

86 512 160 532 erant
180 511 273 531 omnes
293 504 400 528 minores
418 499 578 538 magstratus
591 523 599 534 ,
628 503 672 539 qui
686 501 791 539 lingulis
805 502 879 529 annis
892 501 924 529 ad
938 500 1013 528 suum
1030 510 1127 529 munus
1140 501 1305 528 ordinarium
1320 504 1346 529 in
1362 503 1435 531 Urbe
1450 504 1605 534 obeundum
1621 528 1627 539 ‚
1656 506 1670 534 εὶ

83 538 555 578 populocreabantur,tribumplebis,
576 539 766 577 aedilesplebis,
785 539 873 567 aediles
884 539 1001 570 curules,
1021 539 1458 576 quaestores,triumviricapitales,
1472 545 1667 572 triumviiino..

85 579 192 611 (sturni,
211 577 344 606 triumviri
368 587 449 610 auro,
471 586 597 615 argento,
619 588 669 606 aere
690 579 798 610 flando,
822 578 961 609 feriundo,
987 576 1089 606 tribuni
1115 577 1243 609 militum.
1285 578 1328 604 De
1352 579 1459 606 tribum
1473 601 1479 612 ‚
1507 585 1533 610 &
1559 582 1668 610 adilibus

44 625 53 627 '⁷
81 615 179 652 plebis,
199 623 305 643 certum
319 615 368 648 est,
391 625 450 646 eos,
471 625 532 643 cum
547 618 666 653 primum
681 616 788 643 curtim}
797 616 904 643 comitas
916 623 1083 646 crearentur,
1103 622 1133 642 ut
1148 615 1359 644 demonstratum
1373 617 1451 652 paulo
1464 628 1524 647 ante
1538 621 1587 652 est,
1607 621 1667 658 post

82 654 171 691 legem
190 655 203 681 ιὶ
224 654 338 680 Volerone
358 653 418 682 trib.
433 653 502 691 pleb.
516 653 597 682 latam
614 676 620 686 ,
648 664 678 684 ut
698 654 819 683 videlicet
837 653 935 690 plebeji
956 654 1124 691 magistratus
1138 652 1241 680 tributus
1254 653 1361 680 comitiis
1375 655 1466 684 tierent
1482 677 1489 688 ‚
1514 657 1619 695 lemper
1632 660 1664 687 iis

82 700 184 721 creatos
204 692 268 723 effe,
289 690 396 721 testibus
414 693 488 719 erio
506 692 524 719 l.
541 703 565 720 2.
585 695 611 722 ὃ(
635 691 746 732 Dzorifio
765 693 783 720 1.
799 703 824 727 9.
844 694 889 729 qui
905 692 985 720 etiam
1003 692 1090 723 addit,
1112 701 1170 719 eam
1186 691 1337 728 (Volet-oms)
1353 692 1441 729 legem
1455 695 1583 729 perlatam
1598 698 1662 727 effe.

81 740 112 758 ac
124 738 266 768 propterea
280 739 312 758 ex
325 740 359 758 eo
372 738 498 767 tempore
510 729 679 759 tribunorum
695 734 722 760 8<
737 731 852 759 aedilium
868 729 951 767 plebis
969 730 1079 758 comitia
1091 730 1124 757 ad
1141 730 1211 756 luam
1226 729 1307 767 usque
1320 738 1425 758 atatem
1441 752 1448 763 ‚
1474 732 1570 761 tributa
1584 743 1613 762 ut
1629 734 1666 762 es-

80 767 152 800 sent,
174 767 354 796 obstrvatum.
395 768 544 797 Clariffima
563 769 618 797 hacc
632 769 705 801 sunt,
725 778 812 806 neque
824 768 907 796 ullum
922 767 1081 796 dubitationi
1095 767 1187 796 locum
1200 767 1369 805 relinquunt,
1390 777 1419 797 ut
1433 778 1490 797 non
1505 771 1534 797 lit
1549 773 1664 805 neceffe,

80 807 156 843 plura
174 807 306 835 adducere
324 806 487 835 testimonia.
526 807 617 834 AEdr'les
636 815 725 835 autem
747 807 840 834 curules
859 806 955 834 iisdem
971 806 1090 834 comitiis
1104 814 1207 834 creatos
1221 806 1295 833 fuisse
1308 827 1315 837 ,
1343 816 1375 834 ex
1389 807 1491 844 Agellio
1505 808 1522 834 1.
1536 812 1561 836 6.
1574 819 1630 847 cap.
1639 821 1666 847 9.

78 845 182 874 constat
195 867 201 875 ‚
222 845 291 881 apud
306 853 387 882 quem
403 844 459 872 haec
475 844 556 872 verba
569 844 629 873 fiint
644 846 724 873 citata
739 855 770 873 ex
784 846 866 874 tertio
881 845 977 872 Annali
993 846 1026 871 L.
1041 844 1155 872 Pisonis:
1176 847 1224 870 Cn.
1240 843 1344 871 Flavius
1358 854 1432 881 patre
1450 845 1576 874 libertino
1590 856 1666 876 natus

79 882 209 919 scripturn
228 882 349 911 faciebat.
382 883 458 920 Isque
477 893 510 911 eo
524 890 648 920 tempore
661 882 727 911 adili
739 885 819 911 turult
831 882 973 920 apparebat
986 903 993 914 ,
1021 892 1076 919 quo
1089 890 1214 918 tempore
1229 881 1317 910 aediles
1330 882 1549 921 subrogabantur.
1582 887 1666 912 Eum-

79 930 131 958 que
144 922 238 958 prirnae
250 920 334 949 tribus
347 921 442 948 aedilem
454 920 564 948 curulem
580 921 808 950 renuntiaverunt.
849 924 885 949 At
901 922 980 949 aedilis
994 941 1002 952 ,
1029 921 1074 957 qui
1084 920 1184 947 comitta
1198 919 1314 948 habebat·
1326 941 1333 952 ,
1353 930 1433 959 negat
1445 923 1574 958 accipere.
1590 924 1666 951 idem

78 959 161 987 etiarn
179 958 268 986 L'rcius
282 959 298 986 l.
308 969 333 994 9.
345 967 470 987 extremo
483 959 562 987 habet
575 980 583 991 ,
614 961 665 987 Cn.
681 959 801 988 llavium
818 958 832 988 a
844 959 961 988 faetione
975 958 1072 986 forenfi
1086 979 1094 990 ,
1120 967 1201 996 quam
1216 963 1265 993 Ap.
1278 957 1404 987 Claudms
1417 960 1511 988 censor
1524 961 1552 988 in
1569 971 1666 991 omnes

77 996 162 1025 tribus
174 995 310 1028 divilemt,
329 997 425 1024 adtlem
438 998 549 1025 curulem
563 998 675 1026 faCtum.

115 1036 159 1062 De
176 1034 344 1073 quaestoribus
358 1043 454 1072 praeter
473 1035 580 1064 Livium
592 1036 609 1064 l.
619 1046 646 1071 4.
666 1036 738 1064 testis
751 1036 789 1064 est
802 1035 888 1063 Cicero
901 1035 918 1064 l.
937 1046 962 1072 7.
976 1035 1008 1063 ad
1023 1034 1166 1062 familiares
1180 1055 1188 1066 ,
1209 1033 1318 1071 epistola
1333 1045 1376 1072 30.
1390 1036 1423 1064 ad
1438 1037 1478 1064 M.
1494 1038 1606 1065 Curium
1621 1037 1663 1067 his

78 1073 178 1101 verbis:
201 1074 233 1100 In
245 1082 343 1110 campo
355 1081 427 1101 certe
441 1083 497 1102 non
512 1074 595 1107 fuisti,
616 1084 679 1102 cum
692 1074 757 1102 hora
771 1074 884 1103 secunda
896 1073 1002 1102 comitiis
1016 1072 1147 1112 questoria<
1160 1073 1300 1104 instit-ntis,
1320 1074 1379 1101 lella
1387 1075 1560 1112 QMaximi,
1581 1085 1663 1114 quem

77 1110 116 1139 illi
128 1112 258 1145 Consulem
271 1112 322 1139 efle
335 1111 476 1144 dicebant,
496 1112 579 1148 polita
597 1113 673 1144 effer,
694 1122 748 1149 quo
762 1122 874 1141 mortuo
890 1113 1027 1142 nuntiato,
1048 1111 1107 1139 lena
1122 1110 1221 1138 sublata
1236 1111 1280 1150 est·
1309 1111 1356 1139 flle
1370 1121 1475 1144 autem,
1497 1115 1544 1150 qui
1557 1114 1663 1142 comitiis

77 1148 180 1176 tributis
201 1150 264 1177 ess‘et
284 1149 441 1186 auspicatus,
459 1151 601 1178 centuriata
618 1151 724 1182 habuit,
746 1153 799 1181 &c.
831 1151 952 1187 Appellat
973 1150 1046 1177 enim
1068 1149 1120 1177 boc
1134 1149 1195 1177 loco
1208 1153 1291 1176 thero
1305 1148 1434 1188 questoria
1448 1154 1550 1179 comm'a
1564 1161 1594 1180 ea
1606 1162 1663 1190 quae

74 1187 243 1223 quaestoribus
258 1189 377 1216 creandis
391 1188 570 1221 habebantur,
591 1190 617 1217 δε
628 1190 706 1225 paulo
720 1190 777 1225 post
791 1190 880 1221 addit,
900 1198 931 1216 ea
943 1186 1040 1215 tribum
1055 1187 1139 1215 fuifl‘e.
1169 1188 1212 1213 De
1225 1187 1373 1215 triumviris
1392 1188 1544 1224 capitalibus
1557 1211 1565 1222 ,
1592 1192 1663 1219 testis

79 1225 116 1252 est
129 1229 215 1251 Cnero
229 1227 351 1253 oratione
363 1235 414 1262 pro
429 1226 573 1258 Cluentio,
593 1227 626 1254 de
643 1227 806 1264 QManilio
820 1227 946 1263 loquens,
967 1225 1013 1252 ubi
1027 1225 1092 1252 dicit
1108 1234 1170 1252 eum
1184 1224 1313 1261 suffragiis
1324 1226 1417 1262 populi
1423 1227 1455 1253 ad
1463 1227 1490 1254 id
1499 1236 1596 1255 munus
1604 1237 1664 1264 per-

79 1263 178 1289 veniss'e
193 1273 198 1289 :
225 1264 297 1300 quod
318 1272 391 1291 certe
411 1273 498 1301 neque
514 1264 661 1291 centuriatis
674 1285 681 1296 ‚
706 1274 792 1301 neque
809 1264 914 1291 curiatis
926 1262 1034 1290 comitiis
1048 1263 1105 1290 fieri
1118 1264 1208 1299 potuit
1220 1283 1227 1293 ‚
1255 1265 1489 1299 quemadmodum
1502 1274 1535 1292 ex
1547 1265 1662 1301 superio-

78 1299 150 1327 ribus
170 1302 278 1329 constat.
319 1301 432 1329 Trrbun's
451 1311 517 1339 ergo
535 1311 599 1330 eum
616 1301 717 1330 factum
733 1303 783 1330 effe
797 1301 963 1329 triumvirum
976 1300 1116 1337 capitalem
1128 1321 1136 1332 ‚
1163 1301 1306 1328 neceffario
1320 1301 1446 1338 sequitur.
1484 1303 1562 1330 Idem
1578 1305 1661 1334 etiam

76 1337 246 1366 sentiendum
263 1340 296 1367 de
309 1341 456 1368 triumviris
470 1340 607 1368 nocturnis
620 1361 628 1372 ‚
655 1341 689 1368 de
701 1340 796 1377 quibus
809 1340 867 1368 Liv.
881 1340 898 1368 l.
910 1351 928 1376 9
951 1347 1084 1366 extremo.
1123 1340 1260 1366 Tribunos
1276 1347 1357 1374 porro
1372 1339 1491 1367 rnilitum
1505 1340 1608 1368 tnhutis
1625 1353 1662 1370 co-

75 1375 159 1403 mitia
180 1386 282 1406 creatos
302 1376 391 1409 fuifle,
411 1377 552 1406 obscurum
573 1388 629 1406 non
642 1379 691 1406 est:
713 1388 768 1406 non
782 1386 874 1406 tamen
888 1386 993 1405 omnes.
1033 1378 1105 1405 Cum
1121 1377 1194 1404 enim
1207 1378 1261 1404 duo
1275 1386 1371 1404 eorum
1385 1386 1483 1414 genera
1496 1378 1610 1411 fuerint,
1632 1388 1662 1409 ut

77 1414 194 1442 scribunt
209 1419 300 1442 Limus
313 1414 330 1442 l.
341 1425 364 1450 7.
381 1417 407 1443 δι
422 1415 537 1450 Asconius
550 1437 558 1448 ‚
589 1416 681 1444 Rufuli
694 1415 793 1445 scilicet
807 1418 833 1444 &
847 1415 991 1445 cominatu
1018 1414 1111 1441 Rufuli
1127 1415 1153 1442 in
1166 1415 1284 1443 exercitu
1297 1414 1330 1441 ab
1342 1415 1547 1452 imperatoribus
1559 1417 1602 1445 vel
1614 1419 1663 1446 du-

75 1452 150 1480 cibus
166 1452 226 1480 belli
238 1475 243 1484 ,
269 1452 394 1480 commati
408 1455 506 1481 Rornae
520 1455 638 1482 comitiis
653 1454 808 1482 creabantur
823 1464 828 1480 z
847 1454 922 1489 cujus
934 1453 973 1480 rei
985 1453 1091 1480 initium
1106 1453 1169 1480 teste
1183 1457 1255 1478 Lxx-10
1268 1451 1330 1480 loco
1343 1453 1430 1480 modo
1443 1454 1561 1482 indicato
1572 1476 1580 1487 ,
1609 1456 1661 1485 fuit

75 1499 146 1518 anno
160 1491 192 1518 ab
209 1493 242 1518 U.
257 1492 289 1518 C.
305 1499 421 1518 cccxcii
432 1502 452 1519 1.
472 1493 542 1519 Coss]
556 1493 712 1530 Qserwlm
729 1503 768 1520 11.
783 1496 814 1519 L.
829 1495 936 1519 Uenutio
955 1501 995 1518 11.
1025 1493 1114 1527 Atque
1127 1490 1155 1518 hi
1168 1490 1335 1526 magistratus
1349 1500 1447 1519 omnes
1460 1492 1589 1521 ordinarii
1603 1494 1660 1521 fue.

74 1537 145 1556 runt.
171 1529 318 1556 Videamus
331 1538 402 1556 nunc
414 1530 646 1558 extraordinarios.

117 1565 282 1603 Magrstratus
294 1566 401 1594 minores
418 1568 636 1601 extraordinarii,
658 1568 703 1605 qui
716 1566 822 1596 tributis
835 1567 952 1596 comitiis
966 1574 1119 1595 crearentur
1129 1587 1139 1600 ‚
1159 1566 1267 1594 fuerunt
1276 1564 1387 1602 prasein
1399 1577 1514 1598 annona,
1535 1568 1601 1595 teste
1613 1567 1660 1596 Li-

76 1602 200 1638 2·i01m.4
223 1604 269 1632 ub1
282 1605 362 1634 dicit,
384 1613 446 1631 eum
461 1604 563 1641 aplebe
576 1615 706 1634 creatum.
725 1607 870 1634 Duumviri
882 1606 1000 1636 navales,
1021 1606 1054 1632 de
1068 1604 1452 1642 quibusLiiziuslib.9.inquit:
1469 1606 1503 1633 Et
1511 1605 1658 1643 duoimpe-

77 1642 115 1668 ria
129 1651 160 1668 eo
172 1651 242 1669 anno
255 1643 311 1670 dari
327 1650 414 1678 coepta
427 1652 474 1679 per
487 1643 635 1680 populum,
654 1652 766 1680 utraque
777 1645 810 1672 ad
827 1654 885 1671 rem
900 1643 1044 1670 militarem
1059 1644 1220 1679 pertinentia
1234 1653 1240 1668 z
1260 1652 1362 1675 unum,
1381 1651 1412 1671 ut
1425 1642 1524 1671 tribuni
1538 1643 1658 1674 militum

76 1677 195 1706 ienideni
209 1681 236 1707 in
247 1689 360 1717 quatuor
372 1681 490 1717 legiones
506 1681 519 1708 a
528 1681 630 1718 populo
643 1690 808 1714 crearentur,
828 1691 885 1718 quae
898 1689 975 1709 antea
984 1690 1114 1718 perquam
1129 1682 1219 1717 paucis
1228 1679 1353 1718 suffragio
1368 1680 1459 1717 populi
1472 1680 1657 1715 reliCtislocis,

75 1716 239 1745 afflatorum
254 1721 279 1746 δε
296 1719 430 1752 Confidam
443 1719 530 1747 ferme
543 1719 646 1748 fuerant
659 1720 802 1749 beneficia:
819 1720 934 1749 alterum
947 1728 978 1747 ut
990 1718 1138 1747 duumviros
1152 1719 1234 1747 claffis
1247 1720 1371 1747 ornandae
1383 1718 1584 1756 reficiendaeque
1597 1730 1658 1749 cau-

72 1755 99 1783 sa
111 1756 185 1782 idern
198 1756 312 1792 populus
322 1757 437 1792 juberet.

113 1795 156 1821 De
174 1794 328 1833 quastombus
348 1794 401 1821 five
419 1793 585 1832 quaesitoribus
604 1796 739 1833 parricidii
758 1797 836 1824 testes
853 1795 912 1824 sunt
931 1795 1004 1833 leges
1017 1815 1025 1828 ,
1053 1795 1161 1823 Manilia
1175 1795 1243 1831 apud
1257 1794 1329 1821 Sallu
1351 1793 1405 1822 ium
1417 1814 1425 1826 ,
1453 1796 1479 1822 δε
1494 1796 1574 1822 Varia
1585 1797 1654 1833 apud

74 1831 204 1866 Ascanium
213 1853 221 1864 ,
249 1832 342 1869 quibus
353 1834 563 1861 decernebantur
577 1835 610 1862 de
623 1835 701 1862 certis
716 1834 873 1872 quibusdam
887 1833 1046 1862 criminibus
1059 1835 1214 1871 quaestiones
1225 1854 1233 1865 ‚
1260 1834 1292 1860 ad
1306 1842 1369 1869 quas
1388 1833 1546 1861 exercendas
1559 1834 1605 1871 ipsi
1619 1834 1656 1862 le-

73 1870 237 1906 gumlatores
249 1871 327 1897 fimul
338 1872 469 1907 populum
482 1872 612 1909 rogabant
626 1893 634 1904 ‚
659 1880 689 1900 ut
701 1870 837 1912 quafitores
848 1873 1005 1910 delignaret.
1047 1873 1093 1899 Ne
1105 1873 1193 1900 dicam
1208 1891 1216 1902 ,
1243 1872 1315 1907 quod
1328 1877 1394 1906 laepe
1411 1869 1526 1907 legimus
1539 1891 1547 1903 ,
1574 1872 1655 1901 tribu-

75 1908 116 1934 nis
132 1907 216 1943 plebis
226 1908 326 1936 camina
337 1909 492 1938 habentibus
504 1929 512 1942 ‚
530 1909 666 1950 quaesnores
678 1918 781 1940 creatos
794 1910 868 1940 fuiffe
881 1921 886 1938 τ
908 1919 966 1947 quae
980 1918 1053 1939 certe
1064 1909 1166 1937 comitia
1179 1918 1236 1937 non
1249 1910 1392 1935 centuriata
1405 1927 1413 1939 ,
1433 1908 1477 1935 ted
1490 1908 1588 1938 tributa
1602 1911 1654 1939 esse

72 1953 90 1972 o
109 1953 202 1973 ortutt.

89 1954 252 2011 preminent
265 1983 317 2013 huc
331 1986 357 2013 ὅ(
370 1987 500 2015 duum-uiri
513 1987 610 2016 aedium
625 1986 757 2014 sacrarum
771 1986 944 2015 locandarum
956 2005 964 2018 ‚
990 1985 1202 2014 aedificandamm
1213 2005 1221 2016 ,
1248 1982 1487 2012 consecrandarum
1497 2004 1504 2016 ‚
1529 1985 1571 2013 vel
1583 1987 1656 2015 resti-

75 2023 247 2051 tuendarum:
269 2032 335 2060 quos
347 2025 460 2061 populus
471 2035 503 2053 ex
517 2026 568 2063 lege
582 2030 691 2062 Papyrra
705 2024 841 2061 defignare
853 2024 966 2055 solebat,
987 2024 1022 2051 de
1037 2023 1131 2060 quibus
1144 2025 1230 2049 Cicero
1243 2031 1293 2058 pro
1306 2021 1392 2049 domo
1405 2021 1464 2054 sua,
1484 2023 1656 2060 &saepiffime

75 2064 175 2088 Ltvms.
203 2061 338 2088 triumviri
368 2063 517 2092 reficiendis
543 2064 620 2092 fieris
634 2085 642 2096 ,
669 2063 702 2090 de
728 2064 821 2099 quibus
846 2061 943 2089 Limus.
973 2062 1140 2099 quinqueviri
1164 2059 1278 2088 turribus
1293 2080 1300 2091 ‚
1326 2059 1461 2097 murisque
1485 2061 1634 2091 reficiendis
1645 2085 1654 2097 ‚

75 2097 170 2126 Livius
182 2098 200 2126 l.
212 2108 256 2135 25.
267 2100 402 2128 triumviri
415 2103 441 2130 δε
456 2102 624 2140 quinqueviri
639 2101 775 2133 mensarii,
798 2100 885 2128 Livius
898 2099 916 2126 l.
926 2102 951 2127 6.
963 2102 990 2128 Sc
1003 2110 1047 2138 23.
1059 2099 1195 2127 triumviri
1207 2098 1284 2126 lacris
1297 2099 1498 2135 conquirendis,
1519 2101 1546 2128 &
1558 2102 1655 2129 trium-

75 2137 127 2165 viri
141 2137 218 2164 donis
232 2136 432 2174 persequendis,
453 2140 543 2168 Lirrus
556 2141 572 2168 l.
584 2151 629 2178 25,
658 2142 729 2169 Item
744 2147 840 2168 omncs
853 2145 986 2167 curatores
1004 2138 1058 2166 five
1071 2137 1239 2175 magistratus
1251 2137 1452 2164 extraordinarii
1465 2157 1473 2169 ,
1493 2137 1520 2164 id
1535 2139 1587 2171 est,
1608 2142 1655 2177 qui

75 2183 132 2202 non
148 2184 176 2203 ut
189 2176 316 2203 ordinarii
329 2185 442 2204 annuam
456 2180 614 2213 potestatem
629 2180 813 2208 continuatam
826 2176 956 2205 habebant
965 2196 973 2207 ‚
993 2175 1038 2203 sed
1052 2177 1154 2204 tamdiu
1167 2176 1195 2202 in
1209 2184 1238 2202 ea
1252 2183 1340 2206 erant,
1358 2176 1423 2203 dum
1437 2176 1603 2205 curationem
1612 2179 1654 2206 cui

75 2213 196 2250 praefed'ti
210 2223 285 2243 erant
297 2236 304 2247 ,
324 2214 503 2246 absolvissent,
523 2217 629 2245 comitti:
641 2217 744 2245 trrbun's
757 2215 922 2245 creabantur.
956 2219 982 2242 T
979 2213 1102 2242 rium-virt
1116 2222 1224 2251 quoque
1237 2213 1279 2241 vel
1291 2219 1425 2250 quotquot
1441 2215 1524 2241 creari
1539 2215 1654 2251 placuit,

76 2252 110 2279 ad
123 2251 240 2280 colonias
252 2254 434 2286 deducendas,
455 2254 487 2281 ad
500 2256 660 2293 redigendos
675 2255 785 2284 colonos
799 2256 826 2282 in
840 2254 895 2281 suas
908 2262 1044 2290 quemque
1057 2251 1188 2284 colonias,
1207 2259 1252 2280 aut
1263 2260 1341 2289 agros
1353 2252 1527 2284 dividendos,
1547 2255 1580 2281 de
1594 2255 1650 2290 qui-

74 2289 122 2317 bus
137 2290 347 2329 frequentissima
360 2293 396 2320 est
411 2293 438 2320 in
452 2293 529 2320 omni
540 2293 646 2321 historia
659 2295 776 2322 mentio:
798 2301 932 2321 curatores
945 2292 1013 2319 item
1028 2291 1130 2318 viarum
1147 2298 1220 2318 extra
1233 2290 1352 2320 Urbem,
1373 2290 1406 2317 de
1421 2289 1514 2327 quibus
1527 2295 1611 2318 Crcero
1623 2293 1651 2320 ὃς

74 2329 211 2357 triumviri
229 2330 371 2366 juvenibus
389 2332 421 2360 ad
440 2332 566 2359 militiam
585 2334 774 2370 conquirendis
787 2353 794 2362 ,
819 2331 853 2358 de
873 2330 967 2367 quibus
983 2328 1041 2358 [η’-υ.
1054 2329 1099 2357 lib.
1110 2339 1153 2367 23.
1167 2329 1284 2356 comitiis
1296 2327 1401 2356 tributis
1414 2327 1577 2356 creabantur.
1618 2329 1653 2358 Et

45 2371 49 2379 ¹
76 2366 112 2395 de
130 2368 172 2398 his
191 2370 317 2399 omnibus
338 2369 446 2409 Messala
458 2372 540 2410 augur
552 2390 561 2404 ,
586 2372 656 2409 apud
667 2371 748 2410 Ageu.
760 2370 778 2400 l.
793 2380 834 2409 13.
847 2378 871 2399 c.
884 2378 924 2406 14·
937 2369 1020 2397 dicit:
1048 2365 1199 2398 Minoribus
1210 2365 1405 2406 magistratibus
1420 2366 1539 2397 creandis
1550 2365 1653 2406 tributis

957 2408 984 2436 O
992 2414 1010 2435 ο
1017 2415 1036 2436 o
1055 2416 1072 2435 2
1578 2413 1652 2432 coms-
