2075 2734
324 100 389 132 Dr:
428 94 1197 131 rnaeuiislmrzxii'ronuiissboe·
1237 99 1405 131 CAP.28.
1623 119 1678 148 75¹

94 156 146 187 est:
165 153 352 192 observarique
364 152 473 182 solitum
482 173 490 186 ,
506 159 536 181 ut
550 152 625 181 fieret
637 150 651 179 ἑ
659 149 792 188 gramine,
813 148 885 190 quod
897 148 925 176 in
939 157 972 176 eo
984 147 1046 191 loco
1059 156 1218 185 generatum
1232 150 1308 183 ess'et,
1329 151 1399 180 intra
1413 159 1497 190 quem
1512 154 1589 187 clanii
1596 167 1680 194 erant,

93 197 141 235 qui
153 193 348 224 obsidebantur.
368 191 468 220 Plinius
481 191 578 223 lib.22.
587 199 643 227 cap.
653 200 677 228 3.
690 191 717 217 δε
730 197 759 224 4.
771 186 945 227 obscdtonalem
961 186 1087 230 omnibus
1101 186 1172 220 aliis,
1191 190 1356 226 gemmatis,
1377 192 1404 219 δε
1413 194 1511 226 aureis,
1533 196 1682 232 vallaribus,

94 233 254 264 muralibus,
274 231 407 263 rostratis,
427 231 532 261 civicis,
551 231 578 258 &
590 227 793 264 triumphalibus
802 225 913 262 prasert,
934 235 1032 266 quippe
1047 235 1109 253 cum
1124 226 1236 264 reliquas
1248 229 1480 265 autImperatores
1494 233 1623 264 militibus
1635 245 1682 266 aut

92 273 142 309 ἱρῇ
157 272 255 300 milites
272 270 401 298 militibus
415 269 493 297 dent:
512 267 580 295 hanc
597 276 662 295 vero
678 266 757 294 miles
771 266 816 294 det
829 267 983 299 Imperatort.
1004 264 1070 291 Eam
1086 265 1152 292 dicit
1167 267 1255 294 vocari
1269 265 1441 304 obsidionalem
1454 291 1461 301 ,
1480 269 1597 301 liberatis
1610 275 1681 302 obfi-

93 311 190 343 dione,
211 308 446 344 abominandoque
457 307 541 334 exitio
555 306 620 334 totis
631 305 729 333 castris.
762 303 883 331 Eandem
899 303 981 331 etiam
996 303 1061 330 dicit
1075 303 1164 330 datam
1181 303 1257 332 fiiisle
1271 303 1286 332 ὲ
1303 305 1380 334 viridi
1393 309 1530 344 gramine,
1552 311 1680 350 deeerPto

93 349 158 378 inde
171 348 217 376 ubi
230 346 345 376 obseffos
356 345 477 373 sei-vastet
487 343 589 381 aliquiS.
611 345 741 381 Namque
754 342 892 371 summum
902 341 970 377 apud
985 342 1108 377 antiquos
1121 341 1226 378 fignum
1241 343 1359 372 viCtoriae
1373 354 1429 374 erat
1442 346 1544 375 herbam
1551 350 1680 389 porrigere

93 387 173 416 vidior
184 407 191 419 ,
211 386 265 414 hoc
277 385 315 413 est
327 405 337 417 ‚
357 391 428 411 terra
444 384 471 412 δε
486 382 577 411 altrice
590 382 644 419 ipsa
654 381 740 409 humo
753 403 760 414 ,
781 384 808 410 &
823 380 981 408 humatione
994 380 1076 408 etiam
1091 380 1194 408 cedere.
1222 381 1318 410 Talem
1332 385 1434 420 accepit
1446 388 1479 414 L.
1489 385 1598 416 Sicinius
1610 394 1680 417 Den-

92 434 179 456 tatus,
199 427 227 454 ὃς
238 421 343 452 Decius,
362 424 389 450 &
402 419 520 459 Qintus
535 420 629 448 fabius
639 420 785 452 Maximus,
799 422 851 448 &c.
872 418 974 446 Eadem
988 419 1020 446 de
1034 418 1204 451 offldionali,
1225 419 1317 457 festus.

132 463 224 493 Civica
236 470 322 489 corona
335 459 499 496 appellatur,
521 460 609 497 inquit
622 458 732 497 Agellius
746 480 754 491 ,
774 466 855 496 quarn
870 457 934 485 civis
951 457 1003 484 civi
1017 478 1025 489 ,
1044 456 1058 483 a
1072 465 1126 493 quo
1140 456 1256 485 sei-vatus
1274 459 1309 486 est
1323 460 1351 487 in
1368 461 1472 497 praelio,
1493 462 1588 492 testem
1603 465 1678 495 vitae.

91 502 232 539 salutisque
243 506 374 536 perceptae
387 499 441 526 dat.
465 498 504 527 Ea
519 498 549 526 fir
564 497 579 526 ὲ
587 497 680 533 fronde
692 507 804 536 querna:
824 496 952 533 quoniam
966 495 1040 523 cibus
1056 515 1062 526 ‚
1083 495 1219 537 vit‘ftusque
1235 498 1427 534 antiquissimus
1440 511 1552 540 quernus
1568 503 1626 540 capi
1640 503 1680 531 so-

91 541 154 570 litus
168 540 207 568 fit.
247 539 267 565 F
269 536 289 566 it
303 537 385 566 etiam
397 546 429 564 ex
444 535 513 567 ilice.
532 537 607 575 quod
620 545 704 574 genus
721 535 849 573 superiori
861 535 1020 571 proximum
1034 533 1071 561 est
1080 553 1087 564 ,
1109 535 1183 561 licuti
1196 534 1326 571 scriptum
1339 538 1375 564 est
1390 539 1417 566 in
1432 540 1546 576 quadani
1561 541 1680 571 comaediae

90 578 192 608 cmlii.

130 615 306 645 Advehuntur
325 613 451 651 (inquit)
474 623 536 642 cum
554 613 648 651 ilignea
663 622 767 646 corona,
787 614 815 641 &-
828 610 979 647 chlamyde.
1006 610 1052 637 Dii
1066 609 1184 653 nostram
1197 610 1279 638 fidem
1296 614 1303 639 Ξ
1324 613 1454 647 Masurius
1466 624 1557 645 autem
1572 617 1680 647 Sabinu„-

91 657 119 686 in
139 665 179 684 11.
192 654 323 682 librorum
338 652 575 684 memorabilium,
596 651 702 679 civicam
714 660 828 678 coronam
843 657 902 679 tum
915 649 973 676 dari
986 647 1091 676 solitam
1107 648 1173 676 dicit
1185 669 1192 680 ,
1213 658 1276 676 cum
1290 651 1328 682 is,
1350 654 1396 689 qui
1409 654 1498 682 civem
1512 655 1677 691 servaverat,

89 694 186 723 eodem
202 700 341 729 tempore,
363 694 390 720 δε
404 690 509 719 hostem
525 691 674 722 occiderat,
695 698 780 726 neque
793 689 883 717 locum
899 688 970 728 inea
979 695 1069 725 pugna
1082 685 1238 724 reliquerat:
1258 687 1335 717 aliter
1347 690 1389 725 jus
1403 690 1482 719 civica
1495 702 1583 721 corona
1597 703 1678 733 negat

93 731 257 762 conceffum.
278 729 408 758 Tiberium
421 738 515 758 tamen
529 729 660 756 Caesarem
675 727 827 756 consultum
839 748 845 759 ‚
868 736 900 754 an
913 725 1016 754 civicam
1032 735 1145 752 coronam
1159 734 1254 762 capere
1271 727 1369 763 postet,
1390 730 1437 766 qui
1449 733 1538 759 civem
1552 733 1577 760 in
1585 734 1677 770 praelio

87 770 224 801 sei-vallet,
246 771 272 798 &
286 768 373 796 hostes
385 768 486 796 ibidem
500 768 567 795 duos
580 766 766 797 interfeciffet,
789 765 833 793 sed
847 765 939 805 locum
954 785 961 796 ,
982 764 1010 791 in
1024 773 1079 801 quo
1090 772 1237 801 pugnarat,
1256 775 1312 793 non
1327 767 1474 798 retinuisset
1487 791 1495 801 ,
1516 780 1602 808 eoque
1614 771 1677 800 loco

88 809 176 839 hostes
190 808 271 845 potiti
284 807 380 835 essent:
402 805 557 844 rescripsisse
570 806 651 837 dicit,
672 815 735 833 eum
749 813 857 841 quoque
867 813 945 831 civica
961 803 1074 840 dignum
1089 803 1174 831 videri
1189 813 1195 829 z
1216 804 1288 840 quod
1301 813 1439 841 appareret
1451 827 1460 838 ‚
1481 807 1495 835 e
1509 816 1565 836 tam
1583 811 1676 848 iniquo

85 848 150 877 loco
162 848 249 875 civem
265 846 298 874 ab
312 855 344 872 eo
358 845 491 873 servatum
505 865 512 876 ‚
533 851 563 871 ut
577 844 658 871 etiam
673 843 686 870 ὲ
701 843 807 870 fortiter
824 841 1002 879 pugnantibus
1022 841 1131 868 retineri
1150 850 1204 869 non
1219 842 1343 878 quiverit⁴
1382 847 1440 872 Hac
1452 854 1538 873 corona
1549 847 1626 876 ,tn-im
1641 850 1674 877 L,

87 885 189 914 Gellius
203 886 244 912 vir
255 883 388 911 censorius
401 883 428 909 in
441 881 532 909 senatu
543 882 686 908 Ciceronem
700 880 847 908 Consulem
861 880 956 908 donari
967 888 984 920 ‚e
1000 879 1134 915 republica
1145 879 1260 912 censuit,
1280 881 1353 918 quod
1366 882 1422 917 ejus
1435 892 1516 920 opera
1526 886 1589 914 ess'et
1602 895 1674 914 atro-

87 924 190 952 ciffima
200 922 244 949 illa
258 920 375 948 Catilina
386 919 522 955 coujuratio
535 920 654 950 dete&a‚
676 918 871 956 vindicataque.
898 917 1000 945 l’limus
1012 917 1081 945 libro
1100 920 1139 946 16.
1153 919 1240 955 capite
1252 928 1280 955 4.
1294 918 1398 947 civicam
1411 930 1525 950 coronam
1539 926 1566 952 Sc
1577 925 1674 952 murali

85 964 115 992 ὅτ,
126 961 228 991 vallari,
249 967 386 996 aureaeque
398 979 407 991 ‚
427 961 455 987 ὃς
469 959 584 987 rostratae
597 959 744 995 praeponit,
766 960 792 986 &
808 959 860 989 ait,
880 966 939 984 eam
954 957 1046 992 primo
1060 956 1171 994 ilignam
1186 956 1274 989 inisse,
1293 958 1384 994 postea
1399 961 1484 997 magis
1498 961 1622 997 placuiffe
1637 970 1672 991 ex

84 999 159 1035 efiulo
171 997 229 1032 Jovi
238 1000 312 1034 stum
326 1018 333 1029 ,
355 1007 396 1025 vai
403 998 541 1034 latumque
553 999 581 1026 ὃς
594 997 647 1025 hoc
660 1007 723 1025 cum
743 1005 843 1034 quercu
856 996 907 1023 esie
918 1016 926 1027 ,
947 1004 978 1023 ac
991 995 1082 1022 datam
1101 995 1200 1032 ubique
1220 1005 1276 1032 quae
1294 996 1382 1025 fuerat
1394 1018 1401 1029 ,
1423 999 1556 1028 custodito
1578 1008 1671 1029 tamen

83 1037 190 1067 honore
202 1037 313 1074 glandis.
335 1036 439 1064 Deinde
450 1036 524 1064 addit
538 1035 610 1074 leges
622 1036 656 1064 de
668 1045 755 1063 corona
766 1035 860 1066 civica,
881 1033 976 1071 quibus
991 1042 1021 1060 ea
1035 1033 1091 1061 dari
1107 1033 1214 1062 debeat:
1237 1034 1360 1072 Qique,
1382 1036 1484 1073 inquit,
1504 1038 1595 1074 patriae
1609 1049 1672 1067 mu-

84 1086 129 1105 ros
142 1077 245 1113 primus
258 1075 400 1106 scandens,
419 1075 562 1103 audentem
575 1075 724 1112 irrumpere
737 1073 848 1102 occidit.
876 1073 985 1109 Qique
996 1072 1076 1099 civem
1089 1071 1184 1100 maluit
1198 1071 1300 1100 servare
1312 1093 1320 1104 ‚
1341 1083 1422 1111 quam
1435 1073 1525 1112 hestem
1538 1078 1671 1106 occidere.

85 1117 180 1152 thue
194 1124 257 1142 eum
272 1114 363 1142 locum
380 1114 409 1141 in
422 1122 477 1151 quo
490 1113 522 1140 fit
536 1113 626 1141 astum
644 1114 778 1140 obtineret
795 1111 876 1139 hostis
897 1120 930 1139 eo
943 1111 993 1139 die.
1034 1111 1125 1147 thue
1144 1110 1261 1139 servatus
1283 1110 1396 1140 fateatur
1408 1133 1414 1143 ,
1435 1114 1496 1141 alias
1512 1115 1588 1143 testes
1603 1115 1669 1144 nihil

83 1153 208 1190 prosunt:
230 1155 269 1181 Ut
283 1154 349 1180 civis
362 1151 450 1179 fuerit.
487 1150 614 1182 Auxiliis‚
635 1151 759 1188 quamvis
775 1152 851 1187 Rege
864 1149 967 1177 servato
980 1170 987 1181 ‚
1007 1149 1086 1176 decus
1100 1150 1125 1177 id
1138 1159 1192 1177 non
1206 1151 1278 1177 dant.
1311 1151 1371 1178 Nec
1386 1151 1479 1180 crescit
1492 1152 1579 1181 honos
1594 1155 1669 1182 idem

74 1193 236 1226 ‘Imperatore
252 1190 409 1218 conservato
426 1211 433 1221 ‚
460 1190 587 1227 quoniam
609 1191 762 1218 concitores
782 1190 810 1216 in
831 1197 990 1225 quocunque
1013 1188 1071 1214 cive
1087 1187 1225 1216 ssimmum
1248 1187 1299 1215 effe
1316 1189 1464 1218 voluerunt.
1505 1194 1624 1230 Accepta
1639 1192 1671 1220 li-

83 1237 126 1258 cet
141 1231 180 1258 uti
194 1236 331 1266 perpetuo.
351 1229 442 1256 Ludos
453 1229 556 1256 ineunti
569 1227 674 1265 semper
686 1228 782 1265 assurgi
797 1228 879 1255 etiam
895 1226 909 1254 a
922 1227 1012 1254 senatu
1026 1227 1052 1252 in
1069 1235 1146 1254 more
1160 1227 1205 1253 est.
1235 1227 1349 1254 Sedendi
1361 1228 1403 1264 jus
1416 1229 1442 1256 in
1455 1231 1584 1265 proximo
1597 1230 1670 1259 sena-

82 1269 133 1297 tui.
153 1267 251 1294 Wtcatio
263 1267 535 1294 munerum-omnium
551 1267 740 1304 ipsi‚patrique
754 1270 780 1295 δε
794 1275 845 1294 avo
858 1273 980 1301 paterno.
1004 1265 1216 1300 Qatuordecim
1231 1274 1272 1292 eas
1286 1267 1390 1302 accepit
1404 1266 1512 1294 Sicinius
1525 1272 1670 1304 Dentatus,

83 1305 145 1338 &a
165 1306 200 1332 Et
213 1305 291 1341 paulo
304 1305 362 1342 post
376 1304 480 1341 fiibjicit
493 1315 498 1331 :
527 1306 552 1331 O
567 1315 658 1332 mores
673 1314 786 1333 aeternos
800 1325 806 1335 ‚
827 1304 873 1341 qui
887 1312 960 1331 tanta
975 1312 1056 1340 opera
1075 1302 1179 1331 honore
1196 1303 1251 1331 solo
1263 1303 1442 1332 donaverunt.
1482 1307 1515 1333 Et
1532 1316 1595 1334 cum
1609 1308 1670 1336 reli-

83 1352 148 1381 quas
160 1352 257 1370 coronas
267 1353 329 1370 auro
342 1344 566 1371 commendarent
577 1364 585 1375 ‚
605 1342 716 1371 salutem
736 1344 800 1371 civis
821 1344 848 1371 in
862 1343 949 1379 pretio
963 1343 1014 1370 esse
1027 1340 1161 1370 noluerint
1177 1352 1184 1369 ς
1205 1341 1273 1370 clara
1290 1342 1454 1379 professione
1467 1364 1474 1376 ‚
1494 1343 1591 1373 servari
1606 1347 1665 1384 qui-

82 1383 146 1411 dem
160 1381 303 1409 hominem
317 1380 390 1409 nefas
405 1381 456 1408 effe
467 1381 533 1408 lucri
546 1380 628 1409 causa.
653 1381 788 1410 Hactenus
807 1380 915 1408 Plimus.

120 1419 232 1446 Murnlr's
245 1420 282 1447 est
292 1429 378 1446 corona
390 1440 398 1450 ‚
419 1429 471 1456 qua
483 1420 597 1447 donatur
616 1419 647 1447 ab
661 1421 829 1456 Imperatore
842 1441 851 1451 ,
872 1419 918 1456 qui
936 1418 1040 1454 primus
1058 1428 1169 1447 murum
1189 1418 1268 1448 subiit
1280 1439 1287 1450 ,
1308 1419 1389 1456 inque
1402 1420 1534 1456 oppidum
1548 1421 1666 1451 hostium

81 1467 129 1496 per
142 1459 199 1486 vim
210 1457 335 1485 ascendit.
361 1458 463 1485 Iccirco
473 1457 542 1493 quali
557 1458 624 1484 muri
630 1456 716 1492 pinna
729 1459 853 1487 decorata
865 1458 909 1484 est.

122 1495 256 1534 Castrensis
269 1496 305 1523 est
317 1505 402 1522 corona
411 1516 417 1526 ,
440 1504 491 1532 qua
508 1496 589 1522 donat
604 1506 666 1523 eurn
683 1497 835 1534 Imperator
848 1497 894 1533 qui
907 1495 1011 1532 primus
1023 1494 1140 1523 hostium
1154 1496 1234 1524 castra
1245 1504 1364 1533 pugnans
1379 1497 1512 1524 introivit.
1536 1498 1574 1526 Ea
1587 1508 1666 1527 coro-

81 1544 116 1565 na
130 1534 230 1571 infigne
246 1534 305 1562 valli
318 1533 411 1565 habet,
431 1534 502 1561 unde
514 1533 618 1560 vallaris
633 1534 738 1562 dicitur.

121 1572 230 1598 Navalis
245 1574 281 1600 est
295 1593 301 1602 ,
323 1581 374 1608 qua
388 1572 482 1599 donati
502 1571 567 1599 solet
581 1573 720 1600 maritimo
734 1571 826 1609 praelio
837 1593 845 1604 ‚
865 1571 911 1607 qui
932 1572 1034 1607 primus
1053 1573 1080 1599 in
1097 1571 1213 1599 hostium
1235 1581 1331 1600 navem
1349 1572 1375 1599 vi
1390 1579 1507 1601 armatus
1520 1574 1669 1604 transilivit.

82 1609 119 1636 Ea
134 1609 204 1646 quali
217 1611 326 1637 navium
340 1611 430 1636 rostris
441 1609 563 1646 'insignita
574 1611 619 1637 est.
638 1611 672 1638 Et
683 1610 790 1637 muralis
800 1618 890 1638 autem
899 1630 906 1641 ‚
926 1608 1050 1648 castrensi:
1063 1612 1090 1638 &
1103 1610 1206 1637 navalia
1226 1611 1282 1638 fieri
1295 1620 1326 1638 ex
1340 1620 1406 1638 auro
1418 1611 1510 1640 solent.
1530 1613 1572 1641 De
1579 1613 1668 1643 navali

80 1656 166 1676 corona
179 1648 269 1684 postca
282 1648 332 1675 erit
345 1648 499 1675 dicendum.
527 1650 631 1675 Harum
645 1657 808 1676 coronarum
821 1649 912 1677 icones
928 1648 956 1675 in
973 1647 1107 1675 veteribus
1122 1651 1243 1677 nummis
1256 1648 1465 1686 conspiciuntur.

707 1719 732 1746 C
755 1727 770 1745 Α
796 1727 820 1744 r.
864 1717 1029 1745 XXVIII.

289 1771 341 1804 De
350 1773 484 1820 praemiis
501 1773 745 1821 Imperatorum,
772 1771 1011 1820 supplicatione,
1038 1772 1222 1821 triumphis,
1252 1776 1288 1813 (ῤ’
1306 1774 1456 1807 ovatione.

79 1842 174 1906 DE
190 1840 312 1878 premiis,
331 1842 426 1879 quibus
439 1843 537 1872 milites
556 1843 591 1871 ob
606 1845 713 1881 egregia
726 1842 843 1871 facinora
860 1843 946 1870 ornati
960 1842 1068 1873 fuerunt
1086 1843 1212 1872 haetenus
1234 1844 1367 1873 diximus:
1389 1843 1518 1882 sequitur,
1538 1854 1567 1873 ut
1582 1846 1615 1874 de
1632 1848 1664 1876 iis

171 1883 252 1909 etiam
262 1900 268 1911 .
289 1890 347 1918 quae
359 1881 551 1916 Imperatoribus
563 1883 699 1920 proposita
711 1881 834 1910 suerunt,
854 1890 974 1918 agamus.
1009 1883 1064 1919 Qii
1078 1892 1144 1920 ergo
1157 1884 1304 1919 imperium
1319 1883 1391 1910 recte
1406 1892 1436 1909 a„
1452 1883 1564 1911 feliciter
1577 1886 1663 1914 admi-

39 1923 41 1925 ’
80 1920 236 1950 nistrarunt,
259 1920 290 1946 iis
304 1919 377 1951 haec,
396 1929 453 1956 quae
468 1921 587 1948 maxima
601 1921 669 1957 apud
689 1930 734 1948 eos
747 1919 837 1947 habita
848 1919 922 1950 sunt,
943 1920 1041 1947 decora
1053 1929 1207 1956 patuerunt:
1228 1920 1328 1948 absenti
1341 1930 1443 1948 nomen
1457 1923 1614 1955 Imperatoris
1633 1926 1661 1953 ὃς

28 1990 32 1993 ι
72 1956 233 1994 ffippltcatiffi
254 1956 375 1993 praesenti
388 1958 536 1992 triumphus.
573 1960 615 1986 De
629 1959 741 1986 nomine
754 1960 914 1992 Imperatoris
926 1957 1045 1984 diximus
1062 1958 1138 1994 supra
1150 1979 1156 1989 ,
1177 1960 1263 1995 capite
1277 1961 1301 1985 6.
1323 1958 1470 1992 supplicatio
1487 1959 1574 1988 honos
1594 1962 1662 1994 tuit,

79 1998 125 2034 qui
141 2005 190 2023 una
202 2005 264 2023 cum
280 1996 454 2031 Imperatoris
467 1998 580 2024 nomine
594 1997 785 2024 decernebatur
799 1994 889 2022 vic-'hri
900 2016 907 2025 ,
934 2003 1033 2031 nempe
1048 2005 1110 2023 cum
1124 1997 1225 2024 :enatus
1237 1996 1337 2033 populo
1351 1996 1433 2024 desim
1450 1998 1550 2034 templa
1563 2001 1659 2036 aperiri

79 2044 112 2064 ac
129 2034 227 2071 gratias
247 2034 295 2060 diis
316 2033 472 2068 Imperatoris
491 2036 603 2063 nomine
623 2035 665 2072 agi
684 2033 802 2071 jubebat.
842 2034 904 2060 Erat
924 2033 997 2060 enim
1019 2035 1120 2065 moris,
1149 2043 1177 2062 ut
1199 2035 1317 2069 Consules
1331 2056 1338 2065 ‚
1369 2035 1409 2062 vel
1424 2044 1541 2070 pretores
1554 2058 1562 2071 ‚
1589 2040 1659 2075 post.

79 2083 161 2111 quam
182 2071 195 2099 ἐι
216 2071 344 2099 militibus
362 2073 483 2110 appellati
502 2076 665 2108 Imperatores
685 2073 789 2100 fuerant
803 2092 810 2104 ,
842 2071 950 2099 lictores
970 2071 1099 2100 laureatos
1119 2072 1293 2109 praeferrent,
1326 2072 1465 2111 literasque
1483 2076 1515 2103 ad
1535 2075 1658 2105 senatum

76 2111 206 2141 laureatas
219 2111 252 2138 de
267 2120 296 2137 re
307 2111 377 2146 gesta
393 2112 534 2139 mitterent
549 2133 556 2144 ‚
578 2112 672 2149 quibus
688 2109 847 2146 Imperatoris
858 2119 960 2137 nomen
975 2111 1199 2146 aeficpplicasioues
1215 2112 1228 2138 ii
1244 2110 1334 2138 senatu
1347 2113 1518 2149 postularent.
1557 2115 1588 2142 In
1608 2114 1659 2144 hac

76 2158 168 2179 autern
180 2148 368 2183 Jicpplicationis
385 2159 486 2186 pompa
498 2171 504 2181 ,
532 2160 589 2188 qua:
610 2149 671 2178 altas
689 2149 794 2186 plui-es,
820 2148 880 2176 alias
898 2149 1035 2185 pauciores
1055 2151 1110 2177 dies
1130 2149 1353 2181 continuabatur,
1374 2152 1481 2185 senatus
1500 2152 1532 2180 ad
1558 2154 1658 2190 templa

77 2189 192 2216 deorum
207 2188 349 2215 iblenniter
361 2186 386 2215 se
400 2188 568 2222 conferebat,
588 2190 677 2226 ibique
689 2187 850 2216 sacrificabat
865 2208 872 2219 ‚
901 2190 927 2215 ὅ(
940 2187 1021 2215 dabat
1034 2189 1061 2215 in
1076 2189 1183 2225 templis
1199 2187 1317 2223 epulum.
1355 2190 1453 2217 Omnis
1468 2198 1557 2218 autem
1571 2200 1658 2228 popu-

78 2227 117 2255 lus
133 2225 227 2263 agebat
240 2227 296 2254 dies
309 2225 386 2254 festos
398 2247 406 2258 ,
428 2229 453 2255 δε
470 2227 564 2264 agebat
577 2228 627 2256 diis
641 2227 738 2265 graiias
760 2235 810 2262 pro
831 2226 875 2262 spe
890 2226 1008 2253 victoriae
1021 2246 1027 2257 ‚
1048 2236 1105 2264 quac
1119 2227 1263 2264 astulgebat
1275 2247 1281 2257 ,
1304 2228 1330 2255 δε
1343 2236 1406 2256 vota
1419 2227 1553 2261 faciebat,
1574 2239 1603 2259 ut
1618 2230 1656 2258 dii

76 2265 130 2293 hoc
150 2265 236 2292 modo
256 2264 370 2300 placati,
395 2266 465 2302 quod
484 2266 653 2294 ostenderant
671 2265 844 2296 beneficium,
864 2265 1031 2300 perficerent.
1063 2267 1195 2300 Quamvis
1214 2274 1303 2293 autem
1322 2266 1417 2301 primis
1437 2267 1607 2303 temporibus
1627 2269 1657 2296 in

63 2313 162 2332 -unum
183 2303 349 2339 alterumque
370 2303 442 2331 diem
454 2303 600 2338 supplicatio
618 2314 687 2342 aegre
706 2303 896 2331 decernebatur
911 2323 918 2334 ,
947 2311 1039 2330 tamen
1057 2304 1090 2331 ad
1110 2305 1275 2339 postremum
1297 2313 1329 2330 eo
1341 2305 1476 2342 progress'a
1490 2315 1531 2332 res
1552 2306 1604 2338 est,
1625 2312 1656 2333 ut

77 2343 160 2370 etiam
173 2344 200 2370 in
215 2341 406 2378 quinquaginta
422 2342 534 2369 decretae
546 2342 604 2371 fint.
637 2342 774 2378 Siquidem
788 2345 827 2368 M.
839 2340 951 2372 Valerio,
973 2343 1000 2368 ἃ
1013 2345 1054 2367 M.
1067 2342 1176 2368 Horatio
1191 2341 1365 2373 Conihlibus‚
1385 2352 1456 2370 anno
1469 2344 1549 2371 Urbis
1562 2353 1657 2372 ccciv.

74 2381 188 2411 devietis
206 2379 307 2407 Sabinis
325 2380 471 2415 Jizpplicatio
497 2381 525 2408 in
543 2390 627 2408 unum
646 2381 718 2409 diem
739 2380 845 2408 decreta
871 2379 930 2406 est:
965 2379 1080 2408 Camillo
1106 2381 1181 2417 Vejis
1208 2381 1291 2416 captis
1315 2380 1344 2408 iii
1363 2382 1534 2418 quatriduum
1549 2402 1557 2413 ‚
1590 2389 1658 2448 quot

1613 2429 1651 2448 ie·
