2075 2734
401 117 454 150 726
679 104 1506 142 ANT1QU1TATUMR0MANARUM
1549 102 1682 130 Linx.

400 166 470 192 hunc
484 163 598 191 modum
613 158 723 189 arzilerias
743 158 853 186 Maxim.
867 157 911 185 lib.
928 167 954 186 2.
975 165 1034 193 cap.
1052 167 1075 194 3.
1097 155 1218 185 Velitum
1233 155 1292 184 usus
1313 165 1346 183 eo
1359 154 1429 182 bello
1443 155 1564 190 primum
1581 161 1700 190 repertus
1718 152 1754 181 est
1767 173 1775 185 ‚
1795 161 1849 190 quo
1863 154 1984 191 Capuam

402 201 508 229 Fulvius
530 201 629 228 Flaccus
650 201 801 236 Imperator
815 195 927 224 obsedit.
971 197 1044 223 Nam
1061 203 1124 222 cum
1146 195 1274 231 equitatui
1295 195 1498 230 Campanorum
1518 191 1617 220 crebris
1638 191 1863 220 excursationibus
1882 194 1984 230 equites

402 241 500 271 nostri,
521 240 580 276 quia
591 247 706 266 numero
720 236 856 272 pauciores
870 241 958 265 erant,
980 233 1096 261 resistere
1112 243 1167 261 non
1182 233 1301 269 possent,
1322 231 1474 270 QlNaevius
1485 240 1609 262 centurio,
1630 229 1644 258 ὲ
1658 230 1790 266 peditibus
1804 230 1887 258 le&os
1905 241 1987 268 expe-

403 279 452 306 diti
466 278 598 314 corporis,
619 274 742 302 brevibus
758 275 783 302 ἃ
798 273 914 300 incurvis
927 272 1042 309 septenis
1054 280 1172 300 armatos
1185 271 1277 301 hastis,
1298 280 1381 306 parvo
1394 271 1517 307 tegmine
1533 270 1668 299 munitos,
1690 268 1777 296 veloci
1791 267 1856 296 saltu
1869 269 1986 308 jungere

402 316 429 344 se
443 316 574 353 equitibus
587 317 612 343 δε
628 312 713 340 rursus
728 311 806 340 celeri
822 319 900 339 motu
913 310 993 339 dilabi
1006 311 1119 338 instituit
1134 331 1141 341 ,
1164 319 1217 346 quo
1232 309 1333 338 facilius
1353 309 1465 346 equestri
1482 307 1573 345 praelio
1588 306 1700 344 subjeEii
1715 307 1832 343 pedites,
1853 308 1926 336 viros
1936 318 1984 345 pa-

402 356 482 385 riter,
502 362 580 390 atque
595 361 676 389 equos
690 350 805 377 hostium
820 349 880 378 telis
895 349 1060 378 incesserent.
1102 349 1192 385 anue
1206 349 1309 375 novitas
1323 356 1418 385 pugnae
1431 347 1539 374 unicum
1555 350 1686 380 Campana
1706 345 1822 382 perfidiae
1833 345 1983 376 debilitavit

404 392 541 420 auxilium.
564 391 680 426 Ideoque
696 387 799 416 authori
814 388 870 424 ejus
883 391 920 414 Na
929 387 968 415 vio
981 387 1066 415 adhuc
1081 386 1166 414 honos
1180 387 1216 414 est
1229 385 1341 414 habitus.
1368 385 1503 413 Hastenus
1521 384 1642 412 Valerius.

444 431 492 457 His
505 428 647 456 adultiores
661 428 697 454 ait
712 425 825 463 Polybius
838 427 901 463 eligi
913 424 1034 463 hlfiatos,
1054 433 1131 454 aetate
1145 424 1283 453 acrobore
1298 424 1488 460 praestantiores
1494 422 1632 458 principes.-
1651 428 1714 450 natu
1729 421 1863 449 maximos
1875 422 1987 452 triarios.

404 466 493 495 Pilam'
507 467 585 497 dieti,
606 466 652 503 qui
672 464 730 501 pilis
750 464 903 493 utebantur.
946 463 1066 500 Hastati,
1087 465 1132 500 qui
1147 465 1230 500 primi
1243 462 1319 490 hastis
1332 462 1482 489 utebantur.
1522 461 1648 496 Principes
1661 482 1669 493 ‚
1689 460 1735 496 qui
1748 460 1762 487 a
1780 461 1913 497 principio
1930 461 1988 498 gla-

406 507 470 537 diis,
492 507 518 533 ὃς
535 505 591 541 post
605 511 774 532 commutata
793 513 822 531 re
844 503 954 531 militari
977 504 1065 530 minus
1085 501 1195 530 illustres
1215 501 1365 529 sumuntur.
1404 498 1501 527 Triarii
1521 500 1603 533 dieti,
1623 500 1669 537 qui
1684 498 1711 526 in
1725 499 1780 526 acie
1794 500 1875 527 tertio
1890 501 1986 528 ordine
2007 518 2011 520 -
2051 505 2059 510 ‘

403 544 531 572 extremis
546 543 658 571 subsidio
672 541 883 578 deponebantur,
923 543 1005 569 Erant
1021 543 1047 569 &
1061 541 1115 568 aliae
1127 541 1244 568 militum
1259 538 1458 576 appellationes.
1500 538 1620 574 Qidam
1634 538 1707 567 enim
1727 536 1884 565 dicebantur
1896 537 1988 573 aaftri-

398 581 488 617 ptitii,
509 581 619 618 quidam
635 579 738 619 accensi,
760 581 869 617 quidam
878 579 1028 616 ferentarii,
1048 580 1156 616 quidam
1171 577 1272 606 rorarii.
1316 579 1381 605 Sunt
1395 585 1488 606 tamen
1503 577 1548 613 qui
1561 576 1610 604 hos
1625 576 1734 604 eosdem
1748 575 1800 602 effe
1813 575 1937 609 censent,
1958 579 1986 606 δε

403 619 567 655 adscriptitios
582 621 693 657 quidem
708 619 775 650 dici,
795 619 867 656 quod
881 618 1030 656 supplendis
1044 617 1191 655 legionibus
1206 617 1430 644 adscriberentur:
1449 615 1568 649 accensos,
1588 616 1660 652 quod
1675 615 1707 642 ad
1722 612 1830 642 censum
1845 615 1986 651 legionum

405 659 487 686 ess‘ent
502 659 585 686 additi
599 669 604 685 z
619 656 820 695 jb›·ent.zriofi{ue
835 658 906 693 quod
926 657 1014 684 fundis
1029 658 1055 684 δε
1068 656 1196 692 lapidibus
1210 655 1353 692 pugnaturi
1366 674 1373 685 ‚
1401 663 1431 681 ea
1444 654 1529 681 modo
1545 652 1646 681 ferrent
1659 674 1666 684 ‚
1693 652 1793 692 ςυρε-ᾗη
1805 651 1893 680 hostes
1907 654 1988 688 ejice-

406 705 477 725 rent:
499 696 606 724 rorarios
621 697 718 726 etiam,
739 695 812 732 quod
827 694 899 723 velut
915 703 976 722 ante
989 694 1108 730 praeliurn
1123 694 1222 730 justum
1242 701 1362 721 rorantes
1375 693 1547 720 dimicarent.
1565 692 1607 719 De
1619 691 1781 725 afflripmm
1795 690 1838 717 vel
1851 690 1989 728 adscripti-

407 737 446 764 vis
460 738 537 763 Varro
551 735 596 762 lib.
607 739 632 763 6.
647 735 680 763 de
693 734 759 771 ling.
774 734 861 761 Latin.
887 732 1037 768 Adsit-iptivi
1054 733 1132 762 dieti,
1153 733 1198 770 qui
1212 732 1278 759 olim
1292 730 1507 759 adscribebantur
1521 751 1528 762 ‚
1549 730 1683 761 inermes,
1704 729 1750 765 qui
1764 726 1935 756 succederent
1948 739 1989 757 ar-

409 775 489 801 matis
506 773 635 801 militibus
651 793 658 805 ‚
681 773 707 800 id
721 774 757 799 est
771 792 777 803 ‚
799 771 818 799 sl
833 773 890 808 quis
907 781 1000 799 eornm
1016 771 1156 807 deperisset
1169 781 1174 797 :
1196 772 1272 798 Idem
1288 769 1332 798 lib.
1350 781 1373 807 3.
1391 770 1425 797 de
1440 769 1494 797 vita
1505 768 1597 804 populi
1611 767 1731 795 Romani
1745 776 1751 793 z
1772 766 1815 792 De
1828 766 1989 802 aafshriptivis

408 821 472 840 cum
487 818 561 840 erant
583 811 705 841 attributi
723 809 894 837 decurionibus
907 831 914 842 ,
936 812 962 838 ὃς
982 808 1164 836 centurionibus
1177 830 1183 839 ‚
1206 810 1251 846 qui
1267 818 1361 835 eorum
1376 807 1503 836 haberent
1521 816 1667 834 numerum
1682 826 1689 838 ‚
1710 802 1804 842 acceefi
1818 805 1990 833 vocabantur.

407 850 526 878 Eosdem
542 850 623 877 etiam
639 849 749 886 quidam
765 848 896 876 vocabant
907 848 1062 884 jerentarios
1076 869 1082 879 ‚
1104 849 1150 885 qui
1163 847 1351 884 depugnabant
1364 846 1459 884 pugnis
1480 848 1507 874 δε
1522 845 1671 882 lapidibus,
1700 844 1731 872 iis
1743 843 1826 871 armis
1837 863 1845 875 ‚
1866 853 1923 881 quae
1936 844 1989 872 fer.

407 896 515 919 rentur,
536 897 590 915 non
605 897 662 924 quae
675 895 838 915 tenerentur.

448 928 491 954 De
497 925 645 962 ferentariis
659 926 746 954 Festus
755 936 763 952 ε
783 924 927 951 ferentarii
939 925 1106 953 auxiliatores
1120 925 1148 951 in
1162 923 1234 952 bello
1244 945 1250 955 ,
1272 923 1286 950 a
1303 923 1415 951 ferendo
1429 921 1527 951 auxilio
1540 921 1606 950 diCti
1618 941 1626 953 ,
1647 919 1689 949 vel
1704 921 1765 958 qnia
1776 919 1865 948 fundis
1880 922 1908 949 &
1924 919 1991 956 lapi-

408 964 485 993 dibus
499 965 652 1002 pugnabant
665 985 673 996 ,
698 973 756 1000 quae
769 962 822 990 tela
836 963 974 997 feruntur,
996 974 1050 990 non
1065 971 1190 990 tenentur
1204 984 1209 988 .
1232 963 1268 989 ita
1282 962 1405 999 appellati
1417 974 1423 989 ι
1439 961 1576 996 ferentarii
1588 959 1652 987 levis
1665 967 1806 987 armaturae
1818 965 1990 995 pugnatores.

406 1003 483 1030 Idem
498 1003 532 1030 de
546 1002 659 1032 romulis,
679 1000 792 1028 Rotarios
807 1001 907 1028 milites
923 1002 1067 1032 vocabant,
1090 1001 1163 1038 quod
1178 1009 1206 1028 ut
1217 1008 1279 1028 ante
1291 1001 1410 1027 imbrem
1425 1000 1480 1027 fere
1493 1008 1583 1029 rorare
1599 997 1682 1025 lolet:
1701 997 1737 1025 fic
1750 996 1788 1024 illi
1803 1004 1866 1025 ante
1873 1005 1987 1034 gravem

407 1049 571 1069 armaturam
581 1061 588 1072 ,
608 1041 680 1077 quod
692 1038 850 1075 prodibant,
869 1049 959 1066 rorarii
973 1040 1047 1067 dieti.

446 1079 598 1106 funditores
612 1085 701 1109 erant,
722 1078 766 1114 qui
776 1076 868 1104 ‘fundis
884 1078 988 1114 magnis
1003 1077 1177 1105 dimicabant.

445 1115 586 1151 Duplicarii
600 1116 707 1148 milites,
728 1115 821 1151 quibus
835 1115 870 1142 ob
883 1117 1012 1143 virtutem
1029 1116 1142 1151 duplicia
1157 1114 1253 1143 cibaria
1264 1122 1293 1142 ut
1308 1114 1448 1141 darentur,
1469 1113 1631 1142 institutum.

409 1168 415 1169 κ
446 1154 545 1182 Volones
558 1155 622 1183 dieti
636 1154 694 1182 sunt
713 1153 825 1184 milites,
848 1154 892 1190 qui
904 1154 962 1190 post
973 1153 1142 1182 Cannensem
1156 1153 1260 1181 cladem
1277 1153 1360 1189 usque
1372 1152 1405 1179 ad
1419 1151 1484 1179 οίὶο
1499 1150 1594 1183 millia,
1617 1159 1681 1178 cum
1695 1149 1777 1178 effent
1791 1149 1874 1184 servi,
1895 1151 1989 1181 volun.
2019 1161 2023 1166 ·
2052 1138 2054 1143 ³

405 1193 473 1221 tarie
487 1193 512 1221 se
527 1193 558 1221 ad
576 1193 701 1221 militiam
718 1191 882 1219 obtulerunt.

448 1232 479 1258 In
494 1231 627 1259 veteribus
641 1231 758 1267 lapidum
774 1229 989 1265 inscriptionibus
1005 1230 1109 1258 mentio
1126 1236 1198 1258 extat
1213 1229 1333 1258 militum
1347 1228 1542 1264 primanorum,
1559 1227 1760 1263 fteundanorum
1775 1247 1784 1261 ,
1803 1226 1988 1258 tertianorum.

409 1268 471 1301 &a
491 1278 548 1306 quae
564 1270 675 1296 nomina
689 1269 789 1296 tributa
802 1267 854 1295 illis
868 1268 926 1296 lunt
944 1269 956 1295 a
970 1278 1086 1295 numero
1101 1268 1238 1305 legionum
1255 1290 1262 1300 ‚
1284 1270 1311 1295 in
1325 1267 1418 1305 quibus
1432 1267 1590 1294 militarunt.

446 1306 635 1345 Defig71ifi>t¹is‚
655 1305 808 1346 aquiliferis,
828 1305 1000 1338 draconariis,
1020 1308 1065 1344 qui
1078 1306 1163 1344 signa,
1183 1306 1314 1344 aquilam,
1335 1307 1465 1334 dracones
1478 1305 1506 1332 in
1521 1305 1618 1333 militia
1630 1303 1779 1341 gestarunt,
1799 1313 1854 1331 non
1868 1313 1936 1341 opus
1949 1305 1987 1332 est

406 1353 437 1374 ut
451 1347 536 1374 multa
547 1347 646 1373 dicam.
1798 1372 1802 1374 .

449 1382 581 1420 Teffi’rarii
594 1384 659 1411 dieti
669 1405 676 1415 ,
697 1384 743 1421 qui
756 1382 877 1411 tesseram
892 1392 940 1420 per
952 1382 1127 1411 contubernia
1141 1383 1259 1411 militum
1282 1381 1450 1411 nuntiabant.
1489 1386 1628 1409 Mentores
1641 1401 1649 1414 ,
1670 1380 1716 1417 qui
1729 1381 1907 1417 praecedentes
1920 1401 1929 1415 ‚
1951 1381 1991 1409 lo-

409 1431 472 1451 cum
489 1422 591 1459 eligunt
603 1423 699 1449 castris.
729 1422 853 1455 Mensores
867 1442 875 1452 ‚
895 1422 939 1458 qui
953 1422 979 1449 in
993 1423 1081 1450 castris
1094 1423 1125 1449 ad
1140 1421 1297 1459 podismum
1311 1422 1495 1449 demetiuntur
1508 1420 1568 1448 loca
1580 1440 1588 1453 ,
1608 1421 1636 1447 in
1650 1420 1744 1457 quibus
1756 1420 1873 1447 tentoria
1889 1420 1990 1448 milites

409 1461 510 1498 figant,
531 1460 573 1487 vel
588 1461 633 1497 qui
648 1460 762 1496 hospitia
775 1459 802 1486 in
817 1460 967 1487 civitatibus
981 1461 1111 1495 praestant.

452 1499 571 1526 Militum
586 1498 701 1525 ministri
716 1500 742 1525 &
758 1497 825 1524 servi
840 1506 913 1524 erant
927 1498 1021 1524 calones
1036 1500 1061 1526 ὃς
1074 1498 1138 1524 lixa.
1177 1499 1220 1524 De
1234 1497 1352 1534 utrisque
1369 1495 1466 1533 Festus:
1486 1495 1591 1522 Calones
1604 1495 1722 1523 militum
1738 1495 1805 1522 servi
1820 1495 1886 1522 dieti
1898 1516 1905 1527 ‚
1927 1496 1988 1531 quia

408 1535 508 1573 ligneas
522 1535 607 1563 clavas
619 1536 760 1572 gerebant,
782 1544 839 1571 quae
853 1536 940 1562 Graeci
954 1542 1016 1563 aazia
1031 1543 1134 1562 vocant.
1173 1539 1242 1561 tha
1255 1556 1261 1565 ,
1283 1535 1326 1572 qui
1340 1535 1488 1562 exercitum
1503 1533 1647 1569 sequuntur
1660 1534 1769 1570 quaestus
1782 1534 1865 1569 gratia
1880 1554 1887 1564 ,
1907 1533 1987 1565 dieti,

412 1575 484 1611 quod
501 1581 574 1601 extra
587 1575 710 1601 ordinem
726 1573 775 1600 fint
790 1573 892 1600 militiae
907 1593 913 1603 ,
933 1574 1020 1611 eilque
1041 1573 1119 1601 liceat
1134 1594 1141 1605 ‚
1161 1575 1233 1609 qnod
1252 1572 1368 1601 libuerit.
1409 1576 1505 1599 Nonius
1527 1572 1662 1597 Marcellus
1673 1583 1680 1597 :
1702 1575 1826 1597 Lixmwn
1841 1573 1991 1607 proprietas

409 1612 465 1639 haec
476 1613 512 1639 est
525 1613 597 1648 quod
611 1612 732 1639 officium
747 1611 887 1639 sustineant
900 1612 1028 1640 militibus
1042 1620 1114 1648 aquae
1129 1610 1263 1639 vehendae.
1288 1615 1384 1638 Lixum
1397 1619 1515 1647 namque
1528 1617 1628 1636 veteres
1641 1619 1737 1647 aquam
1751 1617 1923 1637 vocaverunt.
1939 1613 1991 1636 Ca-

410 1650 616 1716 lo7i’2umhqtgque
629 1651 776 1688 proprietas
790 1648 844 1678 haec
856 1649 980 1683 habetur,
1003 1651 1075 1687 quod
1089 1650 1160 1686 ligna
1175 1649 1304 1677 militibus
1317 1649 1522 1677 iubminissrent.
1545 1649 1631 1684 Atque
1645 1648 1678 1676 de
1694 1648 1771 1675 variis
1784 1647 1905 1676 militum
1918 1647 1990 1676 ordi-

411 1698 437 1717 ni
459 1698 488 1717 us
520 1697 533 1716 a
563 1698 637 1717 enus.

1114 1765 1220 1793 Can.
1259 1766 1296 1793 X.

882 1835 936 1868 De
951 1835 1054 1868 variis
1073 1847 1229 1869 armorum
1245 1833 1508 1884 appellationibus.

414 1924 506 1985 DE
528 1923 606 1950 variis
621 1921 740 1949 militum
755 1920 892 1949 ordinibus
905 1922 1023 1950 diximus
1037 1943 1045 1954 ,
1072 1922 1168 1950 restant
1182 1921 1259 1949 nobis
1274 1921 1429 1957 explicanda
1440 1920 1559 1959 ipsorum
1574 1929 1658 1950 arma.
1699 1921 1765 1949 Non
1779 1930 1875 1950 omnes
1890 1921 1989 1951 eodem

503 1971 641 1989 armorum
657 1969 755 1998 genere
769 1960 924 1992 utebantur,
946 1960 989 1988 sed
1003 1969 1084 1997 prout
1097 1961 1191 1988 diversi
1203 1960 1322 1987 militum
1337 1961 1444 1988 ordines
1458 1968 1533 1988 erant
1542 1980 1549 1990 ,
1569 1960 1606 1987 ita
1617 1960 1701 1986 etiam
1714 1959 1815 1988 diversa
1829 1970 1924 1988 eorum
1935 1961 1991 1989 fue-

415 1996 478 2028 fflnt
489 2009 570 2027 arma.
598 2001 658 2035 Qa
670 2001 702 2027 de
717 2008 744 2026 re
761 1998 887 2037 Polybium
902 1998 948 2028 lib.
961 2002 986 2026 6.
998 1998 1155 2036 loquentem
1171 1999 1309 2026 audiemus
1323 2009 1328 2025 :
1349 2001 1423 2026 Natu
1437 1999 1562 2029 minimi,
1582 1998 1682 2034 inquit,
1702 2008 1770 2035 quos
1783 1997 1873 2026 veliter
1887 1999 1993 2034 &pila-

416 2046 459 2063 nos
472 2037 649 2074 appellarunt,
670 2037 797 2073 jubentur
812 2038 912 2075 gestare
920 2036 1055 2075 gladium,
1070 2037 1140 2072 pila,
1154 2047 1334 2076 parmamque.
1361 2042 1458 2065 Parma
1476 2046 1536 2065 tum
1551 2036 1709 2065 firmitatem
1724 2037 1802 2065 habet
1816 2037 1851 2064 ob
1873 2038 1986 2065 structu-

416 2083 489 2103 ram.
510 2083 569 2103 tum
588 2076 817 2113 magnitudinem,
838 2085 894 2112 quae
908 2076 1020 2104 tutando
1034 2077 1064 2104 sit
1077 2077 1186 2113 corpori
1201 2075 1269 2104 satis.
1313 2077 1386 2103 Nam
1401 2076 1516 2104 rotunda
1532 2084 1595 2102 cum
1609 2075 1655 2107 lit,
1676 2075 1835 2112 tripedalem
1843 2075 1924 2104 habet
1935 2077 1992 2104 dia-

414 2121 532 2140 metron.
571 2114 721 2140 Adormtur
733 2120 859 2149 practerea
873 2115 947 2142 miles
957 2136 964 2146 ,
989 2117 1015 2142 ἃ
1030 2114 1143 2151 fimplici
1161 2114 1248 2150 caffide
1263 2135 1270 2146 ‚
1291 2115 1317 2142 &
1335 2113 1387 2148 lupi
1394 2115 1485 2148 pellem
1499 2113 1644 2149 imponunt
1659 2134 1666 2145 ‚
1686 2121 1731 2141 aut
1744 2113 1878 2151 ejusmodi
1891 2114 1991 2151 aliquid

416 2151 489 2187 quod
504 2151 719 2186 integumentum
733 2153 848 2187 pariter,
869 2152 1021 2190 infigneque
1037 2152 1068 2180 fit
1081 2173 1088 2185 ,
1107 2162 1138 2181 ut
1152 2153 1178 2180 in
1193 2152 1283 2188 praelio
1296 2152 1355 2179 suos
1370 2154 1468 2188 quique
1481 2153 1614 2188 principes
1629 2152 1743 2184 strenue,
1765 2161 1809 2180 aut
1822 2153 1954 2189 ignaviter
1966 2151 1993 2180 se

414 2195 553 2225 gerenteS,
574 2188 653 2216 latere
666 2198 720 2215 non
735 2190 840 2225 poliint.
881 2191 934 2217 Pili
948 2192 1028 2218 telum
1038 2191 1142 2228 lignum
1156 2191 1233 2218 habet
1247 2190 1414 2226 longitudine
1425 2190 1584 2228 plerumque
1597 2190 1747 2221 bicubnali,
1768 2191 1935 2218 craffitudine
1948 2191 1989 2218 di-

415 2226 504 2263 gitali,
525 2224 654 2261 spiculum
670 2228 745 2254 unius
756 2227 891 2264 spithamae
905 2229 958 2256 five
973 2229 1057 2265 palmi
1074 2230 1184 2265 majoris
1196 2250 1203 2261 ,
1224 2238 1256 2256 eo
1271 2228 1351 2265 usqne
1364 2236 1531 2256 attenuatum
1548 2231 1573 2258 &
1588 2237 1696 2256 acutum
1712 2250 1721 2261 ‚
1747 2235 1777 2257 ut
1791 2238 1857 2256 mox
1868 2230 1990 2266 primum

414 2265 474 2301 post
488 2264 572 2291 iCtum
587 2265 728 2291 necessario
744 2266 881 2298 flechtur,
901 2267 984 2305 litque
998 2267 1113 2296 inhabile
1127 2268 1159 2295 ad
1172 2268 1382 2295 remittendum:
1403 2267 1502 2304 alioqui
1516 2276 1666 2295 commune
1678 2267 1753 2295 fieret
1764 2267 1859 2294 telum.

457 2303 511 2330 Eos
523 2305 568 2339 qui
582 2302 707 2338 deinceps
719 2302 766 2330 hos
779 2313 854 2332 actare
866 2307 1013 2337 excedunt,
1034 2306 1177 2349 lmstatique
1190 2306 1368 2342 appellantur,
1389 2314 1554 2334 armaturam
1571 2305 1641 2332 ferre
1654 2305 1757 2342 jubent.
1778 2306 1822 2332 Est
1835 2313 1923 2333 autem
1933 2305 1990 2331 Ro-

415 2349 495 2369 mana
508 2349 641 2368 armatura
654 2341 773 2377 primum
786 2341 845 2369 sane
860 2342 963 2371 scutum
978 2349 1069 2379 θυρεὸν,
1093 2355 1168 2382 cujus
1182 2345 1295 2372 latitudo
1309 2354 1394 2372 curvae
1413 2343 1562 2381 superficiei
1574 2344 1673 2381 pedum
1688 2344 1804 2372 duorum
1820 2343 1912 2374 semis,
1932 2341 1992 2369 lon-

415 2380 510 2417 gitudo
523 2379 623 2416 pedum
636 2386 750 2417 quatuor
763 2380 861 2417 majori
875 2381 958 2411 additi
969 2382 1084 2423 amplius
1101 2390 1215 2422 quatuor
1227 2383 1322 2422 digiti,
1343 2381 1444 2421 duplici
1457 2382 1575 2413 tabulato
1587 2403 1596 2416 ,
1615 2382 1721 2420 glutino
1734 2381 1838 2410 taurino
1850 2400 1859 2413 ,
1877 2379 1992 2423 linteolo

1948 2427 1990 2446 m-
