2075 2734
396 120 450 155 478
689 115 1130 148 AuertiirAruM
1171 115 1511 145 Romiuanum
1552 119 1695 150 Lrn.v1‚

397 169 487 204 legem
502 164 624 194 annalem
634 184 640 195 ‚
660 170 691 191 ut
703 170 809 191 aetatem
825 164 952 192 haberent
966 164 1024 200 lege
1038 163 1178 191 definitam
1191 185 1199 196 ,
1221 166 1247 193 ὃς
1262 171 1291 194 ut
1305 164 1427 193 emeritis
1440 163 1536 192 decem
1550 167 1643 194 annuis
1656 168 1802 205 stipendiis,
1822 169 1896 201 nullo
1907 172 1975 202 infa-

397 207 437 234 mi
448 204 550 240 judicio
564 203 577 230 a
590 203 722 240 petitione
737 198 916 238 dejicerentur
930 213 936 230 ι
955 200 1097 229 candidam
1109 201 1254 230 tribunatus
1275 202 1395 231 militaris
1411 202 1557 230 videndum
1572 211 1628 232 erat
1641 224 1649 236 ,
1672 206 1691 233 fi
1706 209 1806 245 equites
1820 210 1902 239 essent
1915 231 1922 243 ,
1943 218 1973 240 ut

397 244 493 271 decem
507 242 649 278 stipendia,
669 240 688 267 sl
700 241 818 278 pedites,
837 248 867 269 ut
881 240 923 268 sex
935 240 978 268 vel
994 239 1141 268 minimum
1156 241 1271 277 quinque
1286 241 1423 269 haberent.

437 281 517 316 Quod
539 287 629 308 autem
646 278 678 306 ad
698 278 843 306 ctwdidatos
857 277 1049 316 magistratuum
1065 280 1336 307 extraordinariorum
1351 281 1448 308 attinet
1462 300 1471 312 ,
1499 280 1533 308 de
1552 281 1583 307 iis
1603 281 1713 317 quidem
1735 285 1801 312 certi
1821 285 1885 315 nihil
1904 288 1973 315 tradi

395 320 497 357 potest,
518 318 565 346 nisi
575 318 648 355 quod
655 316 738 344 Cicero
752 317 854 350 adfert,
876 317 934 354 lege
950 318 1050 346 Licinia
1066 320 1091 346 δε
1106 318 1201 345 Ebutia
1216 325 1323 345 cautum
1337 317 1427 349 fuiffe,
1448 328 1482 346 ne
1497 319 1532 350 is,
1551 320 1596 356 qui
1613 320 1645 347 ad
1660 321 1790 356 populum
1805 325 1975 361 rogationem

403 358 438 385 de
445 357 528 393 aliqua
542 356 680 392 potestate,
689 362 733 383 aut
741 356 877 383 curatione
884 356 987 387 tumet,
997 356 1228 392 temetipsumfflut
1237 355 1351 393 collegas
1365 356 1423 383 suos
1437 364 1482 384 aut
1489 365 1619 393 cognatos
1629 365 1673 385 aut
1685 358 1777 387 affines
1792 370 1901 390 crearet.

436 397 520 422 Porro
534 396 615 422 etiam
631 395 658 422 in
665 395 824 429 Ji'zcerdotum
839 394 946 422 commis
959 395 1105 421 cimz'tslatos
1117 395 1201 423 adesse
1217 396 1367 430 oportebat.
1387 395 1429 423 De
1445 395 1539 432 quibus
1554 395 1704 428 sciendum,
1726 399 1798 434 quod
1814 399 1925 428 dimidia
1944 411 1976 432 ex

397 440 471 469 parte
485 434 603 469 patricii,
624 442 656 461 ex
671 433 750 460 altera
763 432 861 469 plebeji
875 432 925 461 effi:
938 433 1093 462 debuerint,
1114 434 1240 471 quodque
1253 432 1401 461 absentium
1411 455 1417 465 ‚
1439 433 1480 461 vel
1487 434 1569 461 etiam
1586 444 1639 461 non
1647 437 1796 471 petentium
1811 438 1878 465 ratio
1886 437 1977 468 haberi

396 472 525 508 potuerit.
546 473 612 499 Non
626 479 714 499 autem
730 471 797 498 duos
810 481 843 499 ex
856 471 949 498 eadem
965 479 1045 508 gente
1059 472 1085 498 in
1100 472 1195 499 eodem
1210 471 1324 508 collegio
1330 472 1469 505 fizcerdotes
1482 471 1533 499 effe
1539 473 1666 508 potuisse,
1677 473 1776 511 legibus
1785 483 1892 503 cautum
1902 476 1977 507 fuiss‘e

397 509 487 538 scribit
502 508 560 537 Dio.
582 511 680 547 Neque
694 510 775 537 etiam
785 509 885 547 legibus
899 509 1037 538 definitam
1052 510 1126 538 fuiss'e
1139 518 1244 538 aetatem
1253 510 1362 546 petendi
1377 509 1535 540 sacerdotia,
1557 510 1631 539 sicuti
1646 519 1701 540 erat
1716 512 1743 540 in
1757 515 1878 549 petendis
1893 517 1977 553 magi-

396 546 537 580 stratibus,
558 548 646 585 colligi
659 548 744 584 potest
758 557 790 576 ex
802 547 932 579 Suetonio,
953 549 999 585 qui
1013 547 1143 580 affirmat,
1166 548 1296 576 Caeiarem
1311 547 1428 584 septimo
1439 550 1466 576 &
1479 548 1588 576 decimo
1602 550 1683 578 aetatis
1697 560 1769 578 anno
1784 551 1885 580 faetum
1901 553 1976 582 fuisse

393 584 528 625 flaminem
541 585 643 614 dialem.
664 587 698 614 Et
713 585 797 613 Cicero
807 587 839 614 ad
857 588 896 614 M.
914 588 1023 615 Brutum
1039 586 1127 614 scribit
1164 586 1189 614 se
1203 586 1284 617 velle,
1305 594 1335 615 ut
1349 585 1417 614 filius
1430 586 1488 615 suus
1503 585 1585 613 Cicero
1596 588 1687 622 junior
1700 590 1726 616 in
1735 588 1882 626 pontificum
1896 592 1975 621 colle-

398 624 474 662 gium
488 632 644 660 coopoetur‚
664 634 718 662 quo
733 628 824 652 tamen
839 631 963 660 tempore
971 625 1013 652 ille
1026 625 1175 652 admodum
1192 624 1344 653 adolescens
1357 624 1416 652 fuit.
1438 625 1503 652 Non
1516 632 1607 652 tamen
1620 626 1761 655 verifimile
1775 629 1826 660 est,
1845 638 1892 657 eos
1906 638 1977 664 ante,

401 671 483 699 quam
500 670 593 700 togam
608 663 711 691 virilem
726 663 887 699 acciperent,
909 664 940 690 ad
947 662 1086 697 fistulatim
1100 665 1240 700 pervenire
1255 663 1376 699 potuisse.

439 700 482 728 De
494 700 636 728 candidatis
643 700 802 739 pontificatus
815 700 924 729 maximi
937 702 1085 729 notandum
1095 723 1102 733 ‚
1123 712 1168 730 eos
1182 701 1286 730 nonnifi
1301 711 1333 728 ex
1341 698 1487 739 pontficum
1502 700 1617 738 collegio
1630 702 1680 729 esie
1693 703 1820 739 potuisse,
1839 706 1910 742 quod
1924 708 1980 743 plu-

397 737 470 767 ribus
481 739 577 775 probat
591 738 733 767 Gracchim.
774 741 862 776 Atque
876 739 931 767 haec
946 741 1054 776 quidem
1068 741 1102 768 de
1115 740 1264 768 candidatis.
1303 740 1334 767 In
1348 740 1466 768 comitiis
1478 740 1643 775 judiciorum
1659 747 1754 778 praeter
1767 751 1826 772 eos,
1847 745 1891 779 qui
1905 744 1980 773 comi.

400 776 439 804 tia
453 776 595 809 haberent,
616 779 643 805 δε
657 787 702 805 eos
716 777 762 814 qui
776 777 929 815 suffragium
946 778 1056 810 ferrent,
1076 779 1161 807 adeffe
1172 780 1254 807 etiam
1268 777 1412 815 oportuisse
1427 777 1589 807 accusatores
1602 798 1610 809 ,
1634 781 1661 807 &
1675 787 1734 806 reos
1747 788 1810 807 cum
1827 782 1977 817 advocatis,

399 817 518 851 patronis
533 817 559 843 δε
573 815 726 846 sordidatis,
747 817 842 853 cuique
858 816 1025 844 manifestum
1041 817 1085 844 est.

440 854 483 881 De
492 852 674 884 habitoribus,
683 854 841 882 custodibus.
848 854 1015 892 rogatoribus
1024 857 1049 883 δέ
1060 855 1233 891 praeconibus,
1241 852 1357 891 q‘uorum
1366 864 1462 882 munus
1475 855 1526 883 fuit
1532 855 1612 882 etiam
1622 853 1768 883 centuriam}
1777 855 1884 885 comitiis
1899 859 1979 888 inter.

401 891 460 923 effe,
467 890 542 929 supra
549 892 654 920 dietum
661 892 706 924 est,
715 894 741 921 ὃ(
748 893 806 929 post
812 892 887 929 plura
894 899 971 921 erunt
979 894 1137 921 annotanda.
1157 893 1390 921 Confiderabimus
1401 902 1473 921 nunc
1480 892 1579 921 horum
1585 892 1740 921 comitiorum
1747 894 1849 924 locum.

1047 963 1071 989 C
1092 973 1109 990 A
1131 973 1154 990 Ρ.
1194 963 1328 991 XVIII.

916 1013 968 1045 De
983 1012 1045 1046 loco
1061 1011 1240 1048 tributorum
1257 1013 1458 1048 comitiorum.

401 1079 553 1142 Tributis
565 1082 671 1112 comitiis
685 1084 813 1113 vocandis
827 1093 881 1112 non
898 1091 954 1112 erat
967 1093 1034 1111 unus
1049 1085 1189 1114 destinatus
1201 1085 1288 1117 locus,
1305 1085 1539 1122 quemadmodum
1553 1083 1656 1112 curiatis
1669 1085 1696 1112 ὃς
1709 1083 1864 1112 centuriatis.
1905 1085 1976 1122 Qa

483 1121 577 1158 religio
590 1132 644 1149 non
657 1129 712 1150 erat
726 1143 733 1154 ‚
755 1130 863 1150 extrane
876 1143 884 1155 ,
910 1132 943 1150 an
957 1124 1025 1151 intra
1040 1124 1194 1159 pomerium
1214 1123 1381 1152 haberentur.
1420 1124 1493 1151 Hinc
1507 1123 1655 1159 reperimus
1669 1143 1676 1154 ‚
1705 1123 1840 1150 interdum
1855 1121 1883 1149 in
1895 1132 1981 1158 campo

401 1158 513 1192 Martio,
533 1160 669 1187 interdum
682 1161 709 1187 in
724 1161 839 1188 comitio
852 1182 858 1192 ,
879 1170 1070 1198 nonnunquam
1086 1162 1114 1188 in
1131 1162 1264 1198 Capitolio
1277 1183 1283 1193 ‚
1304 1161 1446 1199 aliquando
1459 1163 1486 1189 iu
1503 1161 1583 1197 pratis
1598 1160 1734 1188 Flaminiis
1748 1182 1756 1193 ,
1777 1160 1822 1188 seu
1835 1161 1908 1189 circo
1924 1162 1980 1191 Fla-

402 1198 502 1229 minio,
522 1197 618 1224 tributa
630 1198 731 1226 comitia
745 1198 841 1226 habita.
862 1200 927 1234 Quae
942 1199 1040 1236 singula
1054 1199 1177 1227 videntur
1189 1199 1332 1236 probanda.

441 1237 483 1263 De
494 1244 577 1269 campo
591 1237 700 1272 quidem
715 1237 824 1269 Martio,
846 1238 917 1274 quod
932 1238 959 1265 in
975 1247 1007 1264 eo
1018 1236 1119 1264 comitia
1131 1236 1230 1264 tributa
1242 1237 1444 1273 magistratuum
1459 1237 1634 1264 creandorum
1649 1235 1737 1263 habita
1752 1236 1816 1266 fiat,
1838 1237 1922 1264 multa
1935 1247 1980 1265 ex-

403 1279 461 1302 tant
476 1280 598 1301 veterum
613 1275 772 1303 testimonia.
811 1277 853 1303 De
865 1275 1007 1303 tribunitiis
1021 1276 1139 1303 comitiis
1153 1276 1262 1303 testatur
1276 1274 1360 1302 cicero
1379 1275 1451 1310 epist.
1469 1285 1490 1303 1.
1505 1275 1550 1302 lib.
1571 1285 1592 1302 1.
1607 1273 1776 1311 epistolarum
1791 1274 1822 1301 ad
1839 1276 1979 1303 Atticum:

403 1312 435 1339 In
449 1320 547 1347 campo
561 1313 679 1342 comitiis
692 1313 836 1342 tribunitiis
849 1314 974 1342 a.d.xvr.
990 1314 1100 1342 Kalend.
1115 1314 1206 1342 Sextil.
1220 1316 1271 1342 &a
1286 1316 1312 1342 &
1326 1312 1395 1340 alibi.
1415 1314 1457 1341 De
1473 1313 1615 1350 quaestoriis
1630 1312 1703 1348 epist.
1713 1311 1881 1349 30.lib.7.ad
1896 1312 1979 1342 famil.

401 1350 435 1377 ad
450 1351 563 1377 Curium
577 1349 666 1379 scribit
679 1363 684 1379 ·.
706 1352 737 1379 In
752 1361 849 1389 campo
862 1361 934 1379 certe
946 1362 1001 1380 non
1020 1352 1094 1379 fuisse
1108 1361 1171 1379 cum
1190 1350 1322 1391 quaestoriis
1338 1349 1448 1378 comitiis
1461 1351 1599 1383 institutis,
1622 1353 1673 1380 &a
1696 1351 1763 1378 Mox
1777 1351 1849 1377 enim
1865 1351 1938 1386 epist.
1954 1363 1980 1390 3.

400 1387 479 1424 lib.4.
493 1388 525 1415 ad
541 1389 623 1416 Attic.
637 1389 784 1427 iiibjungit,
805 1399 836 1417 ea
848 1390 944 1417 tributa
958 1390 1039 1418 fu1ffe.
1074 1390 1115 1416 De
1128 1389 1234 1417 aedtlt'tiis
1249 1386 1323 1418 idem
1343 1389 1414 1417 testis
1427 1390 1463 1417 est
1477 1388 1591 1427 epistolis
1606 1390 1638 1417 ad
1655 1389 1785 1416 Atticum.
1818 1389 1979 1427 Plerumque

402 1425 485 1463 igitur
497 1426 524 1453 hi
541 1427 707 1464 magistratus
722 1428 748 1455 in
762 1436 860 1463 campo
876 1429 975 1456 Martio
987 1427 1153 1455 creabantur.

443 1468 540 1501 Legum
555 1472 646 1492 autem
659 1465 758 1493 comitm
773 1467 798 1493 δε
812 1466 976 1501 judiciorum
989 1467 1016 1493 in
1031 1466 1145 1493 comitio
1161 1465 1250 1493 haberi
1263 1464 1389 1493 solebant.
1428 1466 1513 1493 Testis
1532 1466 1569 1492 est
1581 1464 1666 1491 Cicero
1678 1474 1728 1500 pm
1745 1465 1854 1493 Rabirio
1871 1466 1979 1495 Posthu-

404 1511 468 1533 mo,
489 1501 534 1529 ubi
545 1504 647 1538 equites
663 1505 802 1531 Romanos
815 1504 850 1531 im
863 1504 1011 1540 alloquitur.
1053 1505 1078 1531 Si
1093 1504 1147 1539 jam
1164 1504 1239 1532 vobis
1252 1505 1419 1532 nuntiaretur
1432 1524 1439 1535 ‚
1459 1504 1486 1530 in
1501 1503 1590 1531 senatu
1604 1503 1745 1530 sententias
1759 1503 1825 1534 dici,
1846 1513 1875 1533 ut
1889 1504 1928 1533 his
1942 1505 1979 1533 le-

402 1539 480 1576 gibus
493 1541 668 1570 teneremini,
688 1541 901 1568 concurrendum
916 1542 948 1568 ad
962 1541 1057 1568 cariam
1071 1542 1209 1577 putaretis:
1230 1542 1247 1569 fi
1261 1542 1301 1569 lex
1311 1541 1628 1573 fex-1·etur‚convocaretis
1643 1541 1674 1567 ad
1688 1539 1774 1577 rostra.
1796 1542 1877 1569 Fuisse
1885 1551 1976 1571 autem

402 1578 486 1604 rostra
498 1577 525 1604 in
540 1579 653 1606 comitio
676 1579 740 1616 upra
751 1579 1000 1607 demonstravimus.
1039 1580 1172 1616 Quodque
1186 1579 1288 1607 comitia
1306 1579 1402 1607 tributa
1419 1580 1582 1615 judiciorum
1596 1579 1809 1606 exercendorum
1825 1580 1851 1606 iu
1865 1582 1980 1609 comitio

405 1614 495 1642 haberi
509 1616 693 1644 consueverint
707 1627 738 1644 ex
754 1616 848 1654 Agellii
859 1616 903 1645 lib.
917 1628 937 1644 ι.
950 1626 1005 1653 cap.
1019 1627 1039 1645 1.
1052 1616 1185 1645 discimus.

445 1653 579 1682 Caeterum
593 1654 674 1682 etiam
693 1656 720 1682 in
733 1655 853 1690 Capttolt'o
867 1654 964 1682 tributa
979 1655 1080 1682 comitia
1101 1656 1302 1693 magistratuum
1323 1656 1499 1683 creandorum
1514 1675 1521 1686 ‚
1541 1654 1631 1692 legum
1648 1653 1818 1682 ferendarum
1832 1675 1840 1686 ‚
1862 1657 1888 1684 &
1905 1657 1977 1693 judi.

405 1691 509 1719 ciorum
524 1693 750 1725 exercendorum,
770 1703 960 1730 nonnunquam
973 1693 1061 1721 habita
1077 1694 1186 1722 uerunt.
1207 1695 1249 1721 Sic
1262 1695 1335 1721 enim
1350 1695 1412 1722 Tib.
1426 1692 1561 1722 Gracchus
1574 1714 1580 1725 ‚
1602 1699 1631 1720 ut
1640 1692 1677 1720 est
1690 1693 1759 1729 apud
1775 1692 1935 1722 Plutarchum
1949 1697 1977 1725 in

406 1726 547 1756 Gracchis:
567 1732 593 1759 &
609 1729 753 1765 Appianum
766 1730 810 1759 lib.
823 1742 843 1759 ι.
857 1731 987 1759 bellorum
1005 1731 1121 1759 civilium
1158 1733 1185 1760 in
1201 1732 1336 1768 Capitolio
1350 1733 1456 1761 tributis
1469 1732 1586 1760 comitiis
1600 1731 1682 1758 creari
1696 1732 1795 1760 iterum
1807 1731 1978 1768 tribunusple-

405 1765 442 1793 bic
456 1767 552 1795 voluit:
573 1767 774 1805 fimtqueiidem
789 1770 878 1801 testes,
898 1771 1052 1798 triumviros
1066 1771 1180 1808 agrarios
1194 1779 1226 1798 ex
1240 1771 1299 1808 lege
1313 1771 1373 1798 Tib.
1381 1770 1496 1798 Gracchi
1512 1770 1539 1797 in
1554 1768 1690 1805 Capitolio
1705 1777 1817 1798 (τεαὶ-οε.

443 1809 521 1842 Leges
531 1806 558 1832 in
573 1807 708 1843 Capitolio
721 1808 803 1836 etiam
817 1809 895 1840 latas,
917 1808 1031 1836 scribunt
1048 1808 1177 1835 Plutarch.
1190 1810 1216 1835 in
1232 1808 1359 1836 Gmcchis
1369 1830 1375 1840 ‚
1397 1811 1423 1837 ὅ(
1438 1807 1525 1834 Livius
1538 1807 1581 1835 lib.
1592 1817 1638 1842 45-
1650 1806 1681 1832 de
1696 1807 1747 1844 lege
1758 1806 1877 1845 agraria,
1898 1811 1976 1837 &ro-

405 1843 514 1880 gatione
525 1844 559 1871 de
574 1845 710 1882 triumpho
725 1848 756 1873 L.
766 1846 837 1874 Pauli
851 1845 893 1873 ubi
909 1856 949 1873 eas
964 1848 989 1874 in
999 1846 1133 1883 Capitolio
1147 1846 1158 1873 ii
1173 1846 1296 1874 Graccho
1312 1846 1422 1884 perlatas
1438 1845 1560 1873 asserunt.
1581 1845 1615 1872 Et
1628 1843 1706 1880 paulo
1719 1846 1789 1881 post,
1810 1845 1843 1873 de
1859 1847 1972 1883 Opimio

404 1881 487 1908 refert
503 1881 630 1909 Plutarch.
644 1883 715 1920 quod
732 1884 765 1910 de
779 1884 935 1921 abrogandis
951 1885 982 1911 C.
998 1884 1112 1912 Gracchi
1126 1885 1227 1922 legibus
1240 1884 1340 1912 comitia
1353 1886 1380 1913 in
1392 1883 1555 1922 Capitolium
1568 1883 1690 1912 edixerit.

443 1918 611 1955 Judtciorum
629 1922 711 1949 etiam
729 1920 824 1948 tributa
844 1921 943 1949 comitia
962 1921 989 1948 in
1004 1921 1126 1957 Capitolio
1140 1922 1227 1950 habita
1246 1922 1320 1950 fuisse
1338 1944 1344 1955 ,
1364 1930 1458 1959 praeter
1478 1922 1541 1950 alios
1558 1921 1672 1948 ostendit
1691 1919 1748 1948 Liv.
1765 1919 1811 1948 lib.
1826 1931 1868 1958 25.
1881 1923 1925 1952 ubi
1940 1925 1977 1953 de

404 1958 544 2023 comitiisb‚
565 1959 659 1996 quibus
673 1960 706 1987 de
720 1959 821 1988 muleta
835 1961 875 1988 M.
891 1959 1046 1988 Posthumio
1061 1960 1202 1989 Publicano
1215 1962 1331 1998 irrogata
1349 1960 1463 1998 populus
1475 1959 1608 1997 judicabat
1624 1979 1632 1991 ‚
1659 1959 1686 1986 in
1700 1959 1834 1996 Capitolio
1846 1969 1875 1988 ea
1889 1961 1977 1992 habita

405 1996 455 2023 esle
472 1995 520 2024 ieri
541 1997 569 2024 it.

445 2039 485 2061 De
495 2034 556 2062 circo
571 2035 697 2064 Flaminio
715 2037 770 2073 jam
786 2037 939 2065 dicendum.
979 2037 1011 2064 In
1024 2047 1058 2065 eo
1071 2037 1153 2075 igitur
1170 2035 1272 2065 comitia
1292 2036 1389 2065 tributa
1404 2036 1493 2064 haberi
1508 2036 1584 2065 solita
1596 2056 1605 2067 ,
1633 2044 1665 2062 ex
1681 2033 1734 2062 hoc
1747 2034 1855 2071 probari
1872 2039 1974 2073 potest,

407 2073 478 2109 quod
491 2072 582 2101 Livius
594 2074 638 2103 lib.
657 2085 680 2112 3.
701 2075 789 2103 scribit
803 2076 860 2113 post
875 2075 973 2111 cjeetos
988 2076 1156 2103 decemviros
1179 2076 1340 2112 QFui-ium
1354 2075 1511 2113 pontificem
1526 2085 1597 2103 max.
1615 2075 1642 2102 in
1655 2074 1736 2109 pratis
1752 2074 1888 2103 Flaminiis
1901 2097 1910 2108 ,
1930 2077 1974 2105 seu

406 2111 480 2137 circo
494 2110 624 2140 Flaminio
637 2113 743 2141 tributis
757 2114 877 2141 comitiis
890 2112 999 2140 tribunos
1005 2113 1081 2148 plebis
1095 2115 1197 2142 creasse.
1236 2114 1312 2141 Idem
1324 2113 1384 2142 alibi
1398 2115 1478 2142 docet
1492 2113 1579 2141 Livius
1591 2112 1636 2140 lib.
1646 2122 1687 2147 27.
1707 2112 1879 2148 rogationem
1897 2123 1972 2145 eam,

405 2156 485 2188 quarn
495 2148 590 2177 tulerat
604 2151 709 2179 Bibulus
723 2151 843 2180 tribunus
856 2150 940 2188 plebis
953 2152 987 2179 de
1000 2152 1155 2189 abrogando
1170 2152 1295 2179 Marcello
1306 2153 1421 2188 imperio
1435 2171 1442 2183 ‚
1463 2153 1489 2180 in
1505 2153 1577 2180 circo
1590 2150 1721 2179 Flaminio
1735 2151 1899 2187 antiquatam
1912 2151 1972 2179 fuis-

405 2186 446 2216 16,
468 2186 539 2220 quod
558 2190 583 2214 ἃ
598 2189 745 2216 Plutarchus
764 2190 791 2217 in
805 2189 933 2218 Marcello
944 2190 1098 2220 confirmat.
1134 2191 1193 2217 Fuit
1205 2197 1296 2218 autem
1308 2190 1382 2217 circus
1394 2190 1537 2218 Flammius
1550 2212 1557 2223 ‚
1577 2199 1606 2219 ut
1620 2189 1647 2218 id
1659 2188 1747 2216 obiter
1758 2188 1854 2216 addam
1868 2209 1877 2221 ‚
1898 2188 1972 2218 locus

406 2224 434 2250 11¹
444 2223 497 2258 ips-'2
511 2223 600 2256 Urbe,
621 2227 654 2254 fic
667 2228 765 2260 dietus,
787 2228 859 2265 quod
870 2229 973 2257 circum
989 2227 1144 2256 Flaminium
1157 2237 1269 2262 campum
1285 2228 1425 2256 aedificatus
1444 2228 1506 2258 esset
1517 2249 1525 2261 ‚
1545 2228 1587 2256 vel
1607 2228 1620 2256 a
1641 2226 1744 2261 Conficle
1761 2226 1884 2254 Flaminio
1896 2247 1904 2258 ,
1924 2228 1971 2264 qui

405 2261 438 2301 ad
450 2260 654 2290 Thrafimenum
671 2265 758 2293 lacum
772 2266 871 2294 occisus
883 2267 936 2298 est,
957 2267 984 2295 in
999 2276 1053 2304 quo
1065 2265 1120 2294 ludi
1135 2265 1307 2301 Apollinares,
1326 2266 1506 2303 equestresque
1520 2265 1730 2295 celebrabantur:
1749 2265 1776 2291 in
1788 2273 1866 2300 quem
1886 2265 1969 2292 etiam

403 2299 506 2327 {enatus
516 2298 582 2335 ssepe
596 2301 760 2331 consultandi
771 2305 854 2340 gratia
866 2314 898 2333 ex
912 2305 1048 2342 Capitolio
1061 2304 1219 2333 descendens
1236 2325 1243 2337 ‚
1272 2305 1416 2333 convenire
1429 2304 1537 2334 solebat.
1577 2306 1619 2332 De
1634 2313 1688 2342 quo
1702 2301 1828 2331 videndus
1842 2302 1971 2329 Bartholo-

404 2347 478 2403 ἵζω]
489 2337 632 2366 Marltanus
651 2338 696 2367 lib.
715 2343 740 2369 6.
760 2351 816 2379 cap.
840 2353 863 2381 3.
888 2344 915 2372 in
934 2343 1047 2382 antiquae
1073 2341 1154 2372 Urbis
1173 2342 1366 2382 topographia,
1407 2345 1434 2373 ὅτ.
1455 2342 1573 2382 Geotgius
1590 2342 1717 2372 Fabricius
1734 2347 1790 2376 cap.
1814 2349 1854 2368 12.
1879 2341 1907 2368 in
1926 2340 1971 2369 sua

436 2385 508 2405 oma.
1902 2386 1904 2389 ’

1865 2417 1971 2445 Car.
