2075 2734
433 99 483 129 De
503 93 872 139 Junicinu33D0N152
892 105 932 126 ετ
951 97 1182 130 Μυκειιιευε.
1222 99 1301 130 cm
1321 110 1368 132 21.
1636 111 1692 147 ⁶35

110 157 234 187 omnibus
247 154 275 183 in
287 154 423 193 posterum
431 153 529 188 judices
541 153 711 191 legerentur}
729 157 812 187 utque
825 149 929 178 causam
943 151 1033 193 dicere
1045 160 1206 191 cogerentur
1219 153 1330 190 suspecti
1344 156 1377 183 de
1392 164 1535 186 munerum
1551 167 1692 196 corrupte,

107 196 144 225 la:
165 195 236 233 quod
250 193 354 221 malurn
366 193 421 229 jam
439 192 507 219 inter
519 191 632 219 crimina
644 189 735 217 haberi
748 188 876 229 defiet-atu:
896 189 963 216 adeo
976 192 1095 219 frontem
1111 191 1230 229 plerique
1246 193 1446 227 perfricuemnr.
1484 197 1618 226 Hacstenus
1634 199 1687 231 ille,

107 237 210 262 Verum
225 241 275 260 nec
287 231 342 259 haec
356 229 434 258 Livia
445 229 564 266 longaeva
576 227 637 256 fuit:
658 237 720 255 nam
738 230 890 254 LMarctus
904 227 1026 263 Philippus
1042 230 1155 261 Consul,
1176 229 1256 265 Drufi
1266 232 1405 263 inimicus,
1426 235 1522 262 eodem
1539 245 1609 263 anno
1621 237 1690 266 obti-

105 273 180 302 nuit,
198 279 228 298 ut
243 268 324 309 Drtfi
333 269 396 308 leges
409 275 534 305 tanquam
546 273 640 294 contra
652 265 765 302 auspicia
776 265 850 298 latae,
870 275 925 293 uno
939 264 1162 297 senatusconsulto
1178 269 1348 304 tolleremur,
1368 271 1408 299 uti
1423 271 1530 301 testatur
1545 278 1629 301 Cicero
1643 275 1689 304 lib,

108 320 134 347 3.
145 310 178 338 de
190 308 285 346 Legib.
885 345 890 350 .

779 343 910 376 Plautia
935 344 998 379 lex.

146 410 226 437 Anno
240 408 335 442 deinde
346 404 445 442 elapsi),
466 405 511 441 qui
525 403 575 433 fuit
586 403 713 433 stcundus
724 403 787 432 belli
801 404 886 432 Italici
900 426 906 435 ‚
927 409 977 432 Cn.
992 407 1102 439 Pompejo
1116 405 1250 437 Strabone,
1271 413 1300 436 L.
1318 409 1400 437 Porcio
1416 414 1511 438 Catone
1527 413 1598 440 Coss‘.
1616 423 1679 442 cum

106 448 225 485 equester
238 448 306 474 ordo
319 446 346 473 in
357 444 462 479 judiciis
477 444 662 472 dominaretur
671 464 677 474 ‚
697 443 784 481 legem
800 442 861 471 tulrt
875 447 913 469 M.
925 444 1044 469 Plautius
1056 443 1172 470 Silvanus
1189 445 1304 473 tribunus
1318 448 1409 483 plebis.
1431 451 1469 477 Ut
1484 450 1568 479 tribus
1579 450 1686 488 finjulae

104 495 138 514 ex
152 496 185 513 eo
197 493 310 512 numero
319 483 414 519 quinos
427 483 511 509 denos
531 482 655 519 suffragio
669 488 790 509 crearent
803 501 811 512 ,
838 481 883 518 qui
905 490 939 508 eo
959 490 1029 508 anno
1042 483 1200 516 judicarent.
1240 485 1277 511 Ex
1293 495 1325 512 eo
1336 486 1433 514 factum
1449 489 1499 519 est,
1520 490 1685 523 utftn.110res

104 533 211 561 quoque
224 524 250 550 in
262 532 295 549 eo
307 530 423 548 numero
431 520 527 560 efflent,
548 523 574 549 δε
590 521 701 556 quidem
715 519 797 548 etiam
811 529 843 547 ex
860 519 913 555 ipsa
926 518 1009 555 plebe.
1030 523 1054 546 C
1054 529 1114 546 tter-o
1128 521 1155 547 in
1169 522 1290 550 oratione
1305 532 1354 558 pro
1363 525 1506 558 Cornelio,
1527 528 1640 563 epistolis
1650 529 1683 556 ad

103 563 186 589 Attic.
199 561 278 594 1ib.4.
292 561 318 587 ὃς
336 559 455 593 Asconius
470 561 496 586 in
509 559 703 587 Cornelianum?
733 558 770 586 Ex
785 567 839 594 quo
852 557 1019 594 intelligitur.
1043 567 1106 587 cum
1120 567 1182 586 ante
1194 570 1291 597 equites
1305 563 1351 588 ioli
1365 563 1514 597 judicarent
1529 576 1584 594 ccc.
1600 566 1686 594 tribu·

103 599 202 627 dediffe
214 597 324 634 singulas
336 597 438 632 judices
449 607 491 624 xv.
511 598 599 635 itaque
612 607 675 625 cni..
691 596 798 625 fuerunt
812 607 816 623 :
844 599 869 625 &
880 597 979 633 judicia
993 597 1063 624 inter
1078 606 1132 625 tres
1152 599 1258 626 ordines
1273 620 1280 630 ‚
1293 600 1449 634 finium-tum
1462 622 1469 633 ,
1490 602 1624 641 equestrem
1639 603 1681 637 ἐς

90 636 218 672 JIebejum
231 636 432 664 communicata
445 634 513 664 sunt.

773 675 918 707 Cornelia
943 675 1005 708 lex.

140 736 273 764 Plautiam
285 737 373 774 legem
389 735 477 765 secuta
490 737 526 765 est
540 736 673 767 Cornelia,
693 745 773 773 quam
788 735 849 764 tulit
863 741 894 765 L.
909 734 1038 763 Cornelius
1051 736 1122 763 Sulla
1136 736 1261 765 Didiator
1275 741 1300 767 δε
1316 739 1415 768 Consul
1434 752 1443 768 1
1453 752 1473 768 1.
1489 752 1550 770 cum
1564 746 1600 780 Q.
1612 741 1685 770 Caci-

98 774 131 802 !io
148 776 250 802 Metello
265 775 324 805 Pio,
343 785 414 803 anno
431 784 545 804 iochx1
555 787 564 804 1
573 787 594 804 ι.
614 777 653 802 Ut
664 774 763 810 judicia
775 773 881 813 equssrt
895 775 986 803 ordini
1000 775 1141 812 adempta,
1161 775 1188 803 in
1202 775 1289 805 solum
1303 779 1424 806 ordinem
1432 780 1588 814 senatorium
1601 789 1685 810 trans.

98 812 241 842 ferrentur.
262 813 350 841 florus
364 814 434 850 Epitr
443 816 487 851 89.
507 814 624 849 ‘dfionius
637 814 665 841 in
678 813 889 841 Divinationem.

546 879 554 894 ⁵
781 882 920 916 Aurelia
945 883 1007 917 lex.

134 945 269 973 Undecim
289 945 363 972 annis
382 945 439 981 post
461 944 548 981 legem
570 944 599 971 L.
623 943 743 972 Cornelii
766 944 842 973 Sullae
857 966 864 976 ,
891 943 1003 972 Aurelia
1022 945 1077 972 lata
1099 946 1136 973 est
1157 945 1170 973 ὲ
1189 950 1221 973 L.
1234 945 1338 974 Aurelio
1355 950 1433 974 Cotta
1452 956 1566 984 praetore
1579 969 1586 980 ‚
1612 958 1684 978 anno

100 992 213 1012 rocxxc1
223 994 231 1010 1
241 994 262 1011 ι.
283 987 331 1010 Cn.
344 985 456 1018 Pompejo
471 987 578 1020 Magno,
599 986 638 1009 M.
653 982 748 1009 Licinio
762 981 862 1020 σὴψ,
885 983 957 1011 Coss.
977 985 1015 1012 Ut
1029 984 1142 1020 judicia,
1164 993 1222 1021 quae
1228 994 1309 1021 penes
1323 984 1391 1013 solos
1399 986 1529 1021 senatores
1542 995 1632 1018 erant,
1643 989 1684 1015 in-

96 1026 138 1048 ter
141 1022 271 1056 senatores
289 1024 313 1050 St
328 1020 466 1059 equestrem
482 1022 606 1048 ordinem
616 1041 623 1051 ‚
645 1023 670 1049 ὃ(
685 1020 796 1048 tribunos
808 1022 904 1049 triarios
917 1023 1196 1050 communicarentur.
1232 1026 1320 1052 Cicero
1338 1025 1365 1051 in
1380 1025 1499 1052 Verrinis
1512 1024 1577 1060 saepe
1587 1046 1593 1056 ‚
1614 1026 1684 1060 Asto-

94 1060 151 1086 ni'us
163 1059 190 1087 in
205 1059 308 1087 easdem
318 1079 325 1090 ‚
345 1062 373 1087 in
387 1061 539 1088 orationem
553 1068 604 1095 pro
612 1059 754 1094 Cornelio,
775 1062 801 1088 δε
815 1061 843 1088 in
851 1059 991 1092 Pisonem,
1012 1060 1099 1088 Florus
1115 1061 1243 1098 Epitome
1258 1072 1303 1098 97.
1323 1061 1427 1097 Vellejus
1439 1062 1484 1091 lib.
1494 1073 1518 1091 2.
1532 1062 1578 1091 ubi
1591 1070 1682 1096 tamen

95 1095 207 1126 tribunos
220 1097 318 1126 erario:
332 1107 387 1126 non
402 1099 537 1128 nominat.

782 1138 913 1172 Vatinia
935 1138 998 1172 lex.

133 1200 227 1227 Secuta
239 1197 344 1226 Vatinia
357 1200 408 1231 est,
429 1208 508 1236 quam
525 1197 600 1231 tulit,
621 1206 652 1227 ut
665 1199 788 1235 opinatur
804 1198 942 1226 Manutius
955 1220 963 1231 ,
985 1197 1058 1226 Publ.
1074 1198 1192 1228 Vatinius
1206 1198 1323 1228 tribanus
1334 1200 1418 1239 plebis
1436 1204 1468 1228 C.
1481 1199 1557 1238 Julio
1569 1202 1678 1237 Caefizre.

94 1239 135 1264 M.
150 1237 285 1271 Calpurnio
300 1237 389 1264 Bibulo
411 1237 568 1264 Consulibus
582 1257 589 1267 ,
615 1246 686 1263 anno
704 1244 829 1263 13cxc1v.
868 1238 929 1273 Qa
947 1245 1037 1264 autem
1050 1237 1180 1266 sententia
1195 1238 1275 1267 fuerit
1288 1249 1295 1265 τ
1316 1239 1341 1266 ie
1356 1240 1478 1267 nondum
1493 1240 1614 1268 invenire
1631 1250 1681 1277 po-

95 1273 172 1300 tuiss‘e
186 1275 260 1302 idem
274 1275 311 1302 ait
325 1286 331 1302 z
359 1275 507 1303 existimare
519 1281 611 1302 tamen
625 1273 783 1310 popularem
798 1273 872 1301 fuiffe
884 1295 893 1306 ‚
919 1284 981 1302 cum
998 1275 1113 1302 Vatinius
1125 1275 1247 1304 senatum
1262 1297 1270 1308 ,
1287 1277 1398 1311 senatus
1410 1277 1486 1304 illum
1502 1277 1678 1306 vehementer

93 1311 192 1340 oderit.

207 1350 209 1354 ⁴
786 1348 884 1397 Julia
910 1351 971 1386 lex.

133 1411 206 1444 Iulia
219 1412 261 1440 Iex
274 1423 288 1441 a
302 1417 333 1440 C.
345 1410 421 1448 Julio
434 1413 527 1447 Castu-e
547 1421 609 1441 cum
623 1415 663 1439 M.
683 1411 774 1439 Bibulo
786 1432 793 1442 ,
815 1422 886 1441 anno
899 1413 998 1441 eodem
1013 1413 1064 1443 lata
1078 1414 1114 1442 est
1130 1423 1138 1441 ε
1165 1416 1204 1443 Ut
1215 1414 1314 1451 judicia
1327 1416 1360 1444 ad
1374 1416 1429 1444 duo
1442 1425 1541 1454 genera
1553 1417 1677 1454 judicum

91 1448 293 1487 fedigerentur.
313 1448 429 1489 equestris
444 1451 558 1481 ordinis,
579 1450 747 1485 &senator-ti.-
766 1449 865 1478 tribuni
878 1461 943 1479 vero
955 1452 1131 1489 amrinquod
1146 1461 1202 1481 erat
1217 1454 1344 1486 tertium,
1365 1454 1529 1483 tollerentur.
1548 1456 1680 1483 Suetonius

93 1487 122 1515 in
138 1487 247 1516 Caesare.
286 1488 413 1517 Meminit
429 1490 454 1515 δε
467 1489 579 1524 Agellius
593 1488 638 1515 lib.
658 1498 698 1523 14.
713 1498 769 1524 cap.
786 1499 810 1516 2.
832 1490 882 1516 Dio
897 1489 941 1516 lib.
950 1499 996 1526 43.
1018 1491 1102 1518 Multa
1117 1499 1243 1526 praeterea
1255 1491 1333 1529 hujus
1347 1491 1411 1529 legis
1426 1495 1510 1530 capita
1525 1493 1631 1521 fuerunt
1642 1494 1677 1521 de

91 1525 212 1561 ipsorum
223 1527 345 1562 judicum
361 1532 449 1556 aetate,
470 1528 632 1564 dignitate&
649 1527 818 1558 conditione,
838 1527 872 1554 de
886 1526 974 1554 forma
988 1530 1013 1555 ὅ(
1028 1527 1217 1556 consuetudine
1227 1530 1391 1565 judiciorum
1408 1531 1580 1566 publicorum
1590 1533 1615 1560 ὃ(
1624 1532 1678 1567 prif

93 1570 229 1596 yatorum.
251 1566 318 1601 Qae
329 1564 422 1592 omnia
435 1563 463 1591 in
476 1565 591 1600 antiquis
595 1563 823 1598 jumftwzficltorum
835 1564 908 1592 libris
922 1565 1113 1602 comprehenia
1127 1575 1208 1603 opera
1224 1566 1371 1595 Triboniani
1384 1567 1482 1596 abolita
1493 1567 1563 1597 sunt.

764 1636 909 1682 Pompeja
933 1636 996 1669 lex.

135 1698 251 1730 Pompeja
264 1695 392 1733 sequitur:
413 1704 494 1733 quam
509 1694 571 1723 tulit
586 1697 670 1722 Gneus
685 1698 813 1730 Pompejus
820 1701 930 1734 Magnus
942 1707 981 1724 11.
989 1695 1051 1726 Coit
1063 1706 1126 1725 cum
1135 1701 1174 1725 M.
1182 1697 1276 1726 Licinio
1286 1698 1370 1738 Crasso
1383 1709 1421 1727 11.
1429 1708 1500 1728 anno
1511 1708 1624 1729 roc-xcv
1632 1711 1642 1729 1
1651 1699 1674 1729 1]

93 1736 134 1763 Ut
146 1734 308 1772 ampliffimo
321 1744 351 1761 ex
366 1744 458 1765 cenru,
478 1744 511 1761 ex
524 1733 656 1765 centuri»,
677 1734 753 1761 aliter
766 1743 847 1770 quam
862 1735 1009 1762 anrealeffi
1022 1735 1138 1770 judices,
1159 1747 1192 1765 ex
1206 1738 1289 1765 tribus
1304 1748 1394 1765 tumen
1409 1739 1557 1769 ordinibus,
1579 1739 1673 1776 quibus

92 1774 205 1801 Aurem
218 1773 268 1808 lege
282 1774 482 1800 communicata
495 1780 568 1798 erant
581 1772 694 1807 judicia,
706 1774 722 1805 J
724 1772 835 1798 'enatorto
848 1772 960 1804 scilicet,
981 1772 1102 1812 equestri,
1112 1775 1254 1803 &tribunis
1268 1776 1350 1803 mm
1362 1786 1402 1803 res
1415 1778 1572 1812 judicarent.
1592 1779 1674 1811 Item,

93 1818 123 1840 ut
136 1819 254 1848 quinque
268 1812 295 1839 &
307 1809 473 1848 septuaginta
483 1810 586 1846 judices
599 1819 685 1838 caulas
699 1810 900 1847 cognoscerent.
928 1815 1012 1838 Cicero
1026 1813 1054 1839 in
1069 1811 1205 1846 Pisonem,
1228 1816 1255 1843 &
1270 1815 1297 1842 in
1310 1816 1405 1842 eadem
1420 1816 1545 1849 Afiomus.

762 1884 909 1915 Antonia
935 1884 995 1916 lex.

131 1939 237 1968 Ultima
250 1943 370 1968 Antonia
385 1942 435 1973 est,
456 1950 536 1978 quam
548 1940 609 1969 tulit
622 1945 664 1967 M.
679 1942 803 1969 Antonius
818 1941 880 1970 Cos.
895 1952 957 1970 cum
973 1945 1006 1969 C.
1021 1940 1100 1977 Julio
1114 1943 1220 1977 Cxfixre,
1242 1953 1312 1972 anno
1330 1951 1436 1972 lffcclx.
1458 1945 1496 1972 Ut
1511 1944 1587 1973 tertia
1599 1945 1668 1981 judi-

93 1987 157 2007 cum
172 1978 277 2006 decun'a
293 1977 307 2006 ὲ
318 1979 514 2013 centurionibus,
534 1977 716 2016 antesignanis,
736 1979 850 2009 alaudis,
871 1979 1071 2014 manipularibus
1083 1981 1168 2008 fieret.
1208 1981 1292 2009 Cicero
1310 1982 1402 2018 Philip.
1416 1993 1438 2009 1.
1452 1985 1478 2011 δε
1491 1993 1518 2019 5.
1537 1983 1670 2011 Suetonius

92 2018 122 2044 in
138 2017 262 2052 Augusto.
300 2017 339 2044 Ex
353 2026 407 2054 quo
421 2020 502 2046 etiam
516 2017 629 2054 intelligi
644 2017 744 2052 potest.
764 2017 831 2045 hanc
845 2028 900 2046 non
916 2018 990 2046 fuisse
1003 2018 1176 2054 abrogatam,
1195 2029 1256 2047 cum
1271 2020 1314 2048 ille
1329 2020 1408 2048 hostis
1421 2021 1554 2056 judicatus
1567 2022 1619 2053 est,
1641 2028 1670 2050 ut

92 2054 149 2082 vult
159 2053 256 2092 Zafius.
277 2055 318 2082 Sic
328 2056 399 2082 enim
413 2056 518 2084 scribit:
539 2056 581 2083 Ad
594 2065 648 2083 tres
659 2056 781 2091 judicum
797 2057 915 2083 decurias
929 2064 1051 2093 quartam
1065 2057 1168 2085 addidit
1183 2067 1215 2086 ex
1230 2058 1357 2086 inferiore
1372 2058 1450 2087 censu
1462 2080 1470 2093 ‚
1490 2069 1548 2098 quae
1561 2060 1668 2088 ducena-

89 2091 186 2121 riorum
200 2102 352 2126 vocaretur‚
371 2094 572 2132 judicarentque
586 2094 618 2122 de
631 2093 775 2122 levioribus
788 2093 911 2121 summis

762 2166 904 2212 Pompey‘a
928 2165 990 2201 lex.

131 2226 268 2255 HaCtenus
283 2226 355 2265 leges
370 2228 403 2256 de
408 2227 535 2263 judicibus
547 2229 717 2258 recitavimus
730 2250 737 2260 ,
757 2230 792 2257 de
806 2229 900 2266 quibus
913 2230 1016 2268 prolixe
1030 2231 1104 2258 Paul.
1120 2236 1224 2259 Manat.
1240 2230 1285 2260 lib.
1299 2232 1332 2261 de
1346 2231 1462 2270 Legibus
1475 2253 1482 2265 ‚
1503 2234 1529 2261 &
1545 2232 1665 2268 Francfi.

92 2265 183 2292 Pollet.
197 2265 241 2293 lib,
253 2276 276 2303 3.
295 2267 415 2294 Historiae
430 2267 492 2294 Fori
507 2268 634 2295 Romani.
662 2268 766 2304 Qibus
779 2268 936 2304 adjiciemus
948 2278 1007 2296 earn
1023 2269 1133 2305 Pompeji
1145 2270 1224 2308 legem
1237 2290 1245 2300 ‚
1262 2280 1312 2308 qua
1324 2271 1385 2300 tulit
1395 2292 1403 2303 ,
1425 2274 1463 2300 Ut
1478 2271 1511 2299 de
1523 2272 1569 2303 iis,
1589 2271 1636 2308 qui
1653 2268 1667 2298 ὲ

93 2302 209 2331 secundo
224 2303 269 2331 suo
283 2303 425 2332 Consulatu
440 2305 472 2332 ad
486 2305 556 2333 hunc
568 2305 649 2344 usque
661 2307 736 2337 diem
749 2305 785 2336 ob
797 2315 856 2335 rem
864 2307 1039 2344 'judicandam
1046 2309 1169 2346 pecunias
1182 2309 1321 2347 cepiffent,
1334 2309 1442 2349 quaestio
1456 2310 1668 2339 constitueretur.

94 2343 228 2376 Appianas
239 2341 286 2373 lib,
295 2352 320 2370 2.
334 2342 368 2371 de
383 2342 460 2372 Bellis
471 2343 601 2373 civilibus.

197 2413 217 2432 ⁸
1004 2415 1065 2446 Llll
1095 2425 1113 2445 2
1548 2417 1676 2455 Capu-r
