2075 2734
477 100 866 128 Dt-:SENAT

110 146 214 178 deiefflrs
226 165 233 177 ,
256 147 272 173 fi
289 148 351 180 turpi
367 148 457 178 iudicio
472 148 637 173 damnarentur
650 164 657 175 ,
674 147 730 171 licet
745 148 888 179 intelligere.

112 180 192 208 nitifi.
211 181 277 212 quod
287 179 378 205 fortasse
389 182 466 205 veritos
478 181 523 208 est,
541 187 591 204 non
603 179 632 203 de
639 178 812 215 senatoribus&
820 181 887 211 equi—

112 212 189 240 tibus,
207 211 244 236 sed
253 219 344 237 rantum
351 211 541 239 destnatoribus,
553 214 677 234 Suetonius
684 211 834 242 lignificavit‚
847 213 871 235 ὃ(
880 229 886 238 ,

110 245 228 276 utriusque
235 247 320 272 ordinis,
327 245 480 275 dixit‚pro,&
488 243 577 275 patricii
586 242 685 270 ordinis,
693 245 716 266 ὅ(
725 242 822 274 plebeii:
831 251 885 267 cum

110 275 136 299 in
149 274 254 300 senatum
267 275 351 308 plebeii
372 277 455 308 pariter
468 276 491 299 ἃ
504 275 739 306 patriciilegerentur.
756 282 824 306 atque
832 275 885 298 huic

108 307 222 338 opinioni
240 308 316 340 (quid
329 308 369 332 alii
381 307 492 333 sentiant,
508 307 611 330 liberum
623 307 709 338 cuique
717 306 759 337 fit)
777 314 823 338 ego
831 307 883 338 qui-

109 338 165 363 dem
178 341 254 371 magis
271 339 399 372 acquiesco.
432 338 529 362 Videtur
542 339 613 362 eriam
631 339 683 370 lege
698 339 793 362 Servilia
811 337 882 362 sanci-

74 395 75 398 *
109 376 176 397 tum,
193 378 218 394 ut
232 388 238 399 ‚
257 371 273 394 ss
290 372 344 403 quis
356 371 385 394 de
398 370 481 394 Latino
495 371 585 401 populo
599 370 730 393 senatorem
743 373 881 394 Romanum

109 401 240 430 accusass'et,
255 403 279 426 ὃς
292 401 417 426 damnasset
430 419 437 429 ‚
454 402 569 425 accusator
581 402 675 425 civitate
688 404 796 425 Romana
809 401 879 425 dona-

108 441 185 461 retur,
202 434 321 458 damnatus
332 435 386 458 loco
400 432 517 457 senatorio
532 440 673 457 moveretur.
691 433 738 457 hoc
749 441 794 465 ego
802 433 878 457 deCi-

107 466 201 489 cernuis
213 465 288 489 verbis
300 464 396 496 expresfi
410 482 416 493 ,
440 473 491 497 quse
506 465 558 489 sunt
576 467 602 489 in
615 465 723 489 oratione
741 472 784 496 pro
798 464 878 490 Balbo.

106 495 158 521 sunt
169 504 245 521 autem
258 497 303 520 haze
314 505 362 529 cap.
372 505 411 525 24.
430 499 486 528 Lege
493 498 591 520 Servilia
600 498 705 530 prmu'pes
717 498 775 524 viri,
793 506 818 520 ac
827 505 878 528 gra-

105 530 198 558 ·m‘ffimi,
217 528 398 561 &sipientiffimi
409 530 467 552 cives
479 530 533 552 hanc
546 530 634 552 Latinis
645 530 708 551 viam
720 530 749 551 ad
760 530 876 551 civitmm

102 561 248 591 pepulijussu
256 567 332 592 parere
342 562 393 593 saffi
401 563 467 589 fierit:
480 569 549 592 nsque
561 562 583 582 in
596 562 629 582 bis
641 560 667 588 est
680 561 717 582 hnc
725 561 875 590 repreheisfitm

107 592 192 613 Licinia
205 607 211 618 ,
229 590 254 614 (θ’
268 593 348 615 Mutia
361 593 406 623 lege
419 602 426 615 :
444 601 492 614 cum
502 592 621 624 praesertim
629 599 697 622 gemis
711 592 780 621 ipsum
792 593 874 621 ‹recusit-

105 623 184 649 rionis,
201 621 226 645 ἐν
239 631 327 651 nomen,
345 622 371 646 (θ’
384 624 489 653 ejusmodi
497 625 614 655 praemium
628 640 634 650 ‚
651 623 708 653 quod
722 631 782 645 nemo
794 623 875 653 affiqm'

101 653 180 684 posset,
197 655 220 676 ni
229 664 235 676 t
247 663 274 677 ea:
282 656 387 685 senatoris
398 656 538 683 calamitate,
556 663 625 686 neque
632 655 743 684 senatori,
759 662 827 685 neque
840 654 874 676 ho-

104 693 129 706 no
141 686 244 716 cuiquam
257 687 452 718 nimis-jucundum
465 688 503 718 esse
514 688 586 718 posset.
620 687 676 709 Non
688 685 786 712 dubim,
803 686 874 717 quin,

103 722 159 739 cum
177 716 257 743 dixit,
282 726 309 740 ex
322 718 427 747 senatoris
448 719 573 741 calamitate
585 734 592 745 ‚
615 717 707 742 ordinis
725 716 873 741 amiffionem

102 747 273 778 significaverit.
290 749 377 780 quibus
389 757 467 774 autem
478 756 507 773 ex
520 748 660 773 criminibus
674 749 712 772 lex
724 749 819 773 servilia
832 751 872 772 La-

101 780 159 802 tinis
171 780 311 804 hominibus
323 781 369 805 hoc
382 781 485 809 dederit,
503 781 558 812 quia
570 781 657 804 Cicero
670 781 816 805 nominatim
824 788 872 804 non

102 813 215 842 exponit,
232 811 358 836 obscurum
368 813 442 836 videri
454 812 536 845 potest.
554 813 701 836 mihitamen
715 811 815 836 dubium
825 819 872 836 nou

102 842 148 869 est,
165 844 224 874 quin
237 844 397 874 accipiendum
411 844 437 867 fit
450 846 479 867 de
491 843 603 867 omnibus
616 843 770 870 criminibus,
788 844 873 875 quibus

102 873 192 897 senator·
205 875 326 898 damnatus
338 876 449 899 ordinem
462 874 603 898 senatorium
617 876 743 898 amitteret:
753 881 792 901 ut,
801 883 874 906 quem

103 905 184 929 locum
203 912 254 928 reus
272 913 359 929 nocens
381 914 479 930 vacuum
499 904 628 937 reliquiilet
641 924 647 933 ‚
671 914 726 930 eum
743 906 872 934 accusator,

100 936 162 966 quasi
175 936 304 968 diligentis
317 937 360 961 suae
372 939 496 968 premium
509 955 516 964 ‚
538 937 655 961 beneficio
667 939 727 970 legis
744 945 872 970 occuparet.

100 968 200 992 crimina
213 975 281 996 vero,
299 968 384 1000 quibus
397 969 486 993 senator
499 969 670 993 condemnatus
684 969 826 1001 amplissimo
837 972 872 993 lo-

98 1006 130 1022 co
142 1000 316 1028 excluderetur,
333 1008 388 1025 eum
401 1008 426 1025 ea
437 1001 546 1028 fuerunt,
562 1001 591 1025 de
604 1001 690 1033 quibus
703 1003 748 1031 jam
761 1003 872 1029 memini,

99 1029 175 1059 furti,
191 1033 310 1063 peculatus
322 1050 329 1060 ,
345 1039 463 1064 captarum
475 1033 626 1065 pecuniarum
638 1050 644 1060 ,
662 1040 705 1064 pro
722 1032 801 1060 socio,
820 1040 873 1058 tum

99 1063 178 1086 multo
191 1065 266 1096 magis
278 1071 302 1088 ea
316 1081 322 1091 ,
339 1064 426 1096 quibus
437 1081 444 1092 ,
462 1066 505 1096 qui
517 1064 640 1088 damnatus
649 1071 696 1088 erat
710 1082 716 1092 ‚
739 1066 761 1089 ei
777 1073 834 1096 aqua
849 1066 872 1089 δε

97 1094 150 1124 igni
164 1095 350 1119 interdicebatur.
368 1095 454 1128 quibus
467 1097 496 1120 de
507 1095 648 1120 criminibus
666 1097 768 1128 populus
780 1104 826 1120 erat
839 1098 871 1126 ju-

99 1128 154 1150 dex.
171 1134 226 1151 cum
239 1129 319 1159 igitur,
340 1130 379 1151 cui
393 1136 449 1159 aqua
463 1129 488 1151 δι
500 1129 552 1158 igni
564 1127 755 1156 interdiceretur,
773 1128 872 1153 cifimul

99 1158 124 1180 ὃ(
137 1158 214 1182 senatu
227 1175 234 1186 ‚
251 1161 275 1182 ὅ(
288 1159 358 1182 omni
372 1159 463 1191 prorsus
475 1167 500 1183 re
512 1159 622 1183 interdici
635 1159 748 1183 conflaret
762 1168 767 1182 :
791 1162 869 1184 nomi-

99 1191 173 1213 natim
187 1196 265 1214 tamen
278 1191 302 1214 in
316 1189 362 1223 ipsa
375 1191 583 1215 condemnationis
600 1191 654 1222 lege
669 1192 794 1215 addebatur
807 1209 813 1219 ,
832 1199 870 1220 ut,

96 1222 136 1244 cui
149 1222 250 1253 populus
262 1222 372 1246 damnato
391 1230 447 1254 aqua
466 1223 555 1254 &igni
573 1222 747 1250 interdixisset,
769 1231 825 1247 eum
841 1232 869 1248 ne

96 1251 138 1276 suo
152 1255 208 1277 loco
219 1253 301 1278 censor
317 1255 343 1278 in
355 1253 460 1278 senatum
472 1255 567 1286 legeret.
584 1255 649 1286 quod
661 1263 716 1279 cum
729 1255 830 1279 Clodius
843 1257 869 1280 in

97 1291 123 1307 ea
136 1285 189 1316 lege
200 1302 208 1313 ,
224 1293 269 1315 qua
283 1286 426 1310 Ciceronem
439 1285 502 1309 Urbe
515 1286 606 1317 expulit
619 1303 625 1313 ‚
646 1286 758 1311 omilisset
771 1304 777 1314 ‚
798 1295 822 1310 ac
836 1295 866 1312 ne

97 1315 158 1339 illud
189 1316 270 1340 uidem
282 1316 368 1341 tulisset
381 1334 388 1344 ‚
411 1324 436 1341 ut
448 1317 470 1341 ei
489 1325 546 1349 aqua
563 1318 587 1341 &
606 1318 657 1348 igni
678 1318 865 1343 interdiceretur:

96 1346 154 1371 ideo
176 1355 203 1375 e,
220 1349 291 1372 etiam
303 1357 358 1373 cum
371 1349 445 1373 aberat
459 1366 466 1376 ‚
483 1347 614 1372 senatorem
627 1349 701 1374 fuisse.
736 1351 821 1375 Cicero
835 1352 865 1375 ait

95 1379 120 1401 iu
135 1380 242 1404 oratione
254 1388 297 1412 pro
309 1384 393 1405 Domo
404 1379 441 1404 sua
453 1388 502 1412 cap.
511 1388 550 1407 31-
568 1379 625 1408 Cur,
643 1382 722 1413 inquit
734 1398 740 1408 ,
757 1391 792 1413 ego
800 1385 862 1414 sena-

96 1416 129 1432 tor
141 1417 190 1434 tum
205 1420 244 1434 non
251 1414 292 1442 sui
305 1429 312 1440 ‚
334 1422 382 1436 rum
395 1421 461 1443 neque
474 1414 550 1436 tuleris
563 1429 570 1440 ,
594 1419 620 1435 ut
634 1415 690 1436 mim
703 1422 760 1444 aqua
775 1413 800 1437 ἐφ’
820 1417 864 1446 igni

92 1443 270 1471 mterdiceremr,
288 1452 355 1475 neque
367 1446 451 1467 caveris
465 1460 470 1470 ‚
488 1452 512 1466 ne
525 1452 571 1466 meo
584 1452 619 1466 me
631 1446 675 1473 locor
685 1447 752 1473 semler
770 1447 863 1475 insenu-

93 1478 143 1496 tum
155 1475 251 1504 legeret?
267 1482 327 1505 qua,
345 1484 394 1498 cum
403 1477 536 1498 alterutrum
543 1475 600 1504 fiztis
612 1476 642 1504 fit
655 1492 661 1502 ,
679 1482 776 1507 utraque
789 1484 861 1500 tamen

91 1505 121 1526 ad
131 1506 261 1536 eripiendam
267 1507 365 1536 senatori
376 1508 504 1537 dignitatem
516 1507 539 1528 in
552 1505 634 1535 legibus
644 1514 802 1537 conjunguntur
811 1525 818 1534 ,
835 1517 860 1532 ut

92 1535 116 1557 in
127 1542 167 1559 rua
180 1539 224 1568 Iege
235 1544 337 1561 neutrum
344 1539 402 1569 suit.
435 1540 488 1561 Haec
500 1537 549 1561 fere
567 1537 596 1560 de
609 1538 732 1561 Ciceronis
745 1538 821 1562 verbis
834 1541 859 1564 in

90 1567 206 1591 Clodium
218 1569 312 1592 elicitur
323 1569 502 1600 argumentatio.
525 1571 631 1600 Qatuor
642 1568 731 1597 causas,
746 1577 786 1593 cur
798 1570 860 1595 sena-

90 1603 154 1622 tores
165 1598 179 1622 ὲ
192 1599 269 1623 senatu
280 1600 432 1629 ejicerentur,
449 1601 647 1624 enumeravimus.
661 1602 774 1633 quintum
787 1610 861 1633 genus

90 1628 137 1653 suit
150 1646 156 1657 ‚
182 1638 237 1655 cum
255 1632 356 1663 populus
382 1632 512 1663 imperium
536 1631 666 1662 abrogabat.
689 1631 775 1663 quibus
793 1635 859 1658 enim

90 1659 226 1693 abrogabat,
243 1664 262 1686 ii
273 1663 351 1687 senatu
363 1662 553 1687 excludebantur.
570 1663 594 1686 id
601 1664 652 1694 lege
665 1663 734 1687 Callia
746 1662 858 1690 sancitum
890 1670 905 1693 g

89 1693 201 1718 Pedianus
214 1694 324 1726 fignificat
336 1702 379 1726 pro
392 1696 421 1717 C.
435 1694 534 1718 Cornel.
553 1702 576 1726 p.
593 1702 644 1721 ¹39.
664 1694 701 1718 his
719 1694 794 1719 verbis
807 1705 812 1719 :
831 1700 858 1722 L,

92 1726 169 1755 Caffius
184 1744 189 1753 ‚
208 1728 235 1750 L.
246 1729 272 1750 F.
285 1728 394 1758 Longinus
408 1726 510 1749 mimum
525 1726 593 1755 plebis
612 1729 633 1748 C.
649 1727 741 1753 Mario,
760 1729 787 1752 L.
803 1731 862 1759 Caffo

89 1757 139 1785 Coffl
153 1758 220 1788 legem
233 1760 290 1781 tulit
300 1775 307 1785 ,
325 1765 351 1780 ut
363 1776 369 1785 ‚
387 1767 452 1788 quem
463 1759 553 1788 populus
562 1757 679 1786 damnasset
692 1774 699 1785 ,
715 1761 778 1782 cuive
792 1762 859 1792 impe-

85 1796 145 1811 rium
161 1790 275 1820 abrogaffit
287 1806 293 1817 ,
318 1790 340 1811 in
355 1791 434 1819 senatu
453 1798 491 1811 nou
508 1791 557 1819 esset
570 1799 577 1811 :
601 1795 626 1811 ut
643 1790 726 1816 Jciu‘iiet
744 1792 858 1815 inimicum

80 1820 164 1850 finum,
184 1829 224 1852 qur
233 1828 283 1844 arne
296 1821 405 1844 biennium
419 1821 587 1850 Consulsuerat,
610 1821 643 1851 ἐζ
656 1822 762 1844 Catilium
776 1824 857 1847 Metel-

87 1852 135 1874 lum
143 1852 317 1883 finarugjireret
330 1869 337 1880 ,
354 1854 412 1884 quod
425 1853 546 1884 eipopulus
560 1868 567 1879 ,
590 1857 676 1884 propter
691 1860 736 1876 tem
752 1855 858 1885 adversm

89 1882 182 1908 Cimbros
193 1886 251 1908 mate
260 1885 345 1916 gestam
361 1886 401 1914 inq
408 1885 478 1906 crium
490 1882 639 1915 abrogaverat.

335 1948 359 1974 C
381 1956 398 1973 Λ
419 1956 433 1973 Ρ
453 1955 472 1972 υ
492 1956 521 1973 τ’
549 1946 604 1974 IV.

283 2013 323 2038 De
347 2008 396 2037 loco
418 2008 525 2037 habendi
542 2010 658 2044 senatus.

167 2073 244 2098 ultum
258 2072 310 2098 sane
322 2072 403 2098 vidisse
421 2079 509 2097 veteres
527 2072 631 2097 Romani
650 2071 712 2096 mihi
731 2071 855 2099 videntur,

87 2074 162 2134 M
183 2107 239 2137 qui,
256 2114 306 2130 non
319 2112 344 2129 ut
357 2105 461 2137 profanis
474 2107 499 2129 in
506 2106 578 2131 locis,
597 2103 635 2128 sed
648 2111 672 2127 ut
686 2106 711 2128 in
725 2103 789 2127 sacris
801 2104 854 2127 adi-

85 2135 128 2160 bus
140 2137 228 2161 senatus
241 2137 361 2161 haberetur
373 2155 380 2165 ,
397 2137 546 2161 instituerint.
564 2137 680 2160 nimirum
694 2135 854 2166 sapientissimi

87 2168 197 2193 homines
210 2170 233 2193 id
248 2170 390 2201 speetarunt,
404 2176 429 2193 ut
442 2168 555 2193 senatores
564 2186 570 2196 ,
584 2167 644 2200 quali
659 2167 778 2204 [ar-*tientes
791 2168 857 2195 dcos,

84 2201 153 2224 veriti
167 2218 173 2228 ,
195 2202 278 2226 eadem
290 2202 406 2233 religione
417 2201 543 2225 confilium
556 2200 585 2224 de
604 2200 721 2232 republica
733 2206 854 2235 caperent,

85 2238 129 2262 qua
149 2232 254 2257 divinam
278 2241 328 2257 rem
350 2233 508 2257 administrare
529 2232 657 2257 sacerdotes
676 2231 854 2256 consuevissenr.

84 2264 215 2289 Habebatur
227 2266 316 2289 senatus
325 2265 380 2289 loco
394 2272 432 2297 per
447 2265 539 2296 auguria
547 2264 690 2290 constituto,
713 2264 738 2288 id
750 2263 796 2290 est,
813 2271 851 2287 aut

84 2295 109 2319 in
122 2297 206 2324 curiis,
224 2305 261 2321 aut
274 2298 298 2321 in
311 2297 412 2322 deorum
424 2297 533 2329 templis:
550 2303 616 2323 tum,
634 2302 671 2319 aut
684 2296 709 2319 in
722 2295 796 2322 Urbe,
814 2302 852 2319 aut

81 2335 145 2352 extra
158 2330 255 2354 Urbem.
273 2330 363 2361 primus
376 2329 506 2356 Romulu5‚
522 2328 599 2353 senatu
612 2335 687 2352 creato
696 2345 702 2355 ,
720 2335 745 2352 ut
758 2329 782 2351 in
792 2334 851 2351 tem-

83 2360 124 2392 plo
138 2361 234 2387 Vulcani
246 2368 310 2388 extra
327 2361 415 2388 Urbem
434 2360 554 2388 haberetur
568 2378 574 2391 ,
597 2360 706 2396 instituit,
738 2359 853 2387 Hostilius

908 98 1319 129 uRonano.

926 145 979 168 Rex
987 145 1077 170 curiam
1090 145 1229 172 Hostiliam,
1248 152 1300 176 quaa
1312 149 1360 169 erat
1372 143 1396 170 in
1414 145 1490 174 Urbe,
1506 147 1658 174 consultandi
1670 119 1710 176 170?

924 183 979 200 cum
991 177 1137 202 senatoribus
1149 177 1193 201 effe
1204 177 1289 201 voluit.
1302 176 1354 209 post
1365 179 1457 202 exactos
1470 181 1546 210 Reges
1560 197 1566 207 ,
1586 182 1663 206 modo
1675 185 1702 208 in

922 207 989 238 Jovis
1003 227 1009 237 ,
1028 210 1149 240 Apollinis
1162 226 1168 235 ‚
1187 208 1270 232 Martis
1284 227 1290 238 ‚
1307 210 1410 234 Bellonae
1423 228 1429 237 ,
1450 211 1552 236 Cassoris
1566 229 1573 239 ‚
1591 217 1702 240 Concor⁴

922 239 979 268 diae,
998 241 1096 265 Virtutis
1110 259 1115 268 ‚
1134 241 1198 265 Fidei
1213 257 1219 268 ‚
1237 242 1278 264 alia
1291 247 1398 274 praterea
1412 244 1514 274 templa,
1532 245 1608 268 modo
1620 247 1644 269 in
1658 248 1701 272 (ὑ.

919 272 977 299 rias,
996 273 1136 300 Hostiliam,
1154 274 1410 304 Pompeiam,-Juliain
1423 291 1429 302 ‚
1448 275 1552 299 senatum
1565 279 1698 303 convenisse

918 303 1028 334 legimus.
1041 312 1088 328 erat
1102 305 1230 336 utrobique
1244 306 1329 337 religio
1345 313 1384 337 par
1397 314 1403 328 :
1432 314 1510 339 neque
1529 308 1595 332 enim
1616 311 1697 334 minus

916 334 979 358 sacrae
992 337 1060 360 curiae
1075 353 1080 363 ‚
1108 344 1179 368 quam
1200 337 1300 361 deorum
1320 339 1386 362 aedes,
1404 338 1508 370 ideoque
1527 340 1551 363 ὃ(
1570 341 1696 367 Hostiliam

914 367 1003 390 curiam
1015 369 1134 399 templum
1149 368 1229 391 Livius
1243 369 1355 399 appellat:
1374 370 1543 403 &ubicunque
1556 369 1646 396 senat'us
1657 374 1696 397 ha-

914 397 1006 422 beretur
1018 416 1024 426 ‚
1043 399 1087 423 live
1100 400 1124 423 in
1138 400 1212 426 curia,
1230 399 1276 423 five
1288 401 1313 424 in
1327 402 1420 433 templo
1435 419 1442 430 ,
1460 410 1515 426 eum
1529 404 1611 428 locum
1624 406 1694 430 curiae

912 431 1013 453 nomine
1027 430 1187 455 indifferenter
1199 438 1285 455 veteres
1298 432 1435 462 lignificant.
1463 435 1525 459 Illud
1538 442 1624 460 attente
1636 443 1694 462 con-

910 460 1056 486 siderandum
1065 480 1071 489 ,
1089 471 1128 486 tur
1141 462 1246 487 senatum
1259 464 1284 487 in
1298 466 1390 495 templo
1405 467 1502 490 Virtutis
1515 467 1622 492 habitum
1636 468 1690 497 effe,

910 493 996 517 Cicero
1010 494 1095 518 dixerit
1108 496 1132 518 in
1146 496 1255 518 oratione
1267 502 1310 525 pro
1322 497 1417 520 Sextio:
1435 505 1455 521 at
1470 499 1494 522 in
1509 500 1590 523 eadem
1600 517 1607 528 ,
1616 502 1692 534 &pro

910 526 992 548 Domo
1006 525 1055 553 sua,
1074 527 1098 549 in
1112 527 1202 556 templo
1218 527 1282 554 Iovis
1296 535 1301 549 :
1319 535 1374 551 cum
1386 530 1416 552 de
1429 530 1534 557 ejuldem
1549 532 1597 555 dici
1609 532 1690 557 senatu

909 557 1028 580 manifeste
1041 558 1159 588 loquatur.
1177 559 1301 582 nonenim
1316 566 1374 589 puto
1388 562 1416 584 de
1431 563 1526 585 Virtutis
1542 565 1618 595 aliqua
1629 566 1687 590 cella

907 587 1031 619 fignificari
1051 588 1114 620 polle
1127 607 1133 617 ,
1156 597 1207 620 qux
1226 589 1251 613 in
1272 590 1342 621 ipfius
1359 592 1425 622 Jovis
1445 595 1536 624 templo
1556 596 1617 619 eilet.
1635 605 1686 621 non

907 620 973 644 enim
986 621 1042 644 cella
1055 621 1100 644 fuit
1111 637 1117 648 ,
1143 621 1168 644 in
1187 629 1259 652 quam
1277 629 1307 644 eo
1324 623 1363 646 die
1378 622 1467 647 senatus
1486 629 1599 651 convenit
1612 644 1619 655 ,
1647 628 1686 653 sed

907 652 1024 683 templum
1035 652 1096 676 illud
1111 652 1221 680 Virtutis,
1241 653 1307 685 quod
1320 656 1351 678 C.
1366 656 1452 679 Marius
1465 656 1556 682 fecerat.
1574 660 1686 691 itaque&

906 683 931 706 in
945 683 985 707 hac
1003 691 1046 715 pro
1066 685 1145 707 Sextio
1160 701 1166 711 ,
1189 685 1213 708 ὃς
1233 686 1259 708 in
1279 685 1309 709 de
1328 686 1477 712 divinatione
1495 689 1559 713 libro
1579 693 1596 715 1.
1614 693 1687 717 Marii

906 722 1092 739 monumentum
1107 716 1241 747 appellatur.
1265 716 1342 741 Festus
1354 719 1424 743 eriam
1433 737 1439 747 ‚
1457 728 1507 745 non
1521 721 1588 746 fuisse
1601 724 1686 748 cellam

905 747 1004 771 Virtutis
1022 748 1047 771 in
1062 748 1128 778 Jovis
1147 748 1240 779 templo
1254 765 1261 775 ‚
1288 748 1326 772 sed
1346 751 1466 782 templum
1486 751 1614 784 reparatum
1627 772 1634 783 ,
1661 757 1687 780 δε

904 778 975 809 ipsius
988 779 1085 804 Virtutis
1094 780 1219 810 proprium
1233 797 1239 807 ,
1263 779 1360 804 declarat
1374 782 1409 806 his
1421 783 1497 808 verbis
1511 792 1517 806 :
1537 786 1688 811 Summiffio-

906 816 956 833 rem
970 811 1020 834 aliis
1036 811 1110 835 :edem
1124 812 1243 837 Honoris,
1264 812 1287 835 &
1303 813 1399 836 Virtutis
1412 817 1440 838 C.
1455 817 1543 840 Marius
1556 817 1612 841 fecit
1624 826 1629 841 :
1653 826 1687 843 ne

904 841 921 864 {i
934 841 1039 866 officeret
1051 842 1156 874 auspiciis
1175 841 1275 873 sublicis
1286 860 1293 870 ,
1311 851 1408 875 augures
1421 853 1472 870 eam
1487 848 1601 872 demoliri
1614 857 1687 882 coge-

905 880 963 897 rent.
987 877 1012 897 In
1027 874 1088 898 Urbe
1100 873 1189 897 senatus
1202 875 1344 906 plerumque
1359 877 1495 905 habebatur,
1514 887 1577 903 extra
1594 881 1685 907 Urbem

905 905 929 928 iu
946 905 994 929 κᾶε
1008 906 1108 929 Bellone
1121 913 1170 929 non
1183 905 1226 930 nisi
1239 907 1328 930 duabus
1346 907 1376 931 de
1388 909 1458 932 caulis
1472 926 1477 936 ‚
1496 912 1533 934 vel
1547 929 1553 938 ‚
1571 913 1639 943 quod
1652 915 1684 937 ait

904 936 979 960 Festus
992 955 998 965 ,
1025 938 1048 961 &
1067 945 1095 961 ex
1112 937 1206 961 historia
1225 938 1376 969 cognoscitur
1389 956 1395 967 ‚
1420 947 1445 964 ut
1458 941 1529 973 legari
1551 951 1684 970 exterarum

904 969 1012 998 gentium
1024 969 1098 993 adesse
1110 969 1213 1000 possent,
1233 969 1319 1000 quibus
1332 970 1358 994 in
1372 971 1434 996 Urbe
1447 972 1551 998 senatum
1566 975 1614 999 dari
1628 983 1684 1001 mos

903 1007 953 1023 non
964 999 1009 1024 fuit
1022 1017 1028 1027 ‚
1047 1001 1173 1032 presertim
1185 1018 1191 1028 ,
1210 1007 1236 1023 ut
1248 1000 1311 1025 libro
1324 1004 1395 1027 XLII.
1419 1005 1502 1028 Livius
1526 1006 1629 1032 osseudit
1641 1024 1648 1036 ‚
1665 1008 1684 1035 fi

902 1030 930 1055 ab
943 1031 1050 1056 hostibus
1062 1032 1169 1057 venirent
1181 1040 1186 1055 :
1205 1032 1241 1056 vel
1256 1049 1262 1059 ‚
1282 1032 1348 1065 quod
1362 1033 1440 1065 ipsum
1454 1043 1483 1059 ex
1496 1036 1591 1062 historia
1604 1046 1681 1071 patet,

902 1069 928 1087 ut
941 1063 1013 1088 adelse
1024 1064 1105 1088 liceret
1118 1065 1148 1088 iis
1160 1082 1167 1092 ‚
1190 1064 1302 1096 quicum
1321 1065 1425 1097 irnperio
1445 1074 1516 1094 erant.
1538 1069 1582 1094 esse
1601 1078 1681 1097 autem

902 1103 957 1119 cum
977 1096 1080 1127 imperio
1100 1096 1235 1120 dicebantur
1253 1096 1291 1124 ii,
1314 1098 1400 1128 quibus
1422 1098 1511 1123 senatus
1530 1101 1680 1135 populusque

903 1130 1025 1151 Romanus
1043 1129 1172 1152 exercitum
1191 1128 1303 1151 dederat:
1323 1131 1365 1160 qui
1380 1146 1386 1156 ‚
1404 1131 1447 1154 nisi
1465 1133 1529 1162 prius
1547 1135 1680 1165 imperium

901 1158 1072 1190 deponimur,
1090 1160 1182 1191 ingredi
1196 1159 1284 1183 Urbem
1294 1159 1385 1191 legibus
1397 1162 1539 1188 vetabantur.
1558 1168 1627 1190 Olim
1635 1168 1679 1192 rria

900 1197 990 1214 tantum
1008 1192 1113 1215 cenacula
1128 1209 1134 1218 ,
1159 1190 1199 1215 ubi
1220 1189 1309 1215 senatus
1329 1192 1450 1217 haberetur
1463 1211 1470 1222 ,
1495 1195 1562 1220 fuiffe
1578 1200 1678 1227 Romae,

898 1221 985 1254 striplit
998 1222 1142 1246 Nicostratus
1154 1223 1179 1247 in
1193 1222 1255 1246 libro
1270 1223 1299 1246 de
1312 1222 1390 1248 senatu
1405 1234 1410 1248 ;
1430 1233 1506 1250 unum
1521 1244 1528 1255 ,
1546 1227 1586 1252 ubi
1600 1230 1677 1261 postea

898 1254 956 1278 aedes
969 1255 1109 1278 concordia
1122 1254 1179 1282 fuit,
1198 1255 1260 1278 inter
1274 1255 1425 1286 Capitolium
1439 1274 1445 1285 ,
1465 1258 1490 1282 ὅ(
1502 1258 1583 1284 forum
1598 1269 1603 1282 :
1622 1263 1689 1287 alte--

897 1293 950 1309 rurn
962 1285 989 1308 ad
1001 1293 1095 1316 portam
1108 1289 1239 1318 Capenam:
1257 1287 1354 1310 tertium
1368 1289 1393 1311 in
1407 1289 1454 1312 κᾶε
1466 1291 1576 1315 Bellonae.
1601 1293 1675 1316 Nico-

896 1316 956 1341 strati
968 1317 1027 1341 liber
1039 1325 1088 1341 non
1102 1318 1170 1342 exstat
1183 1326 1189 1340 z
1207 1317 1259 1345 sed,
1277 1325 1328 1348 quae
1340 1319 1411 1344 nobis
1423 1328 1452 1345 ex
1466 1322 1598 1348 Nicostrato
1613 1332 1678 1355 acce,

898 1356 935 1380 pta
949 1349 1025 1373 Festus
1038 1350 1152 1378 narravit,
1170 1357 1195 1373 ea
1209 1350 1380 1376 renuntiamus.

1160 1414 1335 1442 CAPUT
1377 1418 1415 1446 V,

1068 1477 1110 1500 De
1129 1481 1236 1507 tempore
1252 1472 1361 1500 habendi
1377 1475 1494 1509 senatus,

952 1543 1001 1561 rant
1013 1537 1070 1561 certi
1084 1536 1134 1561 dies
1149 1554 1155 1565 ‚
1174 1536 1261 1569 quibus
1277 1537 1358 1562 haberi
1372 1537 1463 1564 senatus
1475 1539 1549 1571 posset
1563 1549 1569 1565 τ
1590 1543 1672 1575 ἰτείης

966 1570 1036 1596 certi,
1054 1569 1140 1600 quibus
1151 1576 1201 1593 non
1215 1568 1300 1600 poffet:
1320 1570 1364 1602 qui
1376 1572 1509 1596 comitiales
1522 1574 1668 1604 dicebantur,

889 1600 952 1631 quari
964 1600 1115 1632 popularibus
1133 1601 1241 1625 comitiis
1259 1601 1330 1626 dicati
1344 1610 1350 1624 :
1374 1609 1415 1633 pet
1427 1610 1469 1627 eos
1482 1605 1549 1629 enim
1562 1606 1612 1630 dies
1631 1609 1669 1632 ani

890 1639 945 1654 cum
958 1632 1049 1663 populo
1062 1632 1153 1655 licebat.
1166 1639 1236 1663 atque
1249 1632 1295 1655 hoc
1308 1649 1315 1660 ,
1334 1640 1385 1657 non
1398 1635 1511 1666 equidem
1525 1644 1584 1668 puto
1597 1637 1610 1661 Ξ
1621 1627 1670 1664 ΡΞ-

909 1662 959 1685 ibns
972 1680 979 1690 ‚
1001 1670 1056 1686 cum
1069 1663 1182 1687 nondum
1194 1670 1230 1687 tot
1241 1663 1354 1687 institutis
1372 1666 1453 1690 civitas
1466 1674 1544 1699 egeret
1559 1686 1565 1696 ,
1587 1668 1628 1694 sed
1640 1671 1668 1696 in

888 1694 1008 1725 republica
1022 1694 1091 1718 video
1106 1694 1232 1726 diligenter
1244 1694 1391 1719 observatum
1405 1705 1411 1719 ε
1435 1698 1479 1722 nifi
1498 1698 1514 1722 fi
1527 1701 1562 1724 rei
1575 1703 1668 1732 magni-

888 1726 947 1749 tudo
959 1725 1028 1749 ferret
1042 1743 1048 1753 ‚
1073 1733 1098 1750 ut
1110 1726 1156 1750 fine
1175 1734 1242 1750 mora
1260 1726 1409 1752 referendum
1429 1729 1456 1752 ad
1476 1730 1581 1756 senatum
1600 1732 1666 1760 esset.

888 1764 942 1781 tuuc
954 1759 1019 1782 enim
1033 1757 1126 1782 dierum
1140 1758 1299 1782 comitialium
1312 1760 1371 1782 ratio
1384 1766 1432 1784 non
1446 1760 1576 1788 habebatur.
1595 1765 1662 1797 quod

889 1796 966 1813 tamen
980 1789 1051 1813 semel
1063 1790 1150 1813 fastum
1166 1789 1210 1813 else
1221 1791 1323 1821 legimus
1336 1807 1342 1817 ‚
1366 1798 1391 1815 ut
1410 1793 1434 1816 in
1448 1792 1664 1826 senatusconsulto,

888 1822 954 1852 quod
967 1821 997 1845 est
1010 1822 1036 1845 in
1049 1822 1145 1853 epistola
1163 1824 1198 1846 M.
1214 1823 1288 1845 coelii
1301 1839 1308 1849 ,
1326 1822 1369 1846 lib.
1384 1826 1442 1848 Vlll.
1455 1827 1519 1850 Fam.
1531 1827 1597 1858 epist.
1612 1827 1663 1853 suc-

887 1852 1013 1877 ceffionem
1027 1854 1093 1877 enim
1107 1853 1282 1885 provinciarum
1294 1855 1374 1884 primo
1388 1862 1486 1888 quoque
1499 1864 1608 1890 tempore
1623 1867 1664 1886 eg-

887 1885 963 1915 pediri
978 1903 983 1911 ‚
1008 1892 1033 1908 ut
1045 1884 1120 1908 Caesar
1136 1886 1165 1908 de
1178 1886 1297 1916 provincia
1312 1886 1386 1909 Gallia
1405 1895 1550 1913 revocaretur
1563 1907 1570 1917 ‚
1591 1891 1662 1922 ipsius

887 1917 979 1939 Casaris
992 1916 1085 1939 inimici
1098 1916 1231 1947 cupiebant.
1248 1917 1357 1940 Kalendis
1369 1918 1485 1948 januarii.
1502 1929 1552 1952 quo
1564 1922 1662 1948 diema-

885 1947 1006 1977 gissratum
1020 1945 1135 1971 Consules
1147 1946 1239 1971 inibant
1253 1963 1259 1974 ‚
1276 1948 1327 1979 post
1342 1948 1449 1974 sacrificia
1461 1952 1505 1976 rite
1517 1954 1606 1984 peraCta
1619 1962 1660 1980 co-

885 1978 935 2001 asto
949 1978 1027 2002 senatu
1040 1978 1155 2003 Consules
1167 1980 1273 2010 primum
1285 1980 1314 2003 de
1328 1979 1416 2005 divinis
1430 1982 1512 2012 rebus,
1529 1986 1617 2011 deinde
1629 1986 1660 2012 de

885 2010 1002 2041 republica
1016 2010 1157 2038 referebant,
1175 2018 1224 2034 non
1238 2011 1346 2043 utrique,
1365 2011 1403 2036 sed
1416 2014 1472 2039 alter
1484 2032 1491 2042 ,
1510 2016 1529 2039 is
1543 2018 1658 2050 inquam,

885 2049 926 2073 qui
946 2043 1024 2074 priore
1042 2042 1099 2066 loco
1117 2042 1208 2066 Consul
1232 2049 1319 2066 creatus
1342 2043 1403 2068 ell'et.
1428 2045 1555 2073 servabatur
1580 2057 1659 2076 autem

886 2081 935 2098 non
948 2075 1028 2106 primo
1040 2081 1133 2098 tantum
1146 2075 1200 2097 anni
1218 2074 1256 2097 die
1269 2092 1276 2101 ‚
1302 2073 1340 2098 sed
1353 2077 1447 2107 quoties
1459 2078 1579 2105 haberetur
1592 2081 1658 2107 seua-

884 2112 920 2129 tus
934 2123 940 2133 ,
958 2114 982 2130 ut
997 2107 1016 2129 is
1029 2122 1036 2132 ,
1054 2107 1096 2138 qui
1107 2105 1211 2130 senatum
1225 2105 1342 2130 habiturus
1355 2107 1423 2136 effer,
1440 2116 1565 2142 antequam
1578 2114 1656 2145 ingre-

883 2137 989 2165 deretur,
1006 2137 1063 2161 sacra
1076 2137 1172 2165 faceret,
1190 2137 1270 2162 hostiis
1284 2138 1412 2165 maioribus
1424 2141 1450 2165 in
1463 2142 1518 2166 foro
1531 2144 1558 2168 ad
1569 2153 1658 2176 praeco-

883 2177 939 2194 nem
953 2171 977 2193 &
991 2169 1018 2193 ad
1033 2169 1157 2194 tibicinem
1167 2170 1306 2194 immolatis.
1320 2171 1419 2204 reliquis
1430 2171 1481 2202 sex,
1495 2177 1656 2207 quiKalendas

882 2201 1058 2234 consequuntur
1072 2219 1078 2229 ‚
1100 2202 1201 2234 Januarii
1217 2202 1299 2225 diebus
1318 2202 1396 2227 haberi
1416 2203 1521 2231 senatum
1538 2207 1654 2238 potuisse,

883 2233 956 2257 biduo
968 2240 1066 2264 excepto
1079 2234 1209 2261 comitiali,
1226 2241 1255 2257 ex
1268 2232 1354 2258 Caesare
1365 2238 1523 2267 cognovimus
1537 2255 1544 2267 ‚
1561 2239 1624 2263 libro
1635 2243 1654 2265 Ι.

882 2265 911 2289 de
924 2265 988 2290 bello
1001 2266 1068 2290 civili
1080 2273 1128 2298 cap.
1145 2274 1166 2293 5.
1183 2266 1225 2297 qui
1237 2272 1315 2290 tamen
1328 2267 1389 2291 inter
1401 2269 1445 2293 hos
1457 2269 1527 2294 eslent
1540 2270 1599 2294 duos
1612 2279 1653 2295 co-

881 2298 983 2322 mitiales
995 2297 1057 2325 dies,
1094 2306 1137 2322 uos
1147 2298 1220 2321 Caesar
1232 2305 1283 2322 non
1296 2299 1419 2328 nomfflar,
1438 2309 1486 2325 non
1500 2302 1572 2326 cuivis
1582 2303 1656 2328 inter-

882 2329 976 2354 noscere
987 2329 1055 2354 facile
1067 2337 1079 2354 e
1101 2348 1106 2354 .
1125 2329 1192 2361 quod
1204 2337 1248 2353 uos
1261 2347 1269 2358 ,
1292 2337 1375 2362 utpote
1388 2333 1429 2364 qui
1444 2335 1603 2358 Romanarum
1617 2342 1655 2360 xe-

879 2369 933 2390 tam
945 2361 1081 2391 tractatione
1093 2361 1289 2423 itaoblgstamun
1306 2363 1412 2395 mainil,
1429 2365 1536 2397 quamvis
1553 2365 1655 2396 humile,

1202 2401 1245 2420 [Η
1254 2401 1264 2420 t
1281 2403 1294 2422 z
1596 2406 1656 2426 cou-
