2075 2734
366 102 425 137 456
667 88 1668 123 AuriQuirArvuRoiuAnanmein.V1.

368 146 566 176 maoistmtum‚
588 145 616 172 ὃς
635 143 713 181 legem
734 144 759 171 ei
777 141 963 172 centuriatum,
983 146 1028 168 aut
1045 137 1170 167 curiatam
1189 139 1244 175 jai-n
1264 139 1401 177 designato
1420 138 1499 166 ferre.
1539 138 1672 168 Prioribus
1688 140 1773 178 igitur
1783 140 1888 170 comitiis
1902 145 1951 173 dei

366 169 535 221 figffabantur
550 182 717 218 magistratus
727 201 734 211 ‚
757 178 944 217 posterioribus
959 179 1017 215 lege
1030 176 1282 209 confirmabantur,
1294 179 1345 205 &c.
1371 179 1436 205 Haec
1449 177 1500 204 ille.
1520 176 1575 215 Q
1589 185 1681 206 tamen
1696 188 1755 206 rnos
1768 180 1802 208 de
1816 178 1885 209 binis
1897 181 1948 210 hu.

364 221 483 257 jusmodi
497 221 616 248 comitiis
629 228 684 246 non
698 219 804 254 temper
815 217 968 246 observatus
977 237 984 247 ,
1010 214 1054 244 fied
1070 223 1188 243 mutatus
1200 214 1387 252 posterioribus
1403 214 1570 250 temporibus
1582 215 1619 242 est
1632 236 1640 247 ,
1660 218 1688 244 ὃ(
1700 216 1838 246 inventum
1853 219 1947 249 locum

364 258 539 286 iiiccess‘erunt
552 257 613 285 bina
625 256 725 283 comiti-r
734 254 914 293 prerogativa,
934 257 960 283 ὅς
974 254 1034 290 jure
1048 260 1220 285 vocatarum,
1240 254 1279 281 uti
1292 253 1372 289 paulo
1385 253 1443 289 post
1457 253 1572 281 dicetur:
1593 253 1666 290 quod
1681 259 1740 282 tum
1749 253 1830 284 finire
1843 256 1945 287 factum

365 296 488 332 suspicari
500 296 577 326 licet,
599 302 661 322 cum
676 303 803 321 numerus
817 293 936 321 tribuum
951 292 1061 329 triginta
1074 292 1192 330 quinque
1206 291 1243 318 est
1256 290 1385 326 expletus.

408 334 466 362 Alia
486 332 518 360 ab
540 332 589 360 hac
600 332 652 369 lege
664 330 762 358 curiam
776 332 809 359 de
822 330 1028 359 confirmatione
1041 327 1236 366 magt-stratuum
1251 328 1449 366 defigriatorum
1462 347 1471 359 ‚
1498 328 1534 356 est
1547 328 1590 356 illa
1603 328 1636 356 de
1649 329 1766 367 imperio
1780 332 1946 367 eorundemfi

369 382 426 409 qux
442 370 638 407 magistratibus
651 377 681 398 ut
696 378 760 405 puta
775 368 949 401 Consulibus}
970 369 996 395 &
1010 367 1066 395 aliis
1082 369 1110 394 in
1124 367 1308 402 provinciam,
1328 368 1356 394 ὃς
1369 367 1403 394 ad
1417 365 1518 394 bellum
1534 376 1597 394 cum
1611 365 1728 404 imperio
1742 367 1850 396 militari
1857 371 1948 405 profe..

370 410 450 437 &uris
463 429 470 440 ‚
492 407 625 436 ferebatur
635 427 642 439 ‚
663 416 694 436 ac
708 407 850 443 postremis
867 407 951 434 etiam
964 404 1131 443 temporibus
1145 403 1349 431 observabatur:
1378 405 1412 432 Et
1426 403 1480 431 fine
1495 413 1546 441 qua
1561 405 1755 441 magistratibus
1771 415 1833 433 rem
1846 406 1945 436 milita-

368 456 428 474 rem
449 445 582 483 attingere
594 454 649 473 non
665 445 761 473 licebat
774 466 781 477 ,
807 452 837 473 ut
852 444 937 471 cicero
949 443 1075 480 loquitur.
1114 443 1277 479 Qanquam
1289 440 1408 479 legamus
1422 451 1616 479 nonnunquam
1630 442 1855 473 senatusconsulto
1867 464 1876 477 ‚
1903 445 1947 475 vel

363 483 485 519 plebtftito
502 483 577 513 idem
595 484 636 519 jus
657 482 851 520 magistratibus
869 481 1000 510 tributum
1021 479 1097 508 fuiffe
1111 479 1184 512 sicuti
1197 480 1280 508 etiam
1294 480 1353 514 jure
1367 480 1510 519 provinciae
1521 500 1530 512 ‚
1551 481 1598 512 iis,
1619 481 1667 518 qui
1678 481 1707 508 in
1719 482 1870 517 provincias
1883 483 1948 512 mit..

369 522 510 552 tebantur,
531 530 590 548 rem
605 520 750 548 militarem
765 521 895 557 attingere
908 518 1011 547 licebat.
1047 518 1128 554 Qod
1142 524 1235 546 tamen
1249 518 1267 545 1i
1271 516 1329 555 sine
1340 524 1438 544 carrata
1449 518 1503 555 Iege
1516 517 1648 550 facerent,
1667 520 1783 555 propriis
1797 518 1946 557 sumptibus

370 560 398 587 in
413 559 561 596 provincias
574 559 613 586 ire
625 558 788 596 cogebantur
801 569 807 586 ε
834 558 853 585 fi
867 567 931 584 vero
945 557 1023 593 legem
1036 555 1163 582 curiatam
1175 555 1333 591 accepissent
1345 576 1354 587 ,
1374 562 1433 583 tum
1447 565 1480 583 ex
1494 557 1586 584 aerario
1601 555 1747 589 viaticum,
1766 557 1793 585 id
1808 558 1858 587 est.
1877 558 1949 586 firm-

370 605 431 634 ptus
445 598 473 625 in
487 596 576 624 mulos
587 617 595 628 ,
615 596 749 627 vehicula,
766 598 797 625 ὃς
808 595 974 624 tabernacula
989 597 1015 622 &c
1027 600 1120 621 caetera
1134 592 1287 630 hujusmodi
1301 594 1475 621 instrumenta
1488 593 1525 621 eis
1536 593 1778 630 suppeditabantur.
1810 595 1950 633 Regulari·

370 642 413 662 ter
432 643 538 666 autem,
557 634 751 671 magistratibus
770 633 888 665 urbanis,
909 635 936 661 ὃς
949 630 1170 668 provincialibus,
1191 631 1210 658 fi
1223 638 1300 659 extra
1311 630 1415 659 Urbem
1429 629 1529 658 bellum
1543 633 1606 659 essct
1618 632 1783 668 gerendum,
1801 633 1949 670 imperium

371 672 486 701 militare
504 672 556 709 lege
572 671 670 699 curiam
689 671 870 700 tribuebatur:
897 671 926 698 in
946 669 1020 697 Urbe
1040 678 1105 696 vero
1125 667 1260 697 seditionis
1278 668 1389 706 alicujus
1406 668 1598 705 restinguendae
1617 668 1691 696 causa
1703 688 1712 700 ,
1736 678 1818 707 quarn
1838 672 1871 699 ad
1888 681 1948 700 rem

372 712 491 739 exercitu
510 719 575 747 opus
589 717 645 738 erat
656 729 664 741 ,
691 710 806 737 militare
819 709 963 745 imperium
980 706 1175 744 magistratibus
1189 706 1299 735 dabatur
1312 707 1421 734 summo
1434 706 1481 734 illo
1492 705 1716 735 senatusconsulto
1729 717 1736 734 z
1763 707 1871 736 Videant
1885 713 1949 737 Con.

366 748 436 783 fides
449 768 457 781 ,
482 758 514 775 ne
533 747 599 785 quid
609 746 740 782 respublica
753 745 899 774 detrimenti
920 745 1005 780 capiat
1019 764 1027 774 ,
1054 745 1080 772 id
1094 745 1169 781 quod
1181 744 1311 782 Sallustius
1327 746 1433 772 docet!
1456 745 1491 772 Et
1510 743 1565 772 haec
1578 744 1688 782 quidem
1703 745 1796 773 omnia
1807 747 1909 782 prolixe
1922 749 1950 777 &c

373 785 518 823 diligenter
530 785 643 821 explicat
657 785 765 812 Carolus
776 789 889 822 Stgomus
902 785 930 811 in
942 783 1079 819 posteriori
1092 791 1156 809 cum
1170 783 1285 809 Gracchto
1299 782 1490 819 disputatione,
1511 784 1538 810 &c
1551 782 1569 809 l.
1578 792 1603 820 3.
1615 782 1649 810 de
1659 782 1720 818 jure
1732 783 1948 820 provinciarum,

374 833 432 860 cap.
441 834 468 860 5.
482 826 508 852 &
520 822 702 859 sequentibus,
720 824 755 850 de
767 823 861 859 quibus
873 822 955 850 etiam
969 821 1046 849 nobis
1059 820 1112 847 alio
1124 819 1186 848 loco
1200 819 1316 856 plui2ibus
1331 820 1381 848 erit
1393 821 1537 857 agendum.

412 862 536 898 Sequitur
553 868 584 888 ut
604 862 638 889 de
658 860 710 897 lege
729 869 826 887 curiata
845 858 1034 896 arrqgationum
1054 858 1152 886 dicam.
1192 858 1223 890 ln
1239 859 1271 885 iis
1281 859 1371 895 itaque
1383 858 1501 887 comitiis
1513 865 1608 894 praeter
1620 856 1753 896 superiora
1765 857 1809 887 illa
1821 859 1952 897 generalia

373 900 455 927 etiam
475 898 531 926 haec
549 893 762 927 bbservabantur.
804 899 869 925 Non
890 905 994 924 tantum
1014 896 1129 924 latorem
1148 894 1214 932 legis
1227 916 1236 927 ‚
1256 895 1367 932 eosque,
1387 896 1456 923 inter
1475 905 1542 933 quos
1559 897 1685 933 arrogatio
1704 897 1798 929 fiebat,
1818 900 1845 926 &
1865 900 1951 927 curias

373 936 529 973 suffragium
545 935 675 968 ferentes,
698 935 741 964 sed
755 936 892 972 pontifices
905 935 988 962 etiam
1002 933 1087 962 adesse
1100 933 1244 969 oportebat
1255 954 1263 966 ,
1283 936 1328 970 qui
1344 934 1378 961 de
1389 933 1484 973 caufis..
1504 936 1531 961 δι
1546 936 1623 973 omni
1629 935 1690 968 jure
1702 934 1837 972 arrogandi
1849 944 1952 974 cogno.

372 974 478 1002 scerent
490 994 499 1006 ‚
527 974 554 1000 in
580 983 635 1011 quo
660 982 763 1001 certum
791 973 926 1009 quoddam
954 980 1010 999 erat
1027 972 1212 1007 juramentum
1225 991 1232 1002 ,
1257 971 1272 998 a
1290 971 1387 1009 Qimo
1406 975 1492 998 Mutia
1505 970 1621 1008 pontifice
1638 972 1750 1000 max-imo
1769 981 1951 1010 conceptum,

374 1012 447 1048 quod
461 1011 488 1039 hi
502 1011 590 1047 jurare
603 1011 749 1043 debebant,
769 1011 840 1038 inter
854 1018 920 1046 quos
936 1008 1014 1036 fiebat
1024 1007 1157 1045 arrogatio.
1196 1008 1417 1036 Confiderabatur
1428 1016 1489 1037 aetas
1505 1009 1561 1045 ejus
1573 1029 1582 1040 ,
1602 1010 1648 1046 qui
1661 1018 1787 1048 arrogare
1800 1010 1905 1040 volebat
1919 1021 1953 1042 au

371 1050 460 1078 liberis
480 1050 568 1087 postea
587 1050 728 1086 gignendis
746 1048 841 1076 idonea
860 1047 923 1075 esset
940 1057 945 1073 ι
968 1046 1091 1083 bonaque
1109 1046 1181 1082 ejus,
1200 1047 1246 1083 qui
1264 1047 1436 1084 :irrogabatur
1450 1067 1456 1077 ‚
1476 1055 1511 1074 ne
1529 1046 1574 1075 illa
1591 1047 1711 1075 insidiose
1729 1049 1845 1085 appetita
1864 1050 1955 1079 essent.

375 1088 478 1125 Rogari
498 1086 598 1115 solebat
617 1089 653 1118 is,
674 1087 718 1123 qui
738 1085 921 1122 arrogabatur,
940 1085 1061 1111 authorne
1076 1082 1150 1121 fieret
1168 1091 1198 1110 ut
1216 1083 1244 1110 t'n
1261 1084 1365 1111 alterius
1378 1083 1525 1119 potestatem
1544 1084 1585 1112 illo
1603 1085 1674 1112 modo
1686 1086 1812 1123 transiret.
1852 1087 1953 1116 Postea.

373 1135 456 1162 quam
477 1134 542 1152 vero
563 1125 668 1161 utrique
687 1122 939 1159 interrogationibus
958 1122 1038 1158 jurati
1058 1121 1249 1158 respondissent
1262 1141 1270 1154 ,
1298 1124 1324 1151 ὅ(
1344 1123 1484 1158 pontifices
1502 1121 1587 1150 causas
1600 1124 1774 1160 arrogationis
1788 1123 1952 1160 probarent,

376 1172 476 1193 necne,
497 1162 601 1198 publice
620 1161 730 1198 profeffi
749 1161 845 1188 ess‘ent:
864 1169 923 1188 tum
944 1160 1054 1196 populus
1073 1159 1087 1186 a
1107 1159 1259 1195 magistratu
1277 1160 1435 1197 rogabatur,
1455 1159 1495 1188 τιή
1511 1161 1589 1197 legem
1601 1161 1710 1194 juberet.
1748 1162 1833 1198 Cujus
1848 1157 1959 1191 formu-¹

375 1201 431 1228 lam
450 1202 543 1227 recitat
565 1199 679 1237 Agelltus
697 1199 713 1227 1.
726 1210 752 1235 5.
767 1208 824 1234 cap.
839 1208 880 1234 19.
900 1197 940 1225 his
956 1197 1054 1225 verbis:
1076 1197 1236 1232 Arrogano,
1256 1197 1343 1233 inquit
1356 1197 1426 1226 dieta
1439 1199 1490 1228 est,
1509 1199 1572 1235 quia
1585 1207 1667 1235 genus
1680 1198 1732 1226 hoc
1747 1199 1774 1226 in
1787 1199 1900 1227 alienam
1916 1200 1954 1228 fa.

376 1239 480 1266 mili'am
495 1237 615 1265 tranfitus
628 1247 675 1274 per
686 1236 778 1273 populi
792 1236 960 1272 rogationem
977 1236 1014 1263 fit.
1056 1235 1118 1271 Ejus
1131 1234 1278 1270 rogationis
1293 1234 1373 1262 verba
1384 1234 1439 1262 haec
1453 1234 1513 1265 sunt
1526 1246 1532 1262 :
1556 1235 1657 1268 Velitis,
1669 1235 1782 1270 jubeam
1794 1257 1802 1268 ‚
1823 1237 1955 1275 Qtrites,

376 1275 418 1302 uti
433 1279 463 1303 L.
478 1275 586 1302 Valewus
602 1279 631 1303 L.
647 1275 715 1303 Titto
728 1283 783 1301 tam
793 1276 854 1308 jure
866 1292 874 1302 ‚
894 1274 994 1311 legeque
998 1271 1073 1310 filius
1080 1270 1130 1311 fibi
1134 1269 1186 1310 fiet
1199 1291 1207 1302 ,
1227 1282 1306 1311 quam
1311 1270 1340 1308 fi
1351 1282 1383 1299 ex
1398 1282 1426 1299 eo
1437 1281 1511 1307 patre
1521 1292 1530 1307 ‚
1549 1281 1680 1312 matreque
1687 1272 1801 1308 familias
1815 1275 1866 1308 ejus
1879 1284 1957 1304 natus

376 1312 433 1350 ‘ffi's
441 1325 449 1339 :
469 1321 556 1351 utrque
570 1323 592 1339 et
605 1321 674 1343 τισι,
693 1312 802 1352 necisque
814 1311 841 1339 in
855 1321 912 1340 eum
920 1309 1084 1350 potestas-fit,
1103 1319 1144 1338 uti
1152 1309 1226 1345 patri
1239 1310 1300 1338 endo
1304 1309 1365 1349 filio
1376 1309 1418 1348 ςβ.
1436 1314 1493 1338 Hac
1507 1309 1545 1338 ita
1556 1319 1586 1338 ut
1598 1310 1668 1341 dixi.
1686 1319 1726 1338 mi
1739 1321 1782 1339 vos
1788 1311 1904 1350 Qirites
1917 1323 1956 1341 ra-

371 1362 413 1389 go.
432 1351 567 1379 Hactenus
582 1351 666 1388 Agell.

414 1390 443 1415 In
456 1387 561 1415 commit
574 1387 676 1415 amasis
690 1387 805 1416 flaminis
818 1386 916 1418 Dialis,
936 1386 989 1415 hoc
1003 1386 1109 1423 proprie
1123 1384 1293 1413 observatum
1308 1384 1383 1413 fuiffe
1396 1385 1485 1414 scribit
1497 1385 1599 1414 Tacitus
1611 1385 1629 1415 l.
1638 1395 1666 1422 4.
1684 1387 1844 1420 Annalium,
1864 1394 1895 1416 ut
1903 1394 1957 1418 tres

375 1427 494 1464 patricii,
514 1425 683 1453 confarreatis
697 1426 750 1453 nati
764 1425 928 1462 parentibus,
948 1425 1164 1452 nominarentur:
1185 1433 1218 1451 ex
1233 1424 1327 1459 quibus
1339 1424 1434 1452 deinde
1448 1434 1515 1452 unus
1525 1425 1666 1462 legeretur.
1686 1427 1728 1453 An
1745 1425 1866 1453 verohoc
1873 1427 1956 1456 etiam

376 1466 404 1492 in
423 1463 588 1500 reliquorum
603 1464 746 1491 flaminum
763 1464 895 1491 creatione
907 1462 1077 1490 observatum
1092 1461 1172 1488 fuerit
1185 1461 1299 1489 dubitari
1313 1462 1405 1497 potest.
1446 1461 1520 1489 Nihil
1534 1464 1606 1490 enim
1621 1463 1655 1490 de
1668 1463 1699 1490 iis
1711 1463 1872 1501 antiquiores
1886 1462 1952 1492 scri-

376 1509 467 1538 ptores
481 1501 597 1529 tradunt.
618 1503 705 1538 Atque
718 1501 773 1529 hacc
787 1501 817 1527 de
831 1499 936 1528 comitiis
948 1499 1051 1527 curiatis
1064 1500 1135 1526 dicia
1147 1499 1212 1531 finr,
1230 1498 1373 1537 sequuntur
1387 1500 1540 1528 centuriata.

1047 1570 1070 1596 C
1092 1578 1107 1596 Α
1130 1578 1154 1596 r.
1192 1568 1290 1597 VIII.

596 1628 648 1660 De
663 1625 839 1659 centuriatis
853 1625 1005 1665 comitiis,
1030 1621 1104 1670 quid
1117 1623 1222 1668 eafint
1232 1633 1243 1655 .-
1268 1620 1400 1670 quidque
1415 1624 1512 1668 claffiu·
1529 1629 1575 1658 (7
1589 1625 1739 1659 centurie.

379 1693 477 1756 S'cut
489 1689 585 1719 curiata
599 1694 710 1722 comitia
722 1691 737 1720 a
745 1692 833 1722 curiis,
854 1694 891 1721 ita
903 1691 1044 1721 centuriata
1056 1691 1070 1720 a
1082 1693 1200 1721 centuriis
1210 1693 1280 1722 dieta
1292 1692 1359 1722 sunt.
1381 1693 1424 1721 Ad
1436 1702 1551 1730 quorum
1563 1693 1696 1722 rationem
1705 1693 1903 1732 intelligendam
1913 1705 1953 1723 re-

441 1729 492 1758 fert
504 1730 623 1766 primum
638 1730 704 1759 scire
716 1731 779 1768 quid
793 1730 906 1758 centuria
920 1732 1033 1764 fuerint,
1053 1733 1079 1760 ὃ(
1095 1733 1108 1758 a
1122 1740 1176 1768 quo
1189 1732 1238 1760 sint
1253 1732 1388 1760 institutae:
1407 1733 1481 1767 quod
1497 1732 1541 1759 ubi
1555 1733 1695 1769 cognitum
1709 1733 1802 1764 fuerit,
1821 1742 1876 1760 non
1883 1733 1952 1761 diffi-

377 1766 461 1796 culter
472 1768 552 1795 etiam
563 1768 758 1796 centuriatorum
770 1768 926 1796 caminorum
939 1778 1031 1797 natura
1043 1769 1156 1806 intelligi
1169 1771 1277 1805 poterit.
1296 1770 1357 1797 Fuit
1369 1777 1459 1798 autem
1469 1789 1477 1800 ‚
1496 1776 1527 1798 ut
1539 1778 1598 1796 rem
1611 1770 1763 1806 aggrediar,
1782 1770 1953 1797 centuriarum

377 1807 469 1833 author
480 1808 507 1834 δε
520 1805 651 1834 institutor
663 1810 768 1833 Servms
779 1806 877 1834 Tullius
888 1828 895 1838 ‚
920 1806 1144 1835 consentientibus
1157 1806 1247 1840 Livio,
1267 1804 1382 1840 Dionfia
1393 1826 1402 1838 ,
1422 1806 1509 1839 Floro,
1528 1810 1662 1840 Eutropro,
1682 1809 1709 1835 ὃ(
1721 1807 1812 1835 multis
1825 1807 1881 1836 aliis
1893 1829 1901 1840 ‚
1922 1817 1954 1836 cx

380 1844 474 1880 quibus
487 1842 596 1882 Dioryst't
609 1844 627 1872 l.
638 1853 666 1879 4.
680 1845 760 1872 verba
772 1844 919 1872 adscribere
932 1844 995 1872 libet
1009 1864 1016 1876 ‚
1036 1845 1082 1881 qui
1094 1846 1220 1872 omnium
1233 1839 1433 1881 diligentissime
1443 1864 1451 1875 ‚
1471 1846 1497 1871 ὃς
1511 1843 1650 1872 clarissime
1665 1844 1837 1872 centuriarum
1854 1846 1956 1874 institu-

381 1882 486 1910 tionem
502 1882 590 1908 tradit.
621 1881 739 1914 Servt'us‚
759 1882 860 1919 inquit,
880 1882 952 1918 jussit
967 1880 1067 1909 censeri
1079 1881 1150 1910 bona
1163 1883 1288 1910 omnium
1303 1882 1403 1909 civium
1415 1890 1477 1909 cum
1491 1881 1664 1918 jurejurando
1677 1882 1753 1910 bonae
1765 1882 1841 1915 fidei,
1859 1882 1956 1910 adscri-

381 1920 433 1954 Ptis
446 1919 529 1947 aetatis
543 1919 617 1946 annis
629 1940 637 1951 ‚
657 1922 684 1948 ὅ(
700 1928 842 1956 parentum
857 1920 1023 1952 nominibus,
1043 1927 1123 1956 atque
1135 1920 1202 1948 adeo
1215 1920 1362 1948 liberorum
1375 1919 1474 1951 etiam,
1493 1926 1572 1957 atque
1586 1920 1752 1957 conjugum:
1770 1919 1859 1950 adhaec
1872 1929 1954 1958 quam

380 1956 487 1994 quisque
500 1959 640 1994 regionem
655 1958 736 1986 Urbis
749 1978 756 1989 ‚
777 1967 893 1994 quemve
906 1966 1006 1995 pagum
1020 1958 1162 1985 incoleret:
1184 1958 1207 1985 ei
1220 1959 1265 1995 qui
1277 1967 1334 1986 non
1347 1956 1512 1989 censeretur,
1531 1966 1610 1994 poena
1623 1957 1772 1994 proposita,
1790 1964 1820 1985 ut
1833 1959 1911 1987 bonis
1924 1959 1954 1987 in

379 1993 470 2022 fiscum
485 1995 611 2027 redactis,
630 1995 707 2022 caesus
719 1996 815 2033 virgiS,
835 1996 880 2023 sub
893 1995 963 2024 hasta
975 1996 1092 2023 veniret:
1111 1996 1210 2033 diuque
1222 1996 1264 2023 lex
1278 2006 1309 2024 ea
1321 1996 1454 2023 Romanis
1467 1994 1566 2023 servata
1579 1995 1623 2022 est.
1654 1996 1763 2023 PeraCto
1777 1996 1868 2028 censu,
1889 2005 1954 2025 cum

380 2040 412 2058 ex
426 2031 523 2068 scripto
538 2034 564 2061 &
578 2032 697 2069 ipsorum
713 2043 856 2061 numerum
872 2053 880 2066 ,
908 2036 936 2062 &
951 2043 1015 2071 opes
1029 2042 1123 2061 eorum
1137 2033 1303 2071 cognovisset
1315 2053 1323 2065 ‚
1348 2039 1519 2061 commentus
1534 2033 1571 2060 est
1584 2033 1733 2062 institutum
1742 2034 1828 2071 *longe
1840 2035 1954 2071 pruden-

380 2068 508 2097 tiffimum
524 2072 550 2098 ἃ
563 2070 712 2106 reipublicae
728 2071 948 2104 saluberrimum,
963 2080 993 2099 ut
1006 2080 1047 2099 res
1060 2071 1162 2099 docuit.
1189 2072 1220 2099 Id
1234 2071 1284 2099 fuit
1298 2070 1358 2101 tale.
1378 2074 1461 2098 Unam
1459 2069 1581 2105 stlediam
1588 2079 1620 2098 ex
1627 2072 1705 2099 omni
1711 2080 1827 2100 numero
1833 2080 1952 2109 partem,

380 2107 448 2138 cujus
461 2106 587 2134 maximus
599 2110 680 2142 cetfies
693 2117 762 2138 erat,
784 2119 834 2137 nec
848 2111 938 2137 minor
951 2118 1060 2138 centum
1075 2109 1157 2136 minis
1166 2129 1174 2142 ,
1195 2109 1223 2137 in
1237 2110 1389 2146 oetuaginta
1402 2109 1531 2136 centurias
1543 2109 1670 2146 digestam
1679 2130 1687 2141 ,
1706 2118 1781 2137 arma
1791 2109 1887 2138 habere
1901 2110 1953 2137 im-

382 2144 496 2178 peravit,
518 2144 803 2183 clypcuniArgivum,
824 2147 935 2176 loricam
950 2157 981 2175 ex
995 2156 1059 2178 aere,
1078 2147 1236 2183 galeamque
1251 2149 1277 2175 &
1291 2155 1395 2177 ocreas,
1414 2146 1480 2178 tela,
1499 2146 1616 2179 hastam,
1636 2146 1801 2184 &gladium.
1822 2147 1952 2175 Exhisbi-

381 2181 481 2216 pertito
493 2181 578 2208 divms
591 2184 760 2221 quadraginta
774 2185 897 2212 centurias
911 2184 974 2212 fecit
986 2185 1141 2221 juniorum,
1160 2185 1205 2221 qui
1216 2184 1280 2211 foris
1286 2183 1351 2212 bella
1356 2192 1494 2221 gererent:
1514 2184 1630 2213 totidem
1639 2185 1788 2217 seniorum,
1808 2187 1853 2222 qui
1862 2192 1950 2211 mane-

380 2225 439 2245 rent
446 2217 477 2244 ad
487 2218 564 2245 Urbis
572 2221 728 2251 custodiam.
747 2222 900 2257 Haecprima
906 2221 983 2257 cl'affis
991 2222 1050 2251 fuit.
1071 2222 1264 2258 Ejusjuventus
1270 2222 1392 2258 primum
1400 2221 1503 2258 semper
1510 2221 1601 2251 locum
1608 2223 1714 2251 tenebat
1721 2224 1747 2250 in
1758 2223 1821 2251 acie.
1839 2220 1952 2248 Secunda

380 2253 458 2290 classis
469 2254 561 2297 census
574 2265 627 2297 erat
641 2260 708 2285 intra
721 2259 816 2287 decem
835 2261 918 2288 millia
932 2260 1122 2288 drachmarum
1136 2259 1216 2297 usque
1231 2261 1264 2287 ad
1279 2259 1365 2286 minas
1377 2259 1542 2298 septuaginta
1555 2260 1680 2297 quinque.
1701 2261 1740 2289 Ex
1754 2260 1793 2288 his
1799 2258 1952 2294 conscriptae

380 2295 475 2329 vigintl
489 2300 612 2320 centuriae
627 2304 632 2319 2
659 2304 732 2323 arma
746 2298 846 2332 gestare
858 2299 930 2334 jussit
945 2299 1055 2325 eadem:
1074 2298 1121 2325 nili
1136 2298 1208 2334 quod
1221 2297 1310 2325 loricae
1323 2298 1469 2334 ademptae,
1491 2301 1519 2326 δε
1532 2297 1604 2326 scuta
1618 2299 1677 2326 data
1690 2307 1741 2335 pro
1753 2297 1859 2334 clypeis.
1898 2296 1951 2324 Hic

380 2339 484 2367 quoque
503 2331 557 2359 nati
575 2330 650 2368 suffer
669 2333 898 2371 quadragesimum
919 2337 1043 2374 quintum
1063 2345 1165 2374 annum
1185 2335 1200 2364 a
1220 2334 1327 2364 militari
1347 2343 1423 2366 aetate
1441 2335 1523 2365 diviti.
1561 2335 1686 2364 Centum
1704 2336 1786 2363 decem
1797 2334 1953 2370 juniorum,

1906 2372 1952 2407 qui
