2075 2734
352 85 1444 130 DeNurritsjzrnanunnirinus.CAri37.
1627 106 1685 135 4²9

107 138 188 166 etiam
207 137 244 165 ita
257 135 334 165 rebus
349 138 494 167 ferentibus
508 146 537 166 ut
550 146 645 175 praeter
656 136 740 175 ignem
754 134 794 168 ζῇ·
807 146 905 174 aquam
918 136 984 176 nihil
998 138 1061 165 boni
1075 147 1127 166 una
1142 137 1193 166 frui
1207 139 1292 168 detur.
1332 138 1534 170 Adhibebamur
1548 150 1631 178 porro
1644 142 1684 172 his

105 175 264 203 ceremoniis
283 175 407 213 lingulis,
429 176 660 214 quemadmodum
678 175 795 214 Aurelms
817 173 974 211 Augustmus
993 185 1025 202 ex
1045 179 1168 203 Varrone
1187 178 1280 208 docet,
1301 177 1394 215 singuli
1414 179 1474 211 Dii,
1496 189 1526 207 ut
1544 189 1607 208 cum
1628 191 1686 209 mas

105 215 132 242 ὅτ
151 212 264 241 foemina
284 216 510 253 conjungerentur
523 236 530 247 ‚
551 218 618 241 Deus
635 217 789 250 Jugatmus:
814 221 877 239 curn
897 221 979 248 nupta
997 214 1112 240 domum
1133 214 1274 242 duceretur
1286 235 1292 246 ,
1312 216 1483 248 Domitium,
1505 226 1534 245 ut
1553 219 1580 245 in
1601 220 1687 251 domo

103 251 168 280 esset
183 250 328 279 Domitius:
348 263 378 283 ut
390 263 453 282 cum
467 253 524 280 viro
539 260 674 282 maneret,
694 254 853 290 Marqturna:
873 259 936 278 cum
951 251 1038 287 postes
1049 259 1176 288 ungeret,
1196 257 1262 284 June
1282 253 1377 281 Unxia.
1419 256 1566 283 Martianus
1581 258 1688 294 Capella

103 290 186 318 etiam
200 292 313 327 Junonis
326 291 480 320 Domiducae,
500 290 627 322 herdam,
649 292 675 318 δε
690 292 777 315 Unxtae
790 290 925 316 meminit.

145 329 270 363 AccePtae
290 328 341 357 hoc
362 329 447 357 modo
461 327 558 365 sponsae
570 348 577 359 ,
599 330 626 356 δί
639 326 785 356 comitibus
797 327 854 363 ejus
867 336 944 354 ccena
958 327 1069 355 dabatur
1082 327 1097 355 a
1111 337 1185 355 novo
1199 330 1309 362 marito,
1330 340 1388 368 quae
1401 331 1534 360 Veteribus
1550 331 1687 370 scriptori-

105 364 154 392 bus
168 376 235 393 coena
249 367 368 401 rmpnals's
382 388 389 399 ‚
415 367 429 394 a
445 366 592 394 Claudiano
604 365 675 400 epula
682 364 795 403 geniales
809 364 972 402 appellantur
984 375 992 392 ε
1021 366 1048 392 in
1063 374 1144 402 quam
1161 375 1269 405 coenam
1283 369 1418 405 aliquanto
1434 372 1552 406 majores
1566 371 1686 409 sumptus

105 412 187 440 quam
205 405 233 431 in
253 405 300 432 alia
319 406 441 433 convivia
458 405 543 432 lacere
558 404 658 442 legibus
671 403 768 431 chim'a
784 406 810 433 ὃς
824 402 905 440 Julia
919 403 1133 439 permittebatur.
1174 403 1274 431 Ttbmm
1288 407 1369 434 etiam
1385 409 1542 445 nuptialibus
1558 409 1685 438 festivita-

104 441 175 470 tibus
194 442 376 474 intervenisse,
396 453 451 470 non
466 443 543 479 pauci
556 443 656 475 Plauti,
677 443 797 470 Terentii
812 444 839 471 δί
852 441 964 469 aliorum
980 440 1142 477 scriptorum
1157 442 1210 470 loci
1227 442 1367 471 declarant.
1409 447 1535 474 Praeterea
1551 448 1686 484 Thalaſjio-

103 489 162 507 nem
180 481 208 508 in
226 480 323 515 nuptiis
343 481 461 508 Romani
482 491 537 509 non
555 481 628 510 secus
648 488 727 518 atque
746 481 834 508 Graeci
852 483 1012 518 Hymenaeum
1025 479 1168 508 inclamare
1180 479 1374 509 consueverunt
1388 503 1395 513 ,
1421 494 1501 521 quam
1517 485 1685 514 acclamatio.

105 527 168 545 nem
185 527 218 546 ex
231 526 263 544 eo
275 518 411 546 inolevisse
424 518 513 546 Livius
526 518 572 548 lib.
587 531 608 547 1.
624 518 720 548 author
734 519 786 549 est,
806 519 878 556 quod
893 519 921 545 in
938 517 1093 545 Sabinarum
1108 525 1184 554 raptu
1192 538 1206 559 ,ἢ
1220 518 1298 555 virgo
1310 528 1360 559 una
1374 520 1453 559 longe
1463 523 1591 551 antealias
1598 523 1685 561 specie

104 558 132 584 ὅ(
152 554 348 593 pulchritudine
367 557 473 595 infignis
487 557 501 585 a
514 559 596 595 globo
610 557 748 594 cujusdam
763 555 883 592 Thalassii
896 564 968 593 rapta
983 555 1063 583 fuerit
1075 567 1080 583 2
1109 556 1252 593 multiique
1266 556 1453 586 scilcitantibus
1466 580 1473 591 ‚
1500 562 1606 589 cuinam
1622 572 1683 590 eam

103 593 205 621 ferrent
217 593 400 622 deducendam
415 616 422 627 ,
449 606 482 624 ne
495 598 553 632 quis
567 597 678 624 violaret
692 617 699 628 ,
725 600 750 623 T
749 595 848 630 halaffi'o
861 604 920 623 eam
936 594 1000 621 ferri
1014 593 1191 623 clamitatum.
1233 595 1294 631 Qa
1308 594 1342 621 de
1356 596 1430 623 caula
1444 607 1538 626 vocem
1553 599 1620 628 hanc
1634 610 1683 628 nu-

100 631 211 667 ptialem
234 631 332 660 factam
355 636 381 661 ὃ(
400 634 432 661 ad
450 635 569 671 posteros
584 635 645 663 inde
659 633 774 662 manasse
785 653 792 664 ‚
818 632 968 660 Plutarchus
983 641 1091 670 quoque
1103 634 1131 660 in
1147 632 1270 659 Romulo
1284 634 1310 660 ὃ(
1328 633 1521 668 Qiaestionibus
1536 638 1682 671 Romarm,

101 670 244 705 quaestione
260 681 300 707 31.
320 671 416 700 cenlet.
457 673 600 701 Nonnullis
619 681 712 701 tamen
726 672 758 700 ad
771 670 911 709 lanificium
924 671 997 698 vocis
1008 670 1085 707 hujus
1098 672 1231 708 originem
1241 691 1250 702 ,
1277 670 1434 708 causamque
1448 673 1614 704 referendam
1631 677 1683 705 effe

101 708 215 735 videtur.
255 709 316 746 Qa
336 711 362 736 in
378 709 506 739 sententia
519 715 672 739 Varronem
687 710 761 738 fuiss‘e
775 731 783 741 ,
802 713 894 736 Sextus
909 710 1038 742 Pompejus
1051 709 1176 737 testatur:
1207 708 1388 743 Thalqffionem
1403 730 1409 740 ‚
1435 711 1556 748 inquiens
1571 734 1578 745 ,
1604 718 1681 742 Varro

99 747 136 773 ait
150 766 157 775 ,
178 745 281 782 lignum
295 747 346 775 effe
359 748 475 776 lanificii.
493 747 674 784 Thalaffionem
688 748 760 776 enim
773 747 903 776 vocabant
916 745 1049 785 qutfillum
1060 768 1068 779 ,
1094 749 1139 785 qui
1153 747 1204 774 alio
1219 747 1304 774 modo
1316 747 1460 784 appellatur
1477 749 1590 778 calathus
1608 763 1616 777 :
1635 763 1681 781 vas

99 783 191 820 utique
204 785 321 813 lanificiis
334 795 437 822 aPtum.
469 787 579 814 Constat
594 795 683 815 autem
698 786 818 813 lanificiis
831 784 926 821 priscas
941 793 1078 813 matronas
1093 785 1168 813 valde
1182 785 1283 813 deditas
1299 785 1374 812 fuilse
1387 807 1394 816 ,
1415 788 1627 826 praecipuamque
1643 791 1683 819 his

99 831 192 850 curam
209 824 235 850 ὃ(
249 832 359 859 operam
373 825 538 861 impendisse.
577 826 609 852 In
621 823 723 852 foedere
731 825 818 851 ‘etiam
833 825 902 852 inter
915 827 1038 850 Romanos
1053 825 1079 851 ἃ
1092 822 1196 851 Sabinos
1209 822 1330 859 percusso
1341 844 1350 854 ,
1370 823 1414 852 lex
1429 823 1484 852 haec
1495 846 1502 856 ,
1524 834 1603 864 atque
1618 838 1682 856 con-

103 860 172 888 ditio
193 861 263 888 dieta
280 862 315 888 est
328 882 336 893 ‚
360 870 390 890 ut
408 863 526 890 volentes
544 870 632 900 nuptae
643 863 711 900 apud
723 862 795 889 viros
809 881 816 890 ‚
841 861 936 899 quibus
949 861 1099 897 conjuntstae
1113 869 1188 890 erant
1200 869 1340 889 manerent
1352 882 1360 893 ‚
1384 863 1509 890 omnium
1524 872 1639 900 operum
1653 877 1684 894 ac

103 907 247 927 munerum
268 900 434 928 vacationem
446 922 453 933 ,
478 909 655 938 praeterquam
676 898 796 938 lanfim',
822 900 949 928 habiturae
963 919 970 931 ‚
991 907 1020 927 ut
1043 900 1079 927 est
1101 899 1261 927 aPlutm-tho
1277 900 1304 927 in
1320 900 1442 928 Romulo
1463 904 1604 930 memoriae
1622 913 1684 941 pro-

102 937 200 966 ditum.
238 941 322 965 Nuces
342 936 355 965 a
377 939 453 966 novis
474 939 577 966 maritis
598 939 648 975 jaci
663 959 670 970 ‚
698 941 724 967 &
734 937 818 973 pueris
822 937 909 975 spargi
923 936 1083 966 consuevisse
1097 939 1214 966 indicant
1229 938 1348 965 Catullus
1363 940 1390 966 in
1405 941 1524 968 carmine
1537 941 1571 968 de
1584 943 1683 978 nuptiis

100 975 177 1013 Juliae
191 977 217 1003 &
235 975 328 1004 Manlii
342 996 350 1007 ,
376 979 402 1005 ἃ
418 976 536 1014 Virgilius
550 977 644 1014 ecloga
660 988 670 1005 1
680 987 718 1005 lx,
742 981 832 1014 Sparge
847 976 942 1004 marite
953 986 1038 1003 nuces:
1175 976 1249 1012 cujus
1270 978 1353 1004 moris
1370 979 1502 1006 rationem
1520 982 1598 1006 Varro
1613 982 1682 1017 apud

100 1015 224 1042 Servium
236 1012 304 1042 hanc
317 1014 368 1041 effe
383 1023 473 1051 putat,
493 1024 522 1044 ut
536 1014 615 1052 Jovis
628 1016 721 1043 omine
736 1016 941 1043 matrimonium
955 1014 1146 1042 celebraretur:
1164 1022 1194 1043 ut
1206 1024 1275 1042 nova
1286 1022 1367 1051 nupta
1382 1025 1505 1044 matrona
1519 1018 1597 1050 esset,
1617 1020 1683 1047 ficut

98 1056 173 1084 June.
201 1052 274 1079 Nam
288 1061 358 1079 nuces
372 1054 399 1080 in
413 1053 496 1082 tutela
509 1062 583 1082 erant
596 1055 686 1092 Jovis,
705 1054 777 1081 unde
790 1053 957 1091 &juglandes
971 1061 1082 1084 vocatae,
1104 1052 1174 1089 quasi
1186 1052 1256 1084 Jowsss
1263 1052 1378 1090 glandes.
1405 1054 1470 1082 Illud
1484 1055 1592 1093 vulgare
1607 1057 1683 1085 fuisse

100 1091 174 1118 idem
193 1093 270 1117 Varro
284 1091 365 1119 tradit
379 1111 387 1122 ‚
407 1093 508 1120 idcirco
522 1092 617 1129 sparsas
631 1101 712 1119 nuces
721 1109 728 1122 ,
746 1099 776 1119 ut
789 1090 802 1118 ὲ
816 1090 978 1128 rapientibus
991 1091 1078 1126 pueris
1091 1091 1166 1119 fieret
1180 1091 1316 1126 strepitus,
1336 1101 1386 1119 nec
1399 1092 1491 1128 puellae
1505 1103 1557 1121 vox
1571 1095 1682 1132 virgini-

102 1134 186 1156 tatem
202 1129 360 1165 deponentis
371 1131 451 1166 possit
464 1131 556 1159 audiri.
600 1131 665 1158 Aliis
677 1129 790 1167 placuit,
812 1138 841 1157 ea
854 1130 880 1157 id
895 1129 979 1167 gratia
993 1128 1092 1157 faffitum
1102 1149 1109 1160 ,
1130 1137 1159 1157 ut
1174 1129 1199 1156 se
1212 1128 1355 1165 puerilibus
1368 1130 1496 1169 omnibus
1509 1131 1574 1159 ludis
1588 1143 1681 1160 remm-

99 1165 166 1192 tiare
178 1191 187 1200 ,
214 1169 241 1195 &
255 1167 381 1203 juvenilia
401 1169 494 1197 cuneta
507 1169 608 1197 ludicra
629 1168 778 1204 relinquere
797 1168 909 1195 maritus
926 1176 959 1194 eo
973 1167 1074 1194 indicio
1088 1168 1234 1195 testaretur.
1273 1167 1309 1195 At
1328 1167 1428 1195 l'lmms
1440 1168 1484 1196 lib.
1508 1180 1550 1205 15.
1564 1180 1623 1207 cap.
1635 1182 1680 1200 22.

100 1204 165 1231 duas
178 1203 239 1232 alias
256 1206 365 1237 recitat,
386 1206 443 1238 vel,
462 1208 534 1243 quod
551 1207 670 1235 cadendo
683 1206 820 1239 trtpudtum
827 1206 949 1239 fortuma-e
963 1203 1079 1233 facerent
1093 1216 1098 1232 ς
1120 1205 1161 1232 vel
1175 1206 1234 1242 quia
1248 1206 1361 1242 gemino
1376 1207 1503 1241 protedtae
1522 1208 1604 1237 ess‘ent
1616 1218 1681 1246 ope-

99 1243 219 1271 rimento
231 1263 239 1274 ‚
266 1250 296 1270 ut
309 1243 345 1270 ita
358 1243 534 1281 significarent
548 1244 647 1272 foetum
659 1243 751 1270 multis
764 1244 853 1270 modis
863 1244 1009 1270 munitum.
1046 1243 1214 1271 Nubentibus
1227 1244 1359 1280 praetextis
1372 1244 1510 1280 depositis,
1531 1245 1545 1273 a
1558 1247 1680 1276 multitu-

99 1280 162 1307 dine
188 1289 332 1316 puerorum
347 1301 354 1312 ,
383 1283 428 1319 qui
452 1283 483 1310 ad
504 1291 564 1310 eam
583 1282 766 1310 celebritatem
786 1281 938 1318 frequentes
958 1281 1152 1309 conveniebant
1166 1302 1172 1312 ,
1198 1281 1302 1316 obscaena
1320 1280 1493 1309 clamabantur
1507 1303 1515 1314 ‚
1540 1285 1680 1324 veriusque

99 1318 220 1346 mollicie
232 1340 240 1351 ‚
266 1329 297 1347 ac
316 1318 417 1347 lascivia
437 1320 586 1349 diffluentes
606 1321 725 1348 maxima
739 1340 747 1351 ,
772 1329 822 1347 nec
841 1319 886 1346 ulli
906 1319 1100 1355 reprehensioni
1121 1319 1235 1347 obnoxia
1254 1319 1361 1347 lieentia
1379 1320 1588 1350 occinebantur:
1611 1333 1680 1361 quos

98 1355 187 1385 versus
199 1356 349 1392 fescenninos
368 1357 512 1390 vocabant,
532 1359 585 1386 five
604 1359 676 1395 quod
697 1368 729 1386 ex
748 1357 813 1385 urbe
831 1357 978 1391 fcfienm‘na
995 1356 1064 1385 allati
1084 1357 1179 1389 effent,
1200 1357 1257 1384 live
1275 1357 1348 1393 quod
1360 1356 1486 1392 firscinum
1500 1368 1589 1388 arcere
1602 1370 1679 1398 puta-

95 1402 197 1422 rentur.
218 1396 252 1422 Et
265 1395 343 1430 hujus
354 1397 435 1424 etiam
450 1397 534 1424 moris
549 1398 617 1432 apud
632 1404 733 1424 veteres
746 1395 886 1431 scriptores
900 1395 1053 1422 testimonia
1068 1403 1166 1424 extant.
1186 1396 1289 1422 Interea
1303 1404 1367 1421 vero
1380 1395 1458 1435 lellus
1471 1398 1592 1431 nuptialis
1601 1409 1678 1428 com-

94 1432 252 1468 ponebatur.
285 1434 355 1460 Eum
369 1442 459 1462 autem
474 1435 584 1471 proprio
597 1435 709 1462 nomine
722 1432 853 1461 Genialem
867 1453 874 1462 .
895 1433 965 1469 quasi
979 1433 1130 1470 generalem
1147 1454 1153 1464 ‚
1175 1432 1336 1468 appellatum
1350 1436 1453 1460 Servus:
1466 1435 1493 1461 in
1508 1438 1534 1462 6.
1549 1438 1679 1466 AEneidos

97 1470 224 1498 ostendit:
245 1469 376 1503 Genium,
396 1471 526 1504 scribens,
546 1482 591 1500 eos
609 1474 717 1510 proprie
737 1471 787 1500 effe
808 1471 906 1501 lectos,
927 1472 973 1508 qui
992 1472 1084 1507 puellis
1104 1470 1262 1498 nubentibus
1282 1471 1445 1503 sternuntur,
1465 1472 1603 1511 diaosque
1616 1477 1652 1503 ita
1665 1476 1680 1504 z}

96 1509 255 1545 generandis
272 1508 370 1538 liberis.
409 1516 476 1548 Toga
496 1520 561 1539 vero
576 1511 654 1538 sterni
668 1511 751 1539 lec'tos
764 1531 771 1542 ,
792 1513 819 1540 Sc
835 1510 994 1538 maritorum
1009 1512 1102 1548 genios
1115 1510 1239 1537 advocari
1255 1507 1431 1541 consuevisse,
1452 1510 1581 1537 Amoln'us
1594 1512 1638 1541 lib.
1651 1525 1678 1551 3.

96 1545 219 1574 adversus
232 1549 346 1579 Gentes,
369 1558 458 1576 mores
471 1550 597 1578 vetustate
611 1549 766 1578 obliteratus
779 1547 930 1581 recensen5‚
950 1549 1021 1577 testis
1035 1550 1080 1577 est.
1109 1549 1143 1576 Et
1155 1547 1217 1575 hinc
1232 1546 1338 1575 fortasse
1352 1545 1416 1589 sacri
1428 1549 1540 1585 genium
1554 1551 1618 1579 lecti
1630 1556 1678 1583 Ju-

97 1583 195 1610 venalis
208 1586 300 1620 Satyra
309 1588 336 1613 6.
348 1586 424 1614 dixit.
464 1588 545 1614 Nova
556 1595 637 1624 nupta
650 1589 676 1616 in
691 1587 842 1616 cubiculum
856 1587 984 1619 deducta,
1003 1595 1032 1615 ut
1045 1589 1082 1616 ait
1094 1585 1195 1624 Festus,
1215 1586 1362 1622 praetextati
1376 1594 1432 1621 eJus
1442 1607 1448 1617 ‚
1469 1588 1515 1623 qui
1521 1588 1619 1621 praelux
1636 1590 1677 1617 di-

97 1620 221 1652 uebatur,
242 1622 284 1650 fax
297 1624 354 1659 rapi
368 1632 423 1652 erat
436 1624 512 1653 solita
525 1625 557 1652 ab
569 1625 704 1663 utriusque
717 1627 809 1654 amicis
818 1646 825 1657 ‚
844 1635 879 1653 ne
893 1633 937 1653 aut
949 1635 1018 1653 uxor
1031 1635 1089 1653 eam
1105 1625 1151 1652 sub
1163 1624 1235 1652 leito
1250 1625 1298 1651 viri
1310 1633 1338 1651 ea
1348 1624 1427 1650 noete
1436 1633 1561 1661 poneret,
1583 1635 1627 1655 aut
1635 1629 1677 1656 vir

97 1660 126 1686 in
137 1659 275 1695 sepulchro
289 1661 502 1691 comburendam
511 1670 614 1691 curaret
622 1685 629 1696 ,
638 1673 692 1701 quo
704 1672 819 1701 utroque
828 1673 902 1691 mors
914 1665 1063 1700 propinqua
1076 1663 1226 1692 alterutrius
1241 1662 1338 1698 captari
1351 1662 1499 1698 putabatur.
1519 1663 1676 1708 Aliarvau-

95 1697 152 1725 sam
171 1698 260 1726 reddit
275 1698 378 1726 Servius
389 1721 397 1732 ‚
426 1701 549 1729 nondum
564 1702 648 1730 editus
661 1723 668 1734 ‚
696 1702 926 1739 quemadmodum
942 1700 1064 1738 J'ofi’phus
1076 1701 1184 1739 Scaliger
1198 1699 1419 1737 Castigationibus
1433 1701 1460 1727 in
1475 1701 1578 1728 Festum
1593 1709 1676 1731 anno—

95 1743 152 1764 tat:
174 1736 253 1773 Qae‚
273 1737 373 1774 inquit,
386 1738 506 1771 Servius,
521 1738 606 1768 solent
620 1741 711 1778 praeire
722 1739 972 1776 nubentespuellas,
987 1749 1089 1768 comeae
1097 1739 1156 1767 sane
1164 1739 1248 1770 faces,
1262 1747 1319 1774 quae
1327 1736 1397 1779 quasl
1405 1738 1674 1779 diutissimeluceant,

94 1782 158 1810 quas
170 1775 277 1810 rapiunt
289 1782 416 1813 tanquam
433 1777 494 1805 vitae
509 1777 633 1813 praefidia.
662 1780 790 1816 Namque
802 1778 842 1806 his
854 1778 899 1815 qui
913 1777 972 1806 sunt
984 1779 1080 1813 potiti,
1100 1778 1198 1805 diutius
1214 1776 1334 1803 feruntur
1349 1776 1447 1802 vixisse.
1475 1776 1507 1802 In
1520 1777 1673 1807 cubiculum

96 1812 278 1840 inferebantur
285 1810 423 1847 simulacra
441 1819 552 1843 Deorum
565 1836 571 1847 ‚
600 1824 631 1845 ut
648 1827 701 1854 ope
717 1816 825 1845 illorum
836 1816 890 1843 fine
902 1816 954 1844 ulla
967 1815 1123 1844 difficultate
1136 1813 1269 1852 virginitas
1286 1812 1442 1840 auferretur.
1482 1814 1519 1841 Hi
1533 1824 1608 1843 erant
1620 1817 1675 1844 Vir-

88 1849 198 1887 ginetfis
211 1854 283 1883 Dea,
303 1860 335 1880 ut
348 1853 446 1890 virgini
458 1862 528 1881 zona
539 1853 694 1883 solveretur.
717 1854 839 1893 Subjugus
852 1858 935 1886 Deus,
957 1862 987 1882 ut
998 1855 1059 1881 viro
1072 1853 1253 1889 subjiceretur.
1279 1855 1337 1878 Dea
1351 1854 1459 1881 Prema,
1481 1859 1510 1879 ut
1523 1853 1627 1882 subacta
1638 1865 1674 1883 ne

96 1887 122 1915 se
135 1896 323 1917 commoveret
336 1910 344 1922 ,
370 1893 397 1919 ὃς
411 1893 638 1928 comprimeretur
651 1903 656 1919 :
685 1895 712 1922 &
725 1897 783 1921 Dea
797 1892 943 1924 Pertunda,
966 1901 1023 1928 quae
1036 1899 1193 1919 concuteret
1208 1891 1234 1918 &
1248 1895 1404 1924 penetraret.
1444 1889 1515 1916 Item
1528 1894 1622 1924 Venus,
1645 1895 1673 1922 δε

94 1928 210 1960 Priapus.
238 1926 384 1963 Jubebatur
403 1938 494 1957 autem
514 1940 585 1958 nova
604 1938 686 1967 nupta
699 1930 775 1967 super
787 1931 925 1968 ingentem
933 1929 1072 1965 fascinum,
1093 1929 1119 1956 id
1134 1929 1184 1959 est,
1206 1926 1363 1953 membrum
1379 1927 1479 1962 Pfl³P52
1498 1927 1604 1958 sedere:
1627 1932 1673 1968 qui

95 1971 152 1991 erat
171 1964 200 1990 in
211 1962 273 1991 loco
286 1964 387 1999 altiori,
407 1977 488 2005 quem
503 1968 604 1996 indicat
616 1972 744 1997 Lucanus,
764 1969 898 2006 inquiens:
919 1972 944 1994 Τ
942 1977 996 1994 orus
1003 1965 1073 2002 stat,
1092 1966 1119 1993 id
1133 1966 1186 1996 est,
1206 1965 1322 2005 stratum-
1331 1963 1477 1999 pendulum
1492 1967 1520 1994 &
1531 1968 1669 2001 ereetum,

93 2002 121 2029 in
139 2002 212 2038 quod
233 2000 420 2032 astendebatur
436 2006 560 2043 gradibus
573 2006 654 2033 ebore
667 2007 775 2035 ornatis.
816 2009 878 2034 Hoc
891 2012 982 2033 autem
996 2004 1075 2031 fiebat
1087 2010 1228 2040 propterea
1241 2022 1248 2032 ‚
1274 2009 1304 2043 ut
1316 2001 1424 2044 illorum
1433 2004 1585 2035 pudmtiam
1597 2007 1672 2043 prior

94 2041 167 2067 Deus
179 2039 300 2067 delibaffe
313 2041 455 2071 videretur.
493 2046 581 2072 Docet
595 2054 626 2072 ex
641 2047 763 2072 Varrone
784 2042 907 2070 Aurelius
920 2040 1073 2079 Augustinus
1087 2040 1155 2068 libro
1175 2043 1201 2067 6.
1224 2039 1257 2067 de
1273 2039 1389 2068 Civitate
1402 2041 1470 2072 Dei,
1490 2051 1545 2079 cap.
1556 2055 1582 2080 9,
1598 2047 1625 2073 ὅ(
1639 2044 1672 2073 Η-

92 2077 143 2105 bro
155 2087 178 2113 7.
193 2086 247 2115 cap.
258 2088 301 2113 24.
327 2079 476 2109 Lafflamius
487 2081 556 2110 libro
569 2084 670 2118 primo.
696 2082 756 2110 Post
769 2081 824 2110 haec
836 2090 907 2110 nova
920 2088 1002 2117 nupta
1014 2079 1116 2108 lectum
1130 2078 1180 2107 viri
1193 2077 1280 2106 adibat
1294 2097 1301 2109 ,
1321 2078 1349 2105 in
1363 2086 1418 2115 quo
1428 2087 1489 2107 eam
1504 2080 1679 2112 collocabant*

86 2115 213 2151 pronuba,
234 2116 306 2154 quod
321 2116 446 2154 fignificat
458 2121 571 2148 Catudus
585 2121 625 2148 his
639 2120 769 2148 verfibus:

399 2161 459 2189 Jam
471 2157 550 2185 cubile
561 2159 636 2185 adeat
649 2157 702 2186 viri

401 2197 446 2222 W:
456 2195 618 2230 um'sfi‘nibus
628 2195 692 2226 bona

403 2231 510 2269 Cognita
522 2233 579 2260 bene
586 2233 694 2271 semime

397 2274 422 2297 C
420 2271 518 2298 ollocate
524 2271 643 2305 puellam.

129 2308 171 2337 Ad
184 2307 339 2346 hujusmodi
353 2309 426 2337 enim
441 2308 562 2337 officium
576 2309 696 2347 spectatae
708 2309 841 2347 pudicitiae
854 2309 989 2342 mulieres,
1010 2311 1038 2338 &
1051 2317 1108 2346 quae
1120 2309 1167 2337 uni
1180 2308 1307 2338 duntaxat
1321 2308 1381 2337 viro
1394 2309 1549 2347 nupfiffent,
1563 2310 1670 2340 adhibe-

89 2345 184 2376 bantur
196 2367 211 2380 ,⁷
233 2356 287 2385 quo
313 2347 482 2376 matrimonii
506 2355 714 2385 perpetuitatem
727 2369 735 2381 ,
761 2347 993 2387 quemadmodum
1019 2351 1100 2414 {lizath
1110 2349 1240 2383 Pompejus
1263 2346 1357 2376 author
1382 2348 1439 2381 est,
1465 2348 1669 2415 auspicareilittar.

1120 2395 1133 2422 3
1616 2397 1633 2416 n
1653 2397 1669 2415 e
