2075 2734
396 112 450 154 573
682 100 1500 137 'Au-riquirnrumllomnnnnu‘m
1541 100 1716 134 Lrskwn,

436 160 521 190 Morbo
527 159 650 196 sontica]
671 161 764 186 Sextus
781 155 900 184 Caecilius
913 155 982 192 apud
998 154 1129 193 Agellium
1143 154 1242 183 lib.2o.
1257 164 1313 192 cap.
1326 165 1347 183 1-
1367 154 1430 183 dicit
1444 155 1613 184 decemviros
1627 156 1740 185 morbum
1747 158 1872 194 sonticum
1889 161 1977 198 appel:

397 201 459 231 laffe
473 199 600 227 morbum
616 196 848 226 vehementiorem
863 215 871 226 ,
892 195 948 222 vim
965 195 1082 232 graviter
1095 194 1210 222 nocendi
1224 194 1378 222 habentem.
1419 194 1452 221 Et
1466 194 1534 230 apud
1550 192 1648 230 Festum
1664 195 1744 223 AElius
1757 198 1824 226 Stilo
1836 199 1885 227 ait.
1906 204 1976 227 Mor-

396 239 588 273 bumfintrcum
600 237 626 263 in
640 245 670 263 χι
680 246 701 262 ι.
718 233 811 262 tabulis
825 233 970 271 significare
983 240 1088 262 certum
1097 254 1104 265 ,
1124 242 1187 260 cum
1201 233 1269 269 justa
1282 232 1369 265 causa,
1390 241 1472 270 quem
1486 232 1607 260 nonnulli
1621 239 1716 269 putent
1729 234 1792 266 effe,
1812 236 1857 272 qui
1872 246 1977 272 noceat,

398 277 470 316 quod
485 276 571 303 lontes
580 273 707 312 significat
719 280 856 300 nocentes.
1569 290 1577 297 .

438 314 499 344 Dies
506 311 599 348 judicii
611 309 723 350 diffetfits
735 308 810 348 esta]
832 310 896 337 Dies
909 309 999 346 judicii
1015 310 1050 338 ita
1064 307 1164 345 diffindi
1181 307 1245 336 solet
1262 318 1293 336 ex
1308 309 1357 337 hac
1372 309 1430 346 lege
1444 319 1476 337 xi
1486 320 1506 337 1.
1523 308 1670 337 tabularum
1680 330 1686 336 .
1707 317 1736 338 ut
1749 330 1756 341 ‚
1776 310 1795 338 fi
1808 311 1905 339 morbo
1918 313 1978 342 son.

400 354 457 384 tico
469 353 558 381 attor,
579 350 621 378 vel
635 358 693 377 reus
707 348 852 386 impeditus
864 348 926 376 esset
941 369 948 379 ‚
970 347 1098 375 morbum
1112 348 1139 375 in
1153 346 1329 384 jureallegari
1343 356 1390 383 per
1403 348 1519 375 amicum
1537 356 1641 376 curaret
1655 358 1660 374 ·.
1683 355 1747 376 tunc
1762 355 1859 384 praetor
1873 351 1979 378 excusa-

402 393 477 421 tione
492 388 612 426 cognita.
633 388 660 415 in
675 387 844 415 diffindendo
856 387 899 414 die
909 385 958 415 hac
973 385 1088 414 formula
1101 384 1224 413 utebatur
1237 397 1243 413 2
1271 389 1320 412 Hic
1333 384 1386 412 dies
1398 386 1492 421 diffisus
1503 384 1557 422 esto
1601 387 1672 423 Ergo
1686 394 1794 414 vocatus
1808 387 1835 414 in
1847 386 1889 421 jus
1904 408 1910 419 ‚
1931 388 1978 417 nifi

403 429 437 456 ob
452 427 579 454 morbum
593 435 660 463 opus
674 426 736 453 effet
748 426 888 462 jumento,
906 432 951 453 aut
964 425 1011 452 nifi
1024 423 1051 451 ob
1066 422 1179 451 morbum
1185 423 1309 457 sonticum
1322 444 1329 455 ‚
1349 423 1404 451 dies
1417 424 1508 460 judicii
1521 424 1622 453 diffisus
1636 425 1699 452 effet
1713 446 1718 452 ,
1741 424 1826 452 statim
1846 425 1872 452 in
1886 426 1928 462 jus
1942 426 1978 454 se-

402 465 579 532 quisadtoren}
597 463 742 502 cogebatur
756 474 763 492 z
784 463 860 501 eique
875 472 930 492 non
948 462 1087 501 sequenti,
1109 461 1276 499 praesemibus
1290 462 1422 490 antestatis
1434 462 1508 490 actor
1522 462 1655 498 judicium
1671 462 1840 492 denuntiabat
1853 473 1859 491 ;
1879 465 1913 492 de
1924 473 1986 501 quo.

399 513 429 539 in
452 509 559 541 eque-nti
582 510 647 542 ega

876 573 912 607 X
915 573 951 606 X
956 575 988 610 V
993 575 1020 608 Ῑ.
1047 573 1082 606 Si
1101 571 1196 615 injus
1211 581 1313 613 vocet,
1339 578 1429 616 atque
1443 578 1501 603 eae,

709 653 738 682 Si
749 652 789 682 vis
801 651 922 682 vocationi
930 653 992 689 suat
1001 674 1007 684 ‚
1026 649 1217 689 onustaminor:
1237 650 1264 678 ni
1280 650 1302 678 it
1312 672 1321 683 ‚
1338 661 1426 678 aurem
1439 646 1517 684 capito
1530 647 1658 684 antestari.

710 692 740 719 Si
752 692 861 720 calvitur
871 713 877 723 ,
893 692 1014 725 pedemve
1019 688 1115 727 struit,
1134 700 1238 717 manum
1252 690 1314 716 endo
1317 689 1407 723 jacito.

441 733 520 761 Frior
531 740 590 769 pars
600 737 673 762 extat
685 731 784 768 partim
798 731 866 767 apud
881 728 1037 760 Ciceronem,
1058 729 1154 764 partim
1168 728 1237 764 apud
1254 727 1439 768 Porphyrionem
1453 728 1628 763 interpretem
1639 722 1758 756 Horatii,
1777 724 1820 753 sed
1830 726 1929 755 mitum
1948 728 1977 756 in

404 772 520 799 modum
536 778 672 806 corrupta:
693 768 869 804 posteriorem
884 767 968 801 Festus
981 766 1059 794 habet
1072 767 1100 794 in
1115 776 1181 794 voce
1194 770 1306 794 struere.

444 809 580 837 Sententia
594 808 658 845 legis
672 808 778 834 videtur
791 806 842 834 effe
854 807 923 833 haec:
943 807 986 832 Uti
999 804 1060 831 civis
1076 807 1204 831 Romanus
1217 804 1244 831 in
1249 807 1294 839 jus
1308 811 1409 831 vocatus
1420 824 1427 834 ,
1447 804 1510 831 illico
1523 802 1593 830 nulla
1609 812 1680 829 mora
1694 798 1837 837 interposita
1851 810 1979 830 vocantem

397 848 530 885 ftquatur.
550 846 621 881 Qi,
641 845 659 872 fi
674 844 746 881 sequi
759 844 842 876 nolit,
861 844 942 874 adeo,
962 850 992 870 ut
1008 843 1034 869 vi
1047 843 1107 879 cogi
1121 840 1259 878 oporteat]
1280 842 1355 869 actor
1368 841 1508 878 praesentes
1521 842 1622 878 aliquot
1635 841 1706 868 cives
1720 841 1875 868 antestetur:
1896 841 1922 868 id
1935 841 1981 873 est,

404 885 433 911 in
447 885 523 911 testes
538 890 634 911 vocett
653 884 724 919 quod
740 882 758 908 fi
772 881 856 909 adhuc
867 882 938 918 sequi
953 879 1035 912 nolit,
1058 890 1151 908 aurem
1165 881 1285 908 :intestati
1300 881 1393 916 capiat.
1433 881 1460 908 Si
1472 879 1557 917 fugiat
1571 888 1645 910 reus,
1665 878 1740 906 actor
1756 879 1779 905 ei
1794 887 1906 906 manum
1919 879 1981 916 inji-

403 922 472 953 ciat,
491 929 571 957 atque
585 922 613 947 in
626 920 668 955 jus
682 919 775 955 rapiat.

443 958 472 985 si
484 957 562 992 injus
574 957 672 993 vocem]
692 958 734 984 Ita
746 956 798 984 Cic.
811 954 857 982 lib.
867 956 938 984 2.⁷de
952 955 1003 992 leg.
1025 957 1060 981 A·
1062 953 1151 988 parvis
1162 954 1247 987 enim,
1265 954 1377 992 Qime,
1395 953 1544 987 didicimus,
1556 953 1587 992 fi
1594 953 1622 981 in
1630 955 1675 989 jus
1687 961 1767 983 vocet,
1787 962 1864 993 atque
1875 962 1917 981 eat
1926 975 1932 985 ,
1941 953 1983 986 ξς·

403 996 523 1032 ejusmodi
536 995 602 1023 altas
617 995 680 1033 leges
694 994 837 1024 nominare,
855 992 910 1026 &a
929 993 1040 1021 Vetuste
1052 1000 1143 1020 autem
1157 993 1224 1021 dixit
1236 992 1294 1026 lex,
1314 995 1405 1031 Atque
1417 1014 1426 1025 ‚
1446 1002 1496 1029 pro
1509 994 1596 1021 statim
1611 1012 1619 1024 ,
1639 1000 1668 1020 ut
1683 991 1786 1019 Servius
1800 993 1827 1020 in
1840 991 1905 1021 illud
1920 993 1983 1020 Vir·

408 1035 464 1073 gilii
479 1035 628 1062 annotavit:
650 1037 736 1072 Atque
748 1032 821 1059 idum
835 1029 861 1058 in
870 1039 970 1067 prate-ps
979 1039 1057 1065 prono
1071 1029 1138 1065 rapit
1152 1031 1239 1058 alveus
1253 1029 1333 1059 amni.
1354 1032 1475 1067 itemque
1485 1030 1600 1068 Agellius
1613 1029 1658 1057 lib.
1669 1040 1708 1058 ιο.
1724 1039 1781 1067 cap.
1794 1031 1841 1058 ult.

446 1071 475 1098 si
488 1071 529 1099 vis
540 1070 664 1104 vocationi
672 1070 765 1108 suun]
793 1070 835 1097 Sic
849 1068 946 1107 legitur
960 1069 1029 1105 apud
1044 1068 1245 1106 l’mfflyriomm,
1267 1077 1347 1105 quam
1361 1067 1507 1096 leotionem
1522 1068 1623 1096 reotam
1637 1068 1687 1095 effe
1703 1066 1797 1104 Justus
1810 1067 1903 1107 Lipsius
1914 1068 1984 1097 libro

408 1118 437 1145 4.
456 1109 651 1145 epistolicarum
667 1109 839 1146 quaestionum
856 1108 929 1144 epist.
944 1111 988 1135 26.
1003 1106 1120 1134 affirmat
1134 1126 1141 1137 ‚
1159 1115 1277 1144 eumque
1297 1105 1400 1134 secutus
1414 1105 1483 1135 sum.
1511 1106 1563 1134 Alii
1577 1105 1651 1134 aliter
1665 1108 1818 1134 emendant.
1850 1106 1992 1134 Lambinus

407 1148 518 1184 quidem
532 1148 581 1176 fic:
602 1150 630 1174 Si
645 1146 683 1174 vis
696 1144 817 1173 vocationi
823 1144 901 1180 sunt.
918 1143 998 1184 autfi
1007 1152 1032 1171 te
1049 1143 1077 1172 in
1082 1145 1128 1178 jus
1142 1153 1271 1172 vocantem
1285 1144 1462 1182 nonfi’quatur
1474 1165 1482 1177 ‚
1502 1142 1642 1180 antestatus
1653 1154 1694 1171 em
1706 1153 1784 1178 captto
1796 1164 1803 1174 ,
1817 1145 1863 1179 fta
1878 1165 1884 1176 ‚
1903 1144 1984 1179 injus

407 1195 448 1212 em
461 1184 548 1220 rapite.
588 1184 730 1213 Turnebus
744 1193 820 1211 vero:
841 1182 869 1210 Si
882 1181 961 1218 injus
974 1190 1044 1210 vocat
1058 1181 1085 1208 m
1097 1181 1134 1211 it.
1154 1192 1242 1209 aurem
1253 1180 1392 1218 antestatus
1406 1192 1511 1209 manum
1523 1180 1634 1216 injicite.
1652 1180 1773 1218 antestari
1785 1183 1873 1216 capito.
1899 1182 1985 1210 Aliter

407 1223 512 1250 Carolus
525 1222 653 1260 Sigonius.-
672 1226 701 1248 St
715 1221 742 1247 in
752 1223 796 1256 jus
810 1228 894 1250 vocet,
914 1229 992 1260 atque
1005 1227 1061 1247 eat:
1079 1218 1212 1258 Nistatim
1225 1226 1284 1248 eat,
1302 1229 1332 1245 en
1344 1216 1423 1252 capito
1438 1216 1572 1256 antestari,
1591 1218 1653 1251 &a
1677 1220 1721 1246 Est
1735 1227 1825 1248 autem
1839 1219 1923 1248 sensus
1936 1220 1992 1247 ho-

408 1270 469 1288 rum
490 1261 648 1288 verborum:
671 1260 698 1287 Si
718 1258 897 1288 adversarium
918 1259 946 1287 in
963 1259 1007 1296 jus
1026 1258 1177 1290 vocaveris,
1198 1259 1225 1288 ὃς
1243 1257 1265 1285 is
1285 1257 1313 1285 vi
1331 1256 1454 1285 restiterit
1467 1277 1475 1289 ‚
1493 1263 1523 1285 ut
1542 1257 1600 1285 vim
1618 1256 1737 1285 adhiberi
1756 1258 1857 1286 necesse
1876 1257 1920 1290 fit,
1939 1267 1985 1286 an.

407 1296 569 1332 testaminor,
588 1297 652 1331 &c-

445 1336 542 1371 ftmt.]
564 1337 606 1364 Sic
621 1343 724 1364 veteres
738 1336 876 1368 dixerunt,
896 1333 1020 1373 proflat,
1043 1335 1107 1364 teste
1119 1333 1200 1362 Nonio
1214 1333 1346 1367 Marcello,
1367 1335 1394 1363 ὃς
1407 1331 1485 1371 Julio
1497 1332 1587 1362 Sabino
1601 1333 1629 1361 in
1646 1332 1802 1371 Virgilium.

446 1373 668 1411 Annstaminor.]
690 1375 719 1402 Id
733 1375 785 1406 est,
805 1374 882 1401 testes
896 1373 996 1410 aliquot
1010 1373 1148 1401 advocato.
1927 1398 1929 1400 .

446 1415 551 1439 Aurem
563 1411 643 1446 capito
657 1411 804 1449 nonestati]
826 1413 888 1439 Mos
902 1412 974 1439 enim
991 1419 1045 1439 erat
1060 1411 1086 1439 in
1099 1409 1277 1447 antestatione,
1295 1417 1325 1439 ut
1336 1411 1476 1438 memoriae
1490 1409 1563 1438 causa
1581 1411 1655 1438 :ustor
1670 1409 1814 1438 auriculam
1828 1410 1913 1437 imam
1927 1415 1985 1437 tan-

411 1458 486 1488 geret
500 1451 634 1482 antestati,
654 1460 717 1478 cum
731 1450 783 1477 hoc
797 1449 893 1477 verbo:
914 1454 1050 1476 Memento.
1076 1450 1147 1476 Hinc
1162 1448 1228 1475 Plin.
1245 1448 1290 1476 hb.
1308 1459 1347 1476 11.
1362 1458 1418 1484 cap.
1431 1454 1478 1483 45.
1500 1448 1542 1474 Est
1558 1450 1584 1475 in
1599 1457 1661 1476 aure
1675 1450 1732 1475 ima
1745 1448 1884 1474 mcmoriae
1896 1447 1984 1480 locus,

410 1497 491 1524 quem
508 1496 646 1524 tangentes
661 1489 832 1515 antestantur.
864 1489 897 1515 Et
912 1487 964 1514 huc
976 1486 1059 1514 allufit
1072 1486 1163 1523 Virgil.
1177 1487 1309 1522 inquiens:
1330 1485 1452 1521 Cynthius
1463 1495 1550 1512 aurem
1563 1485 1635 1512 Vellit
1645 1506 1652 1517 ‚
1675 1485 1716 1517 ζῇν
1729 1485 1870 1511 admonent.
1903 1486 1987 1513 Addit

409 1525 493 1552 etiam
507 1524 602 1562 Lipsius
614 1545 620 1556 ‚
642 1526 711 1560 apud
728 1526 857 1552 Laurinos
870 1525 988 1559 lapillum
1003 1525 1054 1551 effe
1068 1544 1074 1554 ‚
1096 1525 1122 1551 in
1137 1533 1191 1560 quo
1203 1524 1233 1550 fit
1247 1530 1326 1558 caput
1338 1523 1469 1559 sculptum
1485 1543 1493 1553 ,
1514 1525 1539 1551 ὅ(
1556 1532 1650 1551 manus
1662 1531 1754 1550 aurem
1768 1530 1899 1554 anetem,
1921 1531 1985 1550 cum

410 1562 496 1590 verbo
509 1563 606 1590 Graeco
617 1568 745 1598 μγκμόνόιε,
766 1561 870 1589 Horatii
884 1564 911 1590 ὃς
926 1560 1014 1588 Plauti
1029 1560 1116 1589 versus
1127 1583 1134 1592 ,
1155 1570 1187 1588 ex
1202 1560 1295 1598 quibus
1308 1561 1352 1588 hic
1364 1570 1425 1588 mos
1438 1560 1497 1588 elici
1511 1569 1618 1598 quoque
1631 1562 1716 1597 potest
1729 1580 1736 1592 ‚
1758 1569 1814 1587 non
1830 1559 1997 1589 adscribamo

409 1599 464 1629 Alii
479 1608 569 1628 tamen
583 1601 658 1629 aliter
672 1600 830 1629 vocabulum
844 1597 962 1634 antestari
977 1607 1125 1635 exponunt:
1147 1607 1227 1635 penes
1240 1599 1335 1627 doctos
1347 1599 1478 1635 judicium
1492 1598 1555 1625 esto.

447 1638 477 1666 Si
490 1637 604 1665 calvitur.
619 1640 632 1674 ]
654 1639 684 1666 Id
698 1640 749 1670 est,
770 1638 795 1665 Si
805 1637 956 1675 frustratur.
981 1637 1098 1665 Nonius.

451 1676 694 1713 Pedemvestruit.]
715 1679 776 1705 Hoc
790 1677 840 1707 est,
862 1677 889 1703 Si
902 1674 1083 1703 retroversum
1097 1676 1133 1706 it,
1153 1683 1197 1703 aut
1211 1674 1295 1711 fugit,
1315 1681 1359 1703 aut
1368 1676 1481 1713 gradum
1496 1680 1588 1712 auget,
1609 1672 1652 1703 vel
1664 1674 1776 1707 minuit,
1796 1672 1985 1702 firemoraturl

414 1713 507 1753 festus,
528 1716 570 1742 Sic
586 1716 667 1742 etiam
681 1713 833 1752 glossarium
850 1721 937 1741 vetus:
957 1717 1060 1740 struere
1069 1714 1176 1747 pedem,
1199 1719 1294 1750 qfflyffl.
1389 1716 1395 1720 '

452 1757 562 1782 Manum
577 1752 742 1789 endojacito.]
764 1753 894 1790 Antique‚
915 1761 965 1788 pro
977 1761 1083 1780 manum
1095 1750 1200 1786 injicite.

791 1829 968 1865 XXVII.
1002 1831 1038 1862 Si
1051 1827 1148 1874 status
1165 1827 1229 1861 dies
1239 1828 1281 1875 fit
1296 1840 1365 1862 cum
1379 1826 1473 1875 hoste,
1499 1827 1615 1861 venito.

455 1911 610 1947 Extatapud
618 1910 670 1938 Cic.
681 1908 726 1937 lib.
739 1919 760 1936 1.
772 1908 841 1945 offic.
861 1908 996 1936 Sententia
1008 1908 1073 1945 legis
1083 1907 1138 1936 haec
1151 1909 1199 1936 est:
1220 1909 1245 1936 Is
1259 1909 1304 1945 qui
1316 1908 1418 1945 judicio
1432 1906 1481 1935 fisti
1494 1904 1646 1944 promiserit
1660 1903 1823 1942 adversario,
1841 1905 1986 1937 secundum
2029 1894 2032 1897 .
2057 1917 2058 1952 j

414 1947 485 1977 suam
495 1970 501 1980 ,
522 1949 564 1977 vel
580 1948 762 1985 fidejussorum
776 1947 997 1984 promissionem,
1018 1946 1043 1974 se
1056 1946 1123 1974 sistat
1136 1947 1169 1975 ad
1182 1947 1255 1975 diem
1269 1947 1404 1974 statutum.

449 1985 480 2014 Si
484 1986 568 2022 status
582 1987 663 2023 ψει]
683 1990 771 2013 Status
784 1985 836 2013 dies
849 1993 975 2018 vocatur,
996 1986 1041 2023 qui
1056 1985 1148 2021 judicii
1161 1984 1235 2012 causa
1250 1985 1286 2013 est
1299 1985 1463 2013 constitutus.

452 2028 522 2052 Cum
535 2023 626 2061 hasten]
653 2025 685 2052 Id
695 2024 731 2051 est
741 2045 750 2057 ‚
773 2033 835 2051 cum
849 2023 1005 2058 adireoffirio,
1026 2023 1067 2051 vel
1076 2023 1214 2060 peregrino.
1253 2023 1341 2051 Hostis
1355 2023 1423 2058 apud
1439 2023 1560 2059 antiquos
1568 2020 1713 2059 peregrinus
1727 2022 1862 2050 dicebatur
1874 2044 1881 2054 ‚
1902 2024 1929 2051 δε
1943 2022 1989 2060 qui

415 2070 484 2090 nunc
492 2062 733 2099 hosimperduellis.
753 2060 846 2099 Festus.
866 2063 908 2089 Sic
921 2064 947 2090 δε
961 2061 1044 2088 Cicero
1057 2061 1126 2088 libro
1141 2061 1229 2097 primo
1242 2061 1421 2088 Officiorum:
1444 2061 1575 2098 Equidem
1590 2059 1653 2087 illud
1669 2060 1764 2092 etiam,
1785 2061 1885 2097 inquit,
1904 2061 1991 2088 anim-

416 2099 526 2127 adverto
540 2122 548 2133 ,
568 2101 639 2137 quod
655 2102 700 2137 qui
716 2101 826 2137 proprio
839 2101 951 2128 nomine
958 2100 1094 2134 pei-duella
1107 2099 1186 2131 esset,
1207 2101 1228 2127 is
1238 2097 1309 2137 hostis
1323 2107 1478 2130 vocaretur,
1498 2098 1605 2126 lenitate
1624 2097 1697 2126 verbi
1712 2098 1846 2126 tristitiam
1863 2100 1901 2126 rei
1917 2099 1988 2127 miti-

415 2145 504 2174 gante.
543 2137 625 2174 Hostis
638 2140 712 2166 enim
727 2139 796 2176 apud
810 2138 928 2174 majores
942 2139 1044 2166 nostros
1058 2138 1078 2165 is
1091 2137 1241 2170 dicebatur,
1260 2146 1342 2174 quem
1355 2146 1426 2165 nunc
1433 2137 1592 2174 peregrinum
1605 2136 1729 2164 dicimus.
1749 2136 1883 2164 HaCtenus
1892 2141 1985 2164 Cicero.

415 2173 567 2216 Appellatus
580 2177 615 2203 est
629 2185 719 2205 autem
732 2176 804 2212 hostis
814 2196 820 2205 .
840 2176 872 2204 ab
885 2175 970 2215 hostio,
992 2176 1064 2213 quod
1077 2176 1113 2203 est
1126 2185 1215 2212 aequo:
1235 2177 1363 2213 quoniam
1375 2176 1507 2213 peregrini
1520 2175 1569 2204 suis
1578 2195 1585 2206 ,
1604 2181 1634 2202 ut
1647 2183 1697 2202 nos
1709 2174 1817 2206 nostris,
1837 2182 1939 2202 utentes
1950 2173 1987 2201 le-

415 2212 492 2248 gibus
501 2232 507 2243 ‚
529 2221 601 2248 pares
612 2214 688 2241 nobis
702 2215 834 2243 videntur.
875 2216 909 2243 Et
923 2215 981 2252 quia
993 2215 1021 2242 in
1035 2214 1162 2243 conflictu
1175 2223 1206 2242 ex
1219 2223 1290 2251 aequa
1306 2213 1379 2242 causa
1392 2222 1509 2251 pugnam
1525 2214 1597 2241 adire
1611 2212 1712 2244 solent,
1732 2213 1794 2240 ideo
1810 2214 1938 2241 concinna
1952 2211 1989 2239 est

416 2250 550 2290 transsatio
567 2251 599 2289 ad
614 2249 759 2287 litigatores
771 2274 779 2284 ‚
800 2254 845 2290 qui
859 2255 916 2290 pari
928 2254 987 2291 jure
999 2253 1033 2281 de
1043 2253 1139 2282 eadem
1153 2253 1320 2288 contendunt
1336 2252 1424 2284 caula,
1446 2260 1475 2282 ut
1488 2252 1630 2281 visitoriam
1640 2250 1834 2289 consequantur
1848 2261 1855 2279 ε
1875 2251 1989 2286 ideoque

415 2286 492 2316 vicio,
510 2290 536 2318 ὃς
549 2288 654 2316 maeres
667 2298 857 2327 nuncupamus.

1923 2398 1989 2427 DE
