2075 2734
372 127 428 158 744
676 98 1668 151 AneruerrumRouananuern.X.

374 168 383 177 κ

375 180 403 199 in
417 171 552 197 civitatem
571 171 725 196 Romanam
741 173 886 197 venerunt,
906 173 936 194 ut
951 165 1051 199 Animi,
1073 168 1099 195 &
1114 166 1253 205 Agnanim'.
1290 168 1372 195 Sicuti
1386 168 1467 205 igitur
1481 168 1578 204 prioris
1588 167 1693 204 generis
1701 165 1959 205 municipibus,un

378 207 427 235 bus
440 206 591 244 suffragium
607 215 661 234 non
675 204 785 233 dabatur
799 225 806 236 ‚
828 204 877 232 suae
889 204 960 241 leges
974 204 1198 240 permittebantur
1211 216 1216 232 ε
1241 207 1276 233 ita
1290 206 1441 241 posterioris
1460 207 1565 244 generis
1584 214 1719 239 munrcrpes
1731 223 1737 233 ‚
1759 205 1820 241 quia
1833 205 1960 242 suffragio

380 245 555 276 ornabantur,
578 244 626 272 suis
641 243 741 280 legibus
755 242 945 278 spoliabantur,
971 243 1099 270 Romanis
1114 253 1179 270 vero
1192 243 1430 281 obstringebantur.
1460 247 1548 282 Atque
1565 250 1595 271 ut
1611 243 1728 271 breviter
1740 243 1845 275 dicam,
1865 244 1960 275 omnia,

381 283 439 319 jura
452 282 477 309 hi
492 282 634 312 habebant,
657 290 714 316 quae
727 281 796 307 cives
812 281 942 309 Romani.
963 281 1093 312 domicilii
1104 282 1163 317 jure
1178 290 1299 317 excepto.

422 321 494 357 Qud
509 322 578 347 inter
590 319 692 346 colonias
707 320 732 346 ὃ(
753 317 886 352 municipm
898 319 1000 346 interiit
1013 340 1019 349 ‚
1042 321 1164 356 quamvis
1177 329 1209 347 ex
1229 321 1258 347 iis
1272 341 1279 352 ,
1301 329 1357 356 quae
1377 320 1448 347 dicta
1461 319 1520 348 sunt
1534 340 1541 352 ,
1562 319 1639 347 facile
1653 318 1816 356 intelligatur
1826 339 1832 350 ,
1855 328 1910 347 non
1923 327 1962 347 ta-

382 368 446 386 men
463 358 565 395 pigebit
579 358 605 384 id
619 356 704 393 iplum
719 356 800 383 etiam
816 357 902 384 verbis
917 356 1008 394 Agellii
1022 357 1064 385 lib.
1079 360 1118 385 16.
1128 367 1183 393 cap.
1198 368 1238 394 ¹3-
1250 357 1381 394 explicare
1395 368 1400 385 :
1422 359 1466 395 qui
1480 368 1542 386 cum
1557 359 1590 386 de
1605 358 1784 393 municipibus
1798 357 1901 384 dixisset
1915 367 1961 385 eos

382 397 434 424 effe
448 397 517 423 cives
534 397 674 422 Romanos
688 403 720 421 ex
737 395 889 431 municipiis
905 415 911 425 ,
932 399 977 422 luo
990 395 1049 430 jure
1064 398 1089 424 &
1103 395 1205 432 legibus
1219 404 1337 427 mentm,
1354 397 1405 423 &c-
1415 405 1472 432 quae
1479 396 1557 424 verba
1566 406 1614 424 nos
1621 395 1700 432 paulo
1708 402 1769 422 ante
1776 395 1962 427 recitavimus,

381 434 515 470 subjungit
529 433 651 460 tandem:
673 431 723 459 Sed
738 431 889 460 colomarum
902 432 949 460 alia
963 434 1128 462 necessitudo
1141 434 1185 461 est.
1229 436 1293 461 Bon
1307 435 1379 461 enim
1394 434 1504 462 veniunt
1518 433 1677 463 extrinsecus
1690 435 1717 461 in
1732 434 1870 461 civitatem
1882 453 1891 467 ‚
1911 442 1962 464 nec

382 471 433 498 suis
445 471 573 498 radicibus
587 472 709 498 nituntur
719 490 726 501 ‚
745 469 788 498 sed
804 481 835 499 ex
849 472 956 499 civitate
970 471 1039 508 quafi
1053 481 1204 509 propagatae
1219 471 1276 499 sunt
1288 493 1296 504 ‚
1317 474 1342 500 ὅ(
1358 472 1416 508 jura
1431 472 1599 509 institutaque
1612 472 1704 499 onmia
1717 471 1810 508 populi
1826 472 1961 503 Romani,

381 518 437 536 non
452 507 488 536 sui
500 509 601 536 arbitrii
617 508 722 535 habent.
744 509 812 545 Qae
825 517 916 536 tamen
930 510 1066 542 conditio,
1088 519 1171 546 quum
1185 510 1215 538 fit
1231 511 1315 547 magis
1329 510 1459 540 obnoxia,
1481 512 1507 538 &
1522 511 1611 537 minus
1627 510 1708 537 libera
1721 531 1727 541 ,
1748 510 1839 545 potior
1853 515 1961 541 tamen,

383 549 410 574 δε
427 546 595 581 praestabilior
608 546 771 574 existimatur
785 566 792 575 ,
813 556 923 584 propter
941 548 1145 584 amplitudinem
1159 569 1167 582 ,
1190 549 1409 584 majestatemque
1423 547 1517 584 populi
1535 549 1654 575 Romani
1670 569 1676 579 ,
1707 548 1782 584 cujus
1803 548 1853 574 istuc
1870 547 1963 573 colorata

381 584 452 620 quali
467 584 567 621 effigies
580 594 681 621 parvae,
700 584 889 622 fimulacraque
903 586 954 613 effe
966 587 1099 618 videntur,
1114 588 1140 614 ὃς
1159 586 1235 613 fimul
1249 607 1256 618 ‚
1278 587 1339 623 quia
1358 585 1468 613 obscura
1488 586 1677 623 obliterataque
1695 584 1754 614 fiint
1773 583 1963 619 municipiorum

378 623 457 655 jura,
478 623 572 659 quibus
584 623 623 650 uti
636 623 691 658 jam
707 631 754 658 per
768 624 947 659 ignorantiam
964 634 1019 651 non
1033 632 1141 660 queunt.
1168 625 1303 651 Hactenus
1318 623 1444 661 Agellius.

426 661 499 689 Inter
513 671 609 689 omnes
623 660 724 688 Italicas
740 661 1068 698 civitatespraejec‘iurarum
1082 663 1203 690 conditio
1217 662 1267 690 fuit
1278 683 1284 693 ,
1303 672 1333 689 ac
1350 661 1457 690 fortuna
1469 661 1614 689 durissima.
1649 662 1692 690 Sic
1703 661 1775 689 enim
1791 659 1804 688 a
1819 661 1966 697 majoribus

385 705 441 726 erat
458 700 585 727 traditum
601 720 608 730 ‚
630 707 660 726 ut
685 708 742 736 quae
764 700 883 728 civitates
904 701 1000 737 iniquae
1020 702 1162 736 ingrataeve
1181 710 1243 737 erga
1261 700 1391 737 populum
1417 701 1573 726 Romanum
1595 699 1713 731 fuiffem,
1733 708 1763 727 ac
1776 699 1857 726 fidem
1875 699 1965 727 datam

384 736 481 767 semel,
501 746 581 774 atque
596 739 693 765 iterum
710 736 872 768 fefelliffent‚
892 738 937 764 ubi
948 739 974 765 in
988 738 1160 774 potestatem,
1182 740 1368 775 ditionemque
1383 738 1464 765 essent
1475 737 1609 766 adduetae,
1629 737 1809 773 inpraseflura
1819 736 1965 764 formulam

386 775 558 803 referrentur.
590 774 715 802 Formula
730 785 795 802 vero
804 775 950 812 praejedJurae
964 786 1018 803 non
1032 777 1112 813 longe
1129 775 1282 810 {ipram-incia
1297 776 1412 803 formula
1425 776 1530 803 videtur
1542 775 1659 803 abfuisse.
1686 777 1726 803 Ut.
1740 775 1813 802 enim
1827 776 1968 811 quotannis

387 813 415 840 in
423 813 563 847 provrmias
571 823 684 848 pretores
699 818 789 842 Roma
803 815 874 841 mitti
886 814 968 845 soliti,
989 814 1023 842 fic
1039 815 1065 841 in
1075 814 1232 851 prasefflcms
1239 813 1363 849 prasec‘h',
1384 815 1428 850 qui
1439 823 1480 841 eas
1494 814 1723 845 administrarent,
1743 822 1774 840 ac
1788 813 1829 848 jus
1839 813 1968 844 dicerent,

387 852 459 878 unde
472 851 520 878 illae
534 861 641 887 quoque
654 852 754 890 intigne
771 851 973 888 hocprajeHurae
986 862 1087 880 nomen
1102 850 1259 879 hauserunt?
1278 854 1318 879 De
1326 851 1480 887 praejetshiris
1493 852 1528 880 ita
1542 851 1632 879 scribit
1646 850 1744 888 Festus.-
1767 849 1917 885 PraJeAJurae
1932 859 1968 877 eae

388 889 586 925 appellabantur
598 890 625 916 in
642 890 715 917 Italia
732 912 738 921 ‚
760 892 785 917 in
803 891 895 926 quibus
913 893 939 918 δε
953 891 995 926 jus
1007 890 1143 918 dicebatur
1159 894 1183 918 δε
1199 890 1321 917 nundine
1333 890 1498 927 agebantur,
1520 891 1547 917 ὃ(
1564 897 1620 917 crat
1635 890 1757 925 quedam
1774 898 1864 915 earum
1880 888 1969 926 respu—

386 925 468 957 blica,
489 937 574 963 neque
585 935 675 955 tamen
693 929 859 965 magistratus
871 927 928 955 suos
945 928 1090 959 habebant,
1111 929 1139 955 in
1151 938 1214 966 quas
1228 929 1327 964 legibus
1335 926 1444 963 prasecst‘t
1459 927 1633 954 mittebantur
1644 928 1798 964 quotanni5‚
1819 927 1863 961 qui
1876 926 1918 962 jus
1929 927 1969 953 di-

388 972 489 992 cerent.
507 966 607 991 Earum
621 974 650 1001 gt
657 976 718 993 nera
733 973 838 993 metunt
854 966 920 993 duo:
941 966 1053 993 alterum
1064 987 1071 997 ,
1091 967 1118 993 in
1134 975 1196 1002 quas
1210 966 1327 993 solebant
1339 966 1376 992 ire
1390 964 1520 1001 praefedfi,
1543 965 1706 999 quiauthore
1721 964 1814 1000 viginti
1826 963 1869 990 sex
1881 963 1968 991 virum

387 1011 504 1031 numero
519 1024 524 1033 ,
545 1003 636 1039 populi
651 1003 774 1041 suffragio
798 1002 850 1035 (sic
864 1002 986 1039 Joftphus
1000 1002 1108 1040 Scaliger
1122 1003 1251 1037 restituit)
1272 1005 1353 1030 creati
1367 1010 1441 1030 erant
1461 1003 1488 1029 in
1503 1003 1557 1029 hncc
1571 1004 1668 1038 oppida
1679 1021 1685 1032 ,
1706 1006 1832 1036 Capuam,
1856 1005 1969 1034 Cumas,

388 1039 542 1076 Casilmum,
563 1041 730 1072 Vulturnum,
750 1040 886 1068 Liternum
901 1062 909 1073 ‚
932 1041 1061 1071 Puteolos.
1082 1045 1210 1073 Acerras,
1231 1040 1372 1077 Suessulam
1384 1061 1392 1072 ,
1412 1040 1525 1066 Atellam
1539 1060 1545 1070 ‚
1567 1041 1711 1067 Calamam:
1731 1042 1846 1068 alterum
1865 1040 1892 1067 in
1905 1049 1968 1076 quas

389 1077 462 1106 ibant
477 1100 483 1110 ,
504 1088 570 1114 quos
579 1088 667 1113 prator
678 1080 787 1106 urbanus
802 1080 943 1115 quotannis
957 1080 983 1106 in
999 1088 1109 1116 quaeque
1123 1078 1181 1106 loca
1195 1078 1302 1106 miserat
1315 1078 1415 1116 legibus
1428 1098 1436 1109 ,
1447 1085 1484 1112 ¹ut
1498 1078 1612 1108 Fundos,
1636 1076 1749 1104 Formias
1761 1096 1769 1106 .
1789 1080 1871 1109 Caere,
1891 1080 1972 1105 Vena.

381 1115 455 1151 frum
473 1137 479 1148 ,
501 1116 593 1152 Alltjns
608 1137 614 1147 ‚
637 1117 791 1144 Privernum
803 1138 812 1149 ,
833 1117 1000 1155 Anagninum
1014 1138 1020 1148 ,
1042 1115 1220 1155 Frust'nonem,
1241 1121 1338 1150 Reate,
1362 1120 1527 1146 Saturniam,
1548 1114 1681 1153 Nurfiam,
1704 1119 1848 1150 Arpmum,
1868 1115 1969 1153 aliaque

389 1155 537 1190 complura.
569 1155 702 1183 Hactenus
719 1154 800 1193 festus
812 1175 820 1184 ,
841 1165 872 1183 ex
887 1156 980 1192 quibus
995 1156 1165 1182 manifestum
1186 1155 1231 1187 fit,
1251 1164 1371 1192 quaenam
1380 1153 1528 1190 praseHum
1543 1154 1656 1185 fuerint,
1678 1156 1704 1182 &
1721 1154 1791 1191 quod
1808 1154 1862 1181 duo
1875 1163 1967 1182 earum

387 1200 486 1228 genera
493 1213 500 1224 ‚
508 1193 633 1229 quoque&
640 1193 735 1220 coloniis
745 1196 770 1221 8<
778 1193 918 1228 munthnis
925 1193 1116 1221 discernantur.
1138 1194 1225 1221 Licuit
1233 1199 1324 1220 tamen
1332 1201 1524 1228 nonnunquam
1535 1192 1606 1219 idern
1615 1192 1744 1229 oppidum
1754 1190 1966 1227 &prafeHuram-,

390 1232 417 1258 ἃ
431 1230 597 1265 municipium
611 1231 669 1258 esse.
690 1231 869 1268 l¹raefe137umm
881 1232 993 1268 quidem
1005 1253 1011 1261 ‚
1032 1240 1160 1268 quatenus
1174 1241 1208 1259 eo
1219 1230 1345 1267 praesecqus
1356 1229 1546 1266 juriffliffionis
1559 1229 1634 1258 causa
1650 1230 1814 1260 mitteretur,
1835 1239 1885 1257 nec
1898 1231 1925 1257 in
1938 1239 1968 1257 ea

389 1267 550 1305 magstmmzs
569 1270 601 1296 ad
615 1270 657 1305 jus
676 1270 819 1297 dicendum
840 1277 1013 1298 crearentur:
1034 1268 1197 1304 municipum
1217 1279 1282 1296 vero
1294 1290 1302 1301 ‚
1324 1277 1452 1306 quatenus
1471 1268 1529 1304 jure
1543 1269 1657 1296 civitatis
1670 1289 1677 1300 ‚
1697 1267 1738 1295 vel
1751 1277 1813 1295 cum
1829 1267 1967 1305 suffragio,

390 1310 432 1332 vel
447 1307 501 1334 fine
511 1306 636 1344 lusti-agio
651 1315 776 1335 uteretur.
803 1308 1045 1344 Qemadmodum
1061 1309 1141 1335 ctiam
1156 1307 1276 1334 coloniam
1291 1308 1318 1334 in
1338 1307 1476 1335 civitatem
1492 1306 1618 1334 adscitam
1635 1309 1661 1334 ὅ(
1677 1305 1795 1332 coloniam
1809 1306 1909 1333 dietam
1927 1307 1968 1333 in-

391 1345 527 1376 nuimus,
547 1346 608 1382 quia
621 1345 710 1373 forma
722 1345 870 1382 reipublicae
883 1345 986 1373 colonica
998 1346 1135 1378 utebatur,
1157 1348 1183 1374 ἐκ*
1197 1346 1375 1381 municipium
1391 1366 1397 1376 ,
1417 1347 1478 1382 quia
1492 1344 1607 1381 suffragii
1620 1345 1662 1379 jus
1680 1345 1777 1371 Romae
1796 1343 1898 1371 ferendi
1912 1350 1968 1372 erat

391 1382 494 1417 adepta.
514 1384 593 1411 Unde
606 1383 648 1410 illa
661 1383 781 1419 profe-&a
794 1383 853 1412 sunt
866 1385 893 1411 in
904 1385 1069 1411 Antonium:
1091 1384 1279 1411 Lautiffimum
1292 1385 1422 1419 oppidum
1431 1404 1439 1415 ,
1454 1392 1525 1411 nunc
1536 1381 1701 1417 munictpium
1710 1382 1968 1413 ‚honestiffimorum

389 1421 525 1456 quondam
540 1421 700 1450 colonorum
716 1420 842 1458 Saffum,
865 1422 1070 1449 fortissimorum
1087 1422 1206 1449 militum
1223 1421 1348 1458 sanguine
1364 1422 1486 1458 replevit.

433 1459 530 1486 Praeter
548 1458 668 1492 colonias,
688 1468 837 1493 mumcrpm,
857 1461 883 1487 &
895 1459 1054 1495 praesedimus
1074 1468 1147 1487 etant
1166 1461 1248 1488 etiam
1267 1461 1386 1488 civitates
1407 1459 1558 1490 foederatae,
1586 1468 1649 1496 quas
1667 1459 1684 1485 fi
1705 1459 1762 1494 quis
1781 1457 1854 1484 volet
1873 1457 1968 1486 descri-

392 1495 455 1523 bere
469 1516 477 1527 .
502 1505 557 1523 non
576 1497 675 1532 poterit
694 1497 868 1523 commodius
883 1517 889 1527 ‚
917 1506 996 1532 quam
1018 1497 1035 1524 fi
1056 1498 1126 1524 dic-tt
1145 1498 1197 1524 effe
1216 1506 1257 1524 eas
1276 1498 1388 1533 oppida,
1409 1506 1465 1533 quae
1484 1506 1570 1532 neque
1588 1495 1694 1527 colonia,
1714 1504 1800 1532 neque
1818 1495 1965 1530 municipia,

390 1543 480 1569 neque
489 1534 635 1569 praejedrurae
649 1534 740 1560 ess'ent.
761 1537 847 1570 Atque
860 1534 899 1561 hae
914 1534 1032 1563 civitates
1046 1535 1143 1571 aliquid
1159 1544 1191 1562 ex
1201 1534 1303 1562 foedere
1313 1534 1414 1571 populo
1429 1537 1556 1561 Romano
1570 1533 1715 1564 debebant,
1729 1535 1756 1560 in
1767 1534 1865 1561 caeteris
1880 1533 1968 1561 liberoe

391 1579 481 1604 erant,
502 1570 629 1609 suamque
641 1571 849 1607 rempublicam,
872 1571 927 1598 suas
938 1572 1024 1608 leges,
1047 1575 1072 1600 ὅ(
1086 1573 1144 1600 suos
1158 1570 1318 1609 magistratus
1331 1572 1472 1600 habebant.
1500 1573 1698 1608 Itaqucftnatus
1712 1592 1718 1603 ,
1739 1571 1884 1608 populique
1897 1574 1924 1598 in
1938 1572 1970 1598 iis

392 1610 510 1644 oppidis,
532 1617 560 1636 ut
573 1610 601 1637 in
613 1609 700 1637 liberis
713 1609 862 1638 civitatibus
876 1612 1037 1638 memoriam
1051 1610 1167 1646 usurpari
1176 1612 1306 1638 videmus.
1327 1610 1443 1637 Caruifle
1455 1616 1546 1636 autem
1559 1611 1688 1636 foederata
1701 1610 1799 1645 oppida
1807 1609 1897 1637 onmia
1909 1610 1968 1645 jure

392 1648 507 1675 civitatis
523 1648 654 1675 Romanae
666 1668 672 1678 ,
693 1647 755 1675 illud
771 1656 931 1684 argumento
947 1649 982 1675 est
995 1668 1002 1678 ,
1023 1650 1095 1685 quod
1110 1648 1210 1676 multos
1224 1658 1256 1675 ex
1271 1648 1406 1675 foederatis
1425 1648 1575 1675 civitatibus
1586 1648 1749 1675 nominatim
1765 1648 1872 1675 civitate
1886 1648 1968 1675 dona-

392 1692 434 1711 tos
447 1684 570 1722 legimuS.
609 1686 743 1713 Caeterum
761 1686 950 1713 foederatarum
967 1687 1105 1714 civitatum
1123 1686 1257 1722 aliquanto
1272 1686 1378 1713 uberior
1392 1707 1399 1718 ,
1420 1695 1500 1723 quain
1515 1685 1629 1713 aliorum
1642 1685 1820 1721 oppidorum,
1840 1693 1966 1713 numerus

392 1723 489 1750 extint.
515 1724 652 1759 Siquidem
667 1724 759 1751 omnia
770 1724 850 1751 ltaliae
863 1725 973 1760 oppida,
996 1732 1091 1761 praeter
1106 1724 1223 1756 colonias,
1243 1724 1396 1759 mumcista,
1418 1727 1443 1753 ὃ(
1453 1722 1625 1760 naseam-as,
1645 1723 1672 1751 in
1687 1723 1756 1751 hunc
1767 1733 1912 1752 numerum
1923 1724 1968 1752 ad-

390 1760 527 1788 scribenda
540 1761 606 1789 sunt.
1132 1786 1136 1789 .

433 1800 584 1827 Occurrent
597 1800 677 1827 etiam
695 1799 846 1836 frequentet
861 1801 887 1827 in
896 1808 1017 1829 veterum
1033 1800 1136 1837 scriptis
1151 1801 1205 1829 haec
1218 1801 1273 1829 duo
1287 1801 1427 1833 vocabula,
1441 1801 1544 1837 sorum,
1564 1802 1590 1827 δε
1604 1799 1805 1839 conciliabulum3
1825 1800 1859 1827 de
1873 1800 1967 1836 quibus

391 1835 422 1864 ut
436 1846 493 1864 rem
509 1837 625 1865 breviter
639 1838 778 1873 expediam
795 1860 800 1868 .
821 1839 873 1866 hoc
885 1840 1046 1866 tenendum:
1071 1843 1133 1866 Pom
1149 1841 1176 1866 in
1190 1839 1264 1867 Italia
1283 1842 1308 1867 ἃ
1322 1840 1467 1875 provinciis
1483 1838 1539 1865 loca
1555 1837 1630 1865 fuisse
1641 1858 1648 1869 ,
1669 1839 1713 1866 ubi
1722 1845 1835 1872 pratores
1848 1847 1966 1866 conven-

394 1880 453 1901 tum
464 1876 531 1912 juris
543 1876 649 1903 dicendi
662 1885 736 1903 caula
752 1876 906 1904 habuerunt.
934 1878 977 1905 Sic
990 1878 1062 1904 enim
1075 1876 1168 1904 Nonius
1184 1877 1323 1904 Marcellus
1339 1888 1344 1904 ¹.
1367 1882 1431 1904 fora
1445 1877 1502 1904 loca
1517 1875 1639 1907 fuerunt,
1661 1877 1688 1903 in
1701 1876 1794 1913 quibus
1805 1875 1847 1910 jus
1860 1876 1964 1904 diceba-

393 1919 446 1942 tur.
483 1914 517 1941 Et
532 1912 631 1950 Festus:
653 1918 745 1941 Forum
759 1915 839 1942 tertio
853 1915 937 1942 modo
949 1915 1120 1952 intelligitur,
1138 1925 1199 1943 cum
1214 1916 1234 1942 is
1248 1934 1254 1945 ‚
1274 1915 1318 1952 qui
1328 1916 1454 1948 provincia
1467 1914 1570 1952 praeest,
1583 1914 1670 1950 fhrum
1683 1924 1755 1951 agere
1769 1914 1878 1946 dicitur,
1900 1925 1964 1943 cum

392 1950 514 1980 civitates
526 1953 647 1984 vocan&
657 1953 690 1979 de
704 1953 890 1980 controversiis
903 1963 995 1980 eorum
1010 1953 1155 1990 cognoscit.
1176 1954 1309 1990 Significat
1322 1954 1393 1981 enim
1404 1954 1491 1989 soram
1506 1961 1589 1989 agere,
1609 1961 1774 1980 conventum
1787 1952 1814 1979 in
1826 1951 1969 1987 provincia¹

392 1987 457 2024 juris
479 1990 588 2018 dicundi
606 1989 680 2018 causa
698 1989 813 2018 habere:
844 1994 936 2020 Forum
955 1991 1062 2019 indicere
1081 1991 1208 2028 fignificat
1228 1991 1319 2019 locum
1339 1990 1511 2027 jurisdicundi
1525 2010 1532 2021 ‚
1566 1990 1611 2027 qui
1638 1999 1785 2020 conventus
1809 1989 1962 2024 dicebatur,

392 2026 537 2062 delignare.

413 2099 417 2104 .
433 2065 601 2092 Conctlinbula
613 2075 687 2095 erant
703 2067 760 2094 loca
773 2069 986 2099 nundinationis,
1007 2078 1063 2105 quac
1072 2075 1197 2104 pretores
1210 2068 1236 2095 in
1251 2069 1395 2103 provinciis
1409 2067 1539 2098 indicere,
1558 2065 1644 2094 Servio
1656 2065 1715 2103 teste
1725 2088 1733 2099 ,
1753 2066 1879 2096 solebant.
1898 2072 1964 2096 Con-

393 2100 524 2133 etlmbula,
547 2112 574 2131 ut
585 2106 665 2133 tradit
678 2105 776 2140 festus,
797 2107 869 2142 quod
884 2116 917 2133 co
931 2108 957 2133 in
972 2107 1113 2134 concilium
1130 2107 1271 2134 veniretur.
1301 2107 1350 2134 Sed
1368 2109 1394 2134 δε
1408 2107 1462 2134 haec
1476 2106 1529 2141 ipsa
1545 2105 1604 2132 loca
1617 2106 1815 2133 nundinationis
1835 2108 1908 2134 cauTa
1923 2108 1965 2136 in-

393 2139 494 2180 ffi¹uti²¹
508 2140 566 2175 fora
581 2144 810 2179 nuncupabantur,
822 2145 840 2172 fi
857 2142 922 2181 Festo
932 2145 1162 2181 credimusmujus
1177 2144 1230 2172 haec
1242 2143 1301 2171 sunt
1310 2144 1400 2171 verba:
1422 2148 1515 2170 Forum
1530 2144 1572 2171 sex
1585 2145 1674 2171 modis
1686 2144 1850 2180 intelligitur.
1870 2146 1963 2175 Primo

392 2186 567 2214 negotmtroms
577 2178 648 2206 locus
663 2201 668 2210 ‚
690 2190 718 2207 ut
723 2182 810 2216 sorum
824 2181 980 2210 Flaminium
995 2204 1001 2213 .
1014 2182 1103 2219 forum
1115 2182 1215 2215 salium
1230 2203 1237 2213 ,
1258 2182 1290 2209 ab
1304 2192 1398 2209 eorum
1413 2181 1568 2209 nominibus
1580 2203 1586 2212 ‚
1609 2183 1693 2219 quiea
1708 2181 1766 2209 fora
1780 2183 1963 2213 constituenda

394 2223 540 2258 curarunt,-
558 2218 628 2252 quod
644 2219 722 2245 etiam
739 2220 801 2246 locis
817 2221 925 2256 privatis
937 2241 944 2252 ‚
966 2223 992 2249 ὃς
1006 2222 1033 2248 in
1048 2221 1111 2254 viis,
1132 2224 1158 2250 ὃς
1175 2222 1202 2248 in
1220 2220 1289 2257 agris
1309 2220 1364 2247 fieri
1384 2219 1465 2251 solet,
1483 2223 1535 2248 &c.
1564 2220 1653 2258 Atque
1668 2221 1701 2248 de
1714 2220 1784 2248 varia
1798 2222 1961 2257 oppidorum

391 2253 474 2282 Italiae
486 2255 647 2295 dffleremia,
668 2265 814 2293 eorumque
826 2259 884 2294 jure
896 2259 1021 2287 hactenus
1032 2269 1038 2285 ε
1057 2259 1090 2286 dc
1099 2257 1230 2292 provinciis
1243 2257 1328 2286 adhuc
1341 2259 1486 2295 agendum.

431 2296 565 2333 Patimur«
578 2292 738 2328 appellantur
749 2316 755 2325 ,
778 2296 864 2332 inquit
882 2295 966 2333 Festus
979 2319 985 2329 ‚
1007 2298 1079 2333 quod
1094 2296 1206 2334 populus
1221 2298 1359 2324 Romanus
1374 2306 1415 2324 eas
1424 2295 1530 2330 pt'ovisr't
1546 2317 1553 2328 ,
1571 2297 1597 2325 id
1613 2297 1648 2324 est
1661 2303 1722 2324 ante
1734 2296 1809 2325 vicit.
1848 2299 1959 2326 Nomen

388 2338 519 2365 pro-umen
531 2329 614 2358 tribus
626 2332 713 2358 modis
729 2333 870 2368 accipitur,
890 2336 1009 2369 primum
1016 2344 1061 2368 pro
1074 2334 1172 2372 regione
1186 2344 1266 2372 quam
1279 2342 1322 2362 aut
1336 2344 1417 2362 armis
1429 2335 1562 2363 devi&am
1575 2356 1582 2367 ,
1603 2343 1647 2363 aut
1661 2344 1818 2371 quocunque
1835 2336 1918 2363 modo
1932 2338 1959 2365 in

391 2369 551 2405 potestatem
564 2369 706 2398 adductam
718 2370 832 2407 populus
844 2373 983 2402 Romanus
994 2373 1159 2411 magistratui
1173 2373 1221 2402 suo
1234 2373 1468 2403 administrandam
1482 2372 1611 2411 subjecit:
1630 2372 1745 2402 secundo
1755 2381 1802 2407 pro
1814 2381 1963 2413 quacunque

1886 2421 1964 2451 Yt'glo-
