2075 2734
313 128 369 158 334
597 107 1596 144 ΑκτιᾳυιτΑτυΜῐζοΜΑΝΑῐιυΜ[των.

309 165 433 194 Calenum
448 179 455 191 ‚
482 156 605 185 Pollurem
619 176 627 186 ,
655 158 681 185 δε
701 159 842 184 lunanum
856 157 970 193 reperies
985 177 993 190 ,
1020 156 1210 194 descriptiones
1224 165 1279 183 non
1293 155 1370 184 item.
1408 153 1538 182 saltantes
1551 160 1635 191 porro
1648 156 1820 194 impellebant
1834 155 1896 189 ξομ·

309 213 372 241 pus,
390 207 434 227 aut
447 195 598 224 trahebant:
620 195 700 232 idque
716 194 832 227 sursum,
854 196 896 223 vel
909 195 1050 227 deorsum,
1071 195 1112 223 vel
1123 193 1313 223 sinistrorsum:
1335 192 1545 230 §quibuspostea
1554 193 1672 222 moribus
1681 197 1894 233 componebatur

310 239 419 275 simplex
434 234 539 262 ambula
554 235 580 261 io
590 254 597 264 ‚
619 234 717 263 flexus,
739 233 892 268 procursus,
912 233 1004 266 saltus,
1020 234 1189 265 divaricatio,
1205 232 1377 263 claudicatio,
1393 231 1600 268 ingeniculatio,
1615 231 1709 265 elatio,
1724 234 1833 270 jactatio
1848 247 1894 274 pe-

311 279 378 306 dum
393 297 400 307 ‚
428 273 593 310 permutatio
607 283 611 298 ;
640 272 733 308 quibus
754 278 811 299 tota
827 271 932 306 fizltatio
946 272 1140 308 perficiebatur.
1173 272 1223 299 Sed
1238 271 1312 307 plura
1327 270 1503 304 desiiltazrone
1517 270 1558 297 hic
1571 279 1627 297 non
1641 271 1740 299 dicam.
1778 274 1895 304 Plurima

311 316 344 344 de
358 325 387 342 ca
401 312 470 340 lectu
483 310 634 346 digniffima
649 313 675 338 ὃς
690 310 878 345 jucundissima
893 311 1057 349 collegerunt
1074 319 1169 347 praeter
1182 310 1327 336 Athe-naum
1343 311 1369 337 ἃ
1381 308 1445 336 alios
1459 309 1515 336 Cal.
1529 307 1685 346 Rhodtgimos
1700 309 1746 337 lib.
1762 320 1788 345 5.
1802 314 1897 351 Antiq.

310 354 372 382 left.
389 360 444 387 cap.
462 360 486 385 3.
501 352 526 376 cx
540 357 567 383 4.
584 347 646 384 Jut.
662 349 720 383 Cas:
733 348 842 386 Scnltger
852 349 896 377 lib.
915 360 937 377 1.
954 351 1026 378 Poe't.
1043 359 1066 377 c.
1088 359 1126 377 νὺ.
1143 351 1169 377 ὅ(
1185 351 1328 384 Hteronym.
1342 346 1506 375 Mercurialbs
1520 347 1641 376 Medicus
1655 348 1796 377 patavinus
1809 349 1856 378 lib.
1869 362 1896 382 2.

314 393 386 420 Artis
402 386 588 428 gymnasticae,
609 395 665 426 cap-
678 397 701 424 3-
713 396 740 422 4·
755 389 781 415 6.
797 389 823 415 δε
839 398 864 424 7.
878 390 904 417 ἃ
919 387 988 416 alibi.
1016 388 1107 415 Restat
1120 396 1149 415 ut
1163 387 1196 414 de
1210 385 1278 413 tibiis
1292 386 1421 414 dicamus.
1890 386 1896 389 ⁴

1002 465 1026 492 C
1047 475 1064 493 Λ
1086 475 1109 492 r.
1148 463 1205 491 XI.

815 519 868 552 'De
880 515 966 551 tibiis
979 544 988 559 ‚
1018 525 1064 553 Ο*
1080 528 1183 552 earum
1197 513 1390 560 differentiis.

314 585 425 648 Tibia
438 607 445 617 ‚
471 592 502 614 ut
529 586 708 613 Grammatici
730 584 847 618 volunt,
875 586 945 614 dicia
963 587 1034 622 quod
1057 586 1201 623 antiquitus
1220 594 1254 612 ex
1275 582 1343 611 tibiis
1357 593 1456 622 gruum
1473 583 1529 612 fieri
1550 583 1742 616 consuevisset:
1774 588 1897 624 quamvis

393 626 475 653 etiam
498 623 547 652 alia
568 633 659 651 earum
681 625 792 652 materia
812 624 901 652 fuerit.
936 625 1017 651 Owd.
1039 626 1112 652 enim
1132 624 1201 651 libro
1215 626 1241 651 6.
1267 623 1364 650 Fastor.
1388 625 1415 651 δε
1427 626 1518 649 Seneca
1531 624 1560 651 in
1574 625 1781 660 Agamemnone
1794 624 1868 652 abias
1883 626 1898 654 ὲ

316 662 388 691 buxo
402 674 407 690 :
434 662 533 690 Plinius
552 670 640 689 autem
656 663 777 698 primum
792 672 825 690 cx
840 663 968 690 arundine
982 669 1077 690 omnes
1091 683 1099 694 ,
1126 662 1222 690 deinde
1236 660 1363 689 sacrificas
1377 659 1392 688 ὲ
1407 660 1471 687 buxo
1484 681 1492 692 ‚
1520 660 1632 689 ludicras
1646 660 1661 689 ὲ
1675 664 1722 690 loto
1736 685 1743 696 ,
1771 666 1797 692 ἃ
1811 663 1899 699 offibm

316 700 418 738 nfininis
432 722 439 733 ‚
458 709 609 739 argentoque
624 699 705 728 factas
717 701 768 728 effe
781 722 788 733 ‚
808 701 854 728 lib.
874 705 913 729 16.
927 710 984 737 cap.
1001 705 1043 737 36.
1059 700 1195 739 perspicue
1208 700 1381 728 demonstrat.
1422 700 1513 736 Qem
1528 697 1620 728 locum
1635 700 1701 728 Ald.
1713 701 1850 729 Manutius
1863 703 1902 731 ita

317 740 441 776 intelligit
456 760 463 766 .
489 739 560 775 quod
574 738 638 765 tibtae
650 738 838 767 fficrificiorum
856 739 930 767 causa
942 738 956 767 ὲ
971 739 1035 766 buxo
1049 740 1154 776 semper
1168 738 1268 766 fuerint
1282 749 1288 765 2
1313 739 1344 765 ad
1358 738 1470 765 ludicras
1485 745 1575 766 autem
1589 748 1629 766 res
1643 740 1763 775 primum
1779 749 1811 767 ex
1823 749 1900 767 arun-

318 778 393 808 dme,
415 777 509 805 deinde
530 776 545 803 ἐ
565 777 627 808 loto,
648 780 674 805 ἃ
693 776 777 812 qusbus
799 777 900 816 afimmsss
913 799 920 809 ,
949 780 975 806 &
989 786 1101 816 mgenro.
1141 776 1273 804 Tibiarum
1289 776 1389 804 multus
1403 775 1462 803 usus
1472 777 1543 812 apud
1557 784 1660 805 veteres
1675 777 1740 809 fuit,
1761 778 1795 806 de
1809 777 1902 815 quibus

320 816 399 844 multi
411 815 504 843 multa·
526 816 585 842 Nos
599 815 651 842 hoc
667 816 727 843 loco
741 816 774 843 de
788 817 818 843 iis
833 824 938 844 tantum
954 817 1089 848 dicemus,
1109 825 1166 852 quae
1179 816 1211 843 ad
1226 815 1343 851 renones
1359 813 1506 842 fabularum
1522 813 1722 843 adhibebantur.
1742 816 1777 843 Et
1789 815 1830 843 hae
1843 816 1901 853 qui-

317 854 382 881 dem
397 863 452 881 non
463 853 537 881 unius
550 863 580 881 ac
593 853 712 889 ejusdem
727 862 802 882 erant
815 855 928 892 generis.
949 855 1072 882 Primum
1086 855 1162 883 enim
1177 854 1226 881 alia
1240 861 1324 885 vetus,
1346 851 1395 880 alia
1409 862 1473 879 nova
1487 851 1551 885 fuit,
1574 853 1646 890 quod
1655 854 1769 883 ostendit
1777 853 1900 882 Horatius

318 891 346 926 in
357 893 422 920 Arte
434 892 556 929 poetica,
578 891 616 919 his
631 892 758 919 versibus:
1765 903 1770 905 Δ

627 930 701 958 Trbm
714 940 763 956 non
776 939 805 957 ut
818 940 897 961 nunc,
917 929 1033 957 orichalco
1047 928 1148 961 υἰηὲῗη,
1167 929 1279 968 tubaque

627 968 742 1000 AEmula,
753 969 804 1003 ss’d
814 968 909 1000 tenuis,
921 967 1080 1007 fimplexque
1085 969 1213 1004 soramme
1221 977 1299 1002 pauco

630 1006 777 1041 Atg'lpirme,
798 1006 839 1039 ζῇ
851 1007 931 1043 adesse
943 1006 1017 1033 choris
1031 1015 1086 1033 erat
1099 1005 1186 1035 utilrs.
1206 1015 1285 1045 atque

628 1045 747 1071 Nondum
752 1043 830 1082 inffa
843 1043 919 1071 nimis
930 1044 1046 1078 complere
1051 1043 1146 1079 ftdtlia
1151 1043 1237 1083 flatu:

629 1086 687 1120 Qo
695 1084 759 1117 fitne
765 1082 869 1117 populus
880 1081 1055 1114 numerabilis,
1074 1090 1159 1116 utpote
1165 1091 1264 1116 par-rus
1269 1102 1278 1114 ,

632 1125 667 1147 Et
675 1120 763 1157 frugi,
782 1119 921 1158 cnsttfilue,
940 1121 1136 1158 verectemstgsque
1148 1118 1238 1147 coibat.

361 1159 465 1195 Quibus
480 1159 565 1188 verbis
578 1159 659 1186 docet
672 1178 681 1189 ,
706 1166 819 1185 veterem
832 1158 923 1186 tibiam
937 1157 1013 1186 rebus
1027 1166 1142 1195 quatuor
1154 1157 1186 1184 ab
1203 1167 1232 1185 ea
1245 1178 1253 1189 ‚
1280 1166 1338 1194 quae
1349 1158 1438 1193 postea
1452 1157 1558 1186 inducia
1572 1157 1622 1189 est,
1644 1157 1720 1186 fuiffe
1733 1160 1884 1189 diffinitam
1896 1182 1903 1192 ,

322 1198 446 1229 videlicet
466 1199 538 1234 quod
558 1196 672 1224 orichalco
693 1197 783 1224 vin&a
802 1206 858 1224 non
878 1197 958 1224 fuerit
971 1216 978 1227 ,
1005 1196 1078 1232 quod
1092 1193 1194 1227 tenuis,
1223 1197 1294 1232 quod
1299 1194 1409 1231 simplex
1423 1216 1431 1226 ,
1459 1197 1529 1232 quod
1539 1197 1808 1232 paucrsfhrami'nibus.
1849 1201 1904 1226 Re-

322 1235 444 1263 feruntur
463 1236 559 1263 deinde
579 1235 633 1262 alix
651 1233 807 1263 differentiae
822 1245 828 1261 ι
856 1234 963 1262 fuerunt
984 1235 1057 1261 enirn
1071 1242 1143 1268 pares
1158 1253 1166 1265 ,
1191 1231 1298 1267 impares
1310 1254 1319 1264 ,
1347 1234 1440 1259 dextra
1451 1254 1459 1265 ,
1478 1232 1584 1271 finistrae
1598 1253 1606 1264 ,
1632 1234 1739 1271 Phrygia
1754 1256 1762 1267 ,
1781 1240 1904 1265 sarram,

323 1275 391 1310 Qiae
398 1282 472 1307 pares
486 1294 492 1305 ‚
514 1281 558 1301 aut
571 1273 679 1307 impares
692 1272 762 1300 tibiae
776 1272 875 1300 fuerint
888 1273 958 1300 inter
971 1272 1088 1299 eruditos
1101 1281 1157 1298 non
1171 1271 1305 1299 convenit.
1346 1271 1399 1298 Alii
1412 1272 1485 1298 enim
1501 1271 1652 1299 existimant
1665 1292 1673 1303 ‚
1694 1272 1725 1299 ab
1740 1273 1904 1310 aequidistan-

320 1311 405 1344 tibUS,
425 1317 470 1338 aut
489 1311 658 1348 inaequalibus
677 1310 853 1338 foraminibus
864 1331 870 1341 ‚
891 1310 933 1338 vel
947 1308 1088 1338 intervallis
1102 1310 1138 1337 ira
1152 1309 1234 1336 dietas
1248 1309 1311 1336 esse:
1332 1308 1376 1336 alii
1388 1310 1458 1337 inter
1470 1319 1538 1346 quos
1551 1310 1630 1337 etiam
1647 1310 1683 1337 est
1697 1310 1800 1339 dostiff.
1825 1312 1906 1339 scalt.

318 1360 367 1387 ger
377 1371 386 1382 ,
413 1358 488 1386 pares
501 1350 577 1378 tibias
591 1349 674 1380 didias
686 1348 781 1377 volunt
795 1369 804 1380 ,
831 1358 894 1377 cum
911 1349 968 1376 duae
981 1347 1101 1384 ejusdem
1116 1347 1307 1384 magnitudinis
1321 1348 1348 1374 ὃς
1362 1348 1420 1375 toni
1436 1347 1638 1376 modularentur
1651 1359 1657 1376 2
1675 1347 1784 1383 impares
1797 1357 1887 1378 autem
1897 1371 1906 1383 ‚

324 1397 387 1415 cum
410 1389 488 1415 unica
504 1385 614 1417 tamum
632 1394 739 1415 caneret
753 1407 760 1418 ‚
788 1389 815 1415 δε
833 1393 923 1415 cantus
942 1385 986 1413 ille
1001 1390 1109 1420 μαμμίδιον
1122 1384 1166 1412 seu
1179 1390 1300 1420 μυγαύλιον
1313 1386 1454 1412 diceretur.
1495 1385 1585 1413 Verba
1598 1386 1716 1424 Scaliger-1
1733 1398 1754 1415 r.
1769 1389 1844 1416 Poet.
1858 1388 1905 1416 lib.

324 1435 383 1462 cap.
399 1437 443 1453 20.
469 1425 525 1454 hxc
543 1426 622 1455 sunt:
649 1425 780 1452 Monaulos
799 1426 836 1452 est
854 1423 989 1461 fingulaiis
1007 1423 1088 1451 tibia:
1115 1422 1254 1460 singulares
1274 1430 1365 1450 autern
1386 1424 1463 1450 dieta·
1482 1422 1540 1451 sunt
1560 1425 1676 1460 impares
1689 1445 1698 1456 ,
1724 1427 1840 1462 gemina:
1860 1436 1905 1464 pa-

323 1473 366 1491 res
377 1485 385 1496 ,
405 1467 457 1492 &a
490 1465 531 1492 Ad
545 1465 648 1491 dextras
662 1461 807 1500 &sinistras
819 1463 890 1500 quod
905 1463 999 1489 attinet
1013 1482 1020 1493 ‚
1042 1462 1127 1498 magis
1140 1460 1224 1488 adhuc
1238 1463 1339 1488 variant
1354 1460 1495 1489 sententiae.
1524 1460 1599 1497 Juln‘
1615 1463 1674 1497 c‘aefi
1685 1464 1805 1500 Scnlrgeri
1817 1465 1863 1492 lib.
1877 1467 1905 1493 &-

323 1511 380 1533 cap.
394 1503 512 1529 indicato
525 1502 580 1530 haec
592 1501 672 1529 verba
684 1502 744 1529 sunt
756 1512 761 1528 :
783 1501 970 1528 internodium
985 1500 1066 1526 radici
1080 1500 1235 1535 proximum
1248 1498 1406 1527 excidebant
1418 1499 1450 1526 ad
1465 1499 1559 1526 laevam
1573 1499 1667 1528 tibiam
1678 1521 1686 1532 ,
1707 1503 1780 1538 quod
1794 1502 1906 1530 subesset

325 1535 459 1568 ca'cumini
475 1560 483 1571 ‚
509 1541 543 1567 ad
555 1541 677 1567 dextram
693 1549 699 1565 τ
727 1548 782 1575 quo
794 1538 919 1566 laevarum
934 1537 1029 1564 sonum
1043 1546 1154 1574 gravem
1168 1536 1292 1574 agnoscas
1305 1558 1312 1568 ,
1332 1538 1486 1564 dextrarum
1502 1546 1620 1565 acutum.
1661 1539 1704 1565 Sic
1717 1540 1786 1575 apud
1802 1549 1906 1568 veteres

324 1578 454 1613 scripmm
476 1578 530 1608 est,
553 1585 581 1606 at
597 1578 686 1605 Latini
698 1577 774 1613 ajunt
789 1597 796 1607 ‚
808 1575 925 1614 st'mstraes
937 1576 1068 1603 acutiores
1082 1595 1088 1605 ,
1107 1574 1230 1611 aptasque
1245 1574 1323 1603 rebus
1335 1575 1442 1602 ludicris
1455 1586 1459 1602 :
1481 1576 1549 1602 item
1563 1579 1701 1607 Sarrana,
1722 1577 1816 1613 quibus
1831 1579 1907 1614 ajunt

327 1616 460 1644 foramina
481 1615 555 1643 fuisse
568 1615 688 1652 aequalia,
711 1614 792 1642 veluti
807 1615 960 1650 spondiaciS.
995 1614 1060 1640 Non
1074 1613 1155 1649 igitur
1169 1612 1288 1640 constant
1302 1612 1357 1640 fibi.
1387 1612 1524 1646 spondium
1538 1613 1611 1640 enim
1625 1623 1715 1640 rerum
1728 1616 1853 1652 gravium
1869 1615 1907 1643 af-

326 1654 392 1682 fines
410 1653 495 1681 fuere·
533 1657 592 1682 Hac
611 1654 645 1682 de
666 1652 739 1681 causti
760 1651 870 1690 Phrygiis
883 1651 1014 1679 foramina
1028 1659 1101 1678 erant
1113 1650 1247 1687 inaequalia
1262 1672 1270 1682 ‚
1295 1650 1370 1678 sicuti
1382 1649 1526 1686 daflylzcis,
1556 1659 1614 1688 quae
1626 1651 1734 1680 ludicris
1747 1653 1908 1682 adhibeban-

327 1699 380 1720 tur.
420 1696 532 1719 Dextrae
552 1692 621 1728 apud
641 1693 782 1719 Romanos
802 1690 935 1718 funeribus
955 1690 1053 1725 dicatas
1073 1689 1132 1725 quia
1162 1689 1243 1716 essent
1260 1697 1355 1726 graves
1367 1709 1374 1720 ‚
1407 1697 1470 1716 cum
1491 1696 1583 1716 tamen
1602 1690 1628 1717 in
1649 1689 1784 1718 funeribus
1803 1691 1906 1720 barbari

329 1730 484 1758 acutissimis
504 1729 651 1757 urerentur.
689 1735 803 1757 Dextras
822 1737 911 1756 autem
932 1725 1079 1765 &finistras
1091 1726 1254 1763 appellarunt
1268 1727 1299 1754 ab
1313 1726 1437 1755 lateribus
1449 1748 1456 1758 ,
1476 1727 1547 1755 unde
1560 1728 1730 1760 inflarentur,
1750 1731 1801 1757 &c.
1839 1732 1907 1759 Haec

331 1768 448 1805 Scaltger.
470 1772 502 1795 Ρ.
520 1777 611 1796 autern
629 1767 751 1795 lfa-‘sortus
772 1767 870 1794 uniar.
890 1766 947 1794 lass.
966 1766 1011 1794 lib.
1024 1768 1066 1803 38.
1087 1774 1143 1802 cap.
1157 1775 1202 1792 22.
1219 1766 1253 1792 de
1266 1765 1361 1793 iisdem
1375 1764 1479 1802 prolixe
1493 1774 1573 1802 agens
1586 1787 1594 1797 ,
1621 1767 1691 1794 inter
1703 1767 1752 1794 alia
1768 1769 1852 1795 utitur
1864 1767 1905 1796 his

330 1806 419 1835 verbis
433 1817 437 1833 :
467 1809 522 1834 Vo:
531 1806 641 1835 abantur
659 1806 730 1834 tibiae
750 1805 844 1832 dextra
859 1825 866 1836 ,
893 1814 951 1842 quae
963 1806 1056 1832 dextra
1069 1811 1143 1839 parte
1157 1803 1210 1830 oris
1224 1812 1357 1840 manuque
1369 1804 1466 1830 itidem
1481 1804 1574 1832 dextra
1586 1804 1745 1833 tenebantur
1757 1825 1766 1836 ,
1792 1806 1905 1833 eodem-

330 1854 382 1882 que
395 1843 585 1882 pastofimstrae
598 1865 605 1876 ‚
632 1854 689 1881 quae
702 1844 834 1871 contraria
843 1851 918 1879 parte
931 1844 985 1870 oris
997 1863 1004 1874 ‚
1032 1845 1059 1871 &
1075 1851 1169 1869 manus
1183 1852 1188 1868 :
1215 1842 1314 1869 dextris
1328 1850 1393 1868 vero
1410 1840 1567 1877 finistrisque
1579 1841 1716 1870 dicebatur
1735 1843 1757 1870 is
1783 1844 1823 1870 uti
1843 1844 1906 1871 tibi-

329 1893 378 1912 cen
394 1904 400 1915 ,
427 1884 473 1920 qui
494 1883 572 1911 simul
591 1882 682 1910 ambas
701 1883 816 1910 inflaret.
855 1882 930 1908 Nam
946 1880 999 1908 hoc
1014 1881 1094 1907 etiam
1116 1880 1172 1908 fieri
1190 1878 1297 1907 solitum
1311 1879 1452 1916 aliquando
1463 1879 1620 1916 intelligitur
1634 1889 1665 1908 ex
1678 1881 1794 1917 antiquis
1808 1891 1907 1910 monu-

332 1922 430 1950 mentis
443 1942 449 1952 ,
477 1929 506 1949 ut
527 1929 650 1949 veterum
671 1922 755 1947 Rom.
775 1920 897 1947 nummis
917 1922 943 1947 δε
964 1918 1093 1955 lapidibus
1107 1938 1113 1949 ‚
1140 1919 1168 1946 in
1190 1918 1284 1954 quibus
1298 1917 1447 1945 institutum
1464 1916 1517 1945 hoc
1531 1917 1642 1945 inciiism
1661 1917 1730 1946 foret
1744 1938 1752 1949 ‚
1779 1927 1809 1947 ut
1813 1919 1906 1954 fabula

330 1961 413 1987 etiam
428 1980 436 1991 ,
460 1959 507 1986 nisi
525 1958 602 1986 fallor
613 1979 621 1990 ,
649 1957 708 1986 adso
720 1957 819 1985 dextris
831 1955 978 1995 &finstris
995 1968 1002 1984 :
1021 1957 1048 1984 in
1062 1966 1113 1994 qua
1126 1956 1225 1992 partim
1246 1956 1372 1983 tibiarum
1390 1957 1489 1983 dextris
1500 1976 1508 1988 ‚
1527 1956 1626 1992 partim
1641 1964 1733 1984 autem
1745 1957 1852 1985 finistris
1869 1958 1907 1987 ufi

334 1997 441 2025 forent:
469 2006 580 2033 quarum
602 1997 793 2026 contrariarum
814 1995 939 2024 tibiamm
958 1995 1034 2023 sonus
1057 1995 1103 2022 fibi
1115 1995 1142 2022 in
1155 2003 1233 2023 cantu
1248 1993 1428 2031 responderet.
1460 1996 1524 2021 Haec
1537 1993 1666 2021 Vitssorius.
1701 1996 1773 2022 Cum
1785 1996 1908 2034 scaligero

334 2035 390 2062 fere
409 2034 540 2062 consentit
559 2035 619 2062 Ald.
633 2034 769 2062 Manutius·
781 2034 852 2062 Pauli
866 2035 893 2061 F.
907 2034 982 2071 cujus
995 2033 1074 2061 verba
1088 2033 1175 2061 facere
1187 2042 1243 2060 non
1257 2032 1377 2069 possum,
1397 2032 1461 2069 quin
1472 2030 1516 2059 hic
1529 2031 1685 2060 adscribam.
1725 2035 1768 2062 Sic
1779 2042 1870 2062 autem
1886 2035 1909 2062 is

332 2071 379 2099 lib.
395 2082 418 2099 2.
435 2073 468 2099 de
483 2072 603 2107 Qaefitis
618 2082 666 2111 per
681 2072 833 2110 epistolam,
853 2072 927 2109 epist.
937 2082 963 2108 4.
996 2075 1100 2099 Dextrae
1113 2070 1176 2099 tibia
1188 2078 1281 2103 erant,
1301 2079 1358 2107 quae
1371 2070 1463 2097 dextra
1475 2069 1611 2098 histriones
1622 2071 1788 2107 spectabant,
1801 2070 1909 2110 finistra

335 2109 434 2136 scilicet
447 2109 614 2144 spectatores.
645 2109 754 2148 Simstm
766 2118 859 2138 contra
873 2130 881 2140 ,
907 2120 965 2148 quae
979 2110 1077 2138 sinistra
1090 2109 1241 2141 histriones,
1262 2110 1354 2137 dextra
1363 2107 1530 2144 spessatores.
1562 2110 1668 2145 Opinor
1681 2118 1782 2142 autem,
1788 2109 1908 2149 sinistras

336 2156 446 2184 gravem
462 2146 557 2174 sonum
576 2150 717 2176 reddidisse
731 2169 738 2181 ‚
763 2150 869 2176 dextras
881 2156 997 2177 acutum.
1036 2146 1144 2184 Smistm
1157 2148 1229 2178 enirn
1245 2156 1277 2174 ex
1290 2156 1320 2174 ea
1333 2146 1465 2174 arundinis
1478 2154 1553 2184 parte
1566 2146 1663 2176 fiebant
1676 2169 1685 2180 ‚
1712 2157 1770 2186 quae
1782 2149 1907 2185 proxima

335 2192 411 2213 terrae
431 2183 563 2216 nascitur,
585 2195 641 2222 quae
659 2197 721 2214 cum
741 2188 847 2215 crassior
865 2187 915 2216 sit.
937 2190 964 2215 ὅτ.
984 2186 1106 2215 foramen
1126 2185 1203 2214 latius
1221 2185 1330 2217 habeat,
1350 2194 1431 2222 qnam
1451 2193 1508 2221 quae
1527 2184 1698 2223 longinquior
1715 2186 1729 2214 a
1748 2187 1836 2215 radice
1853 2186 1905 2217 est,

335 2223 489 2260 graviorem
508 2221 602 2249 sonum
625 2226 716 2253 reddat
736 2226 838 2254 necesse
855 2226 912 2253 est:
937 2226 1031 2252 dextra
1050 2233 1139 2253 autem
1160 2234 1192 2252 ex
1212 2223 1343 2259 ssiperiore
1355 2223 1490 2250 arundinis
1502 2231 1576 2260 parte
1590 2224 1695 2252 fiebant.
1736 2226 1821 2253 Testis
1834 2222 1906 2250 I’lin.

336 2260 382 2288 lib.
403 2263 442 2288 16.
463 2259 490 2286 in
504 2266 626 2287 extremo
640 2271 694 2298 cap.
711 2266 753 2300 36.
766 2263 805 2291 his
820 2264 906 2292 verbis
918 2274 924 2291 ε
952 2264 1002 2292 Sed
1016 2271 1076 2292 tum
1089 2273 1122 2291 ex
1135 2263 1179 2290 sua
1189 2271 1324 2299 quamque
1335 2268 1442 2289 tantum
1457 2263 1585 2290 arundine
1598 2271 1746 2300 congruere
1757 2259 1906 2300 persuasum

339 2307 395 2327 erat
408 2319 416 2331 ,
443 2300 469 2326 &
484 2306 544 2324 eam
557 2318 564 2328 ‚
590 2307 646 2334 quae
660 2301 776 2328 radicem
790 2302 959 2330 antecesserat
972 2323 980 2334 ,
1000 2301 1070 2330 laevae
1083 2302 1153 2330 tibiae
1165 2301 1310 2329 convenire
1322 2321 1329 2331 ‚
1351 2309 1408 2337 quae
1422 2309 1550 2329 cacumen
1564 2322 1572 2333 ‚
1592 2301 1698 2329 dextrae.
1737 2301 1808 2328 Hinc
1820 2300 1904 2336 legas:

338 2336 407 2364 Ad‘sa
420 2334 453 2370 est
465 2334 530 2377 tibin
545 2336 643 2362 dextris
657 2337 697 2368 <⁶5-
704 2336 829 2375 sinistris,
849 2341 876 2367 id
890 2341 941 2372 est,
961 2340 1026 2368 sono
1039 2349 1118 2369 acuto
1133 2342 1160 2368 ὃς
1172 2339 1263 2378 gravi,
1283 2338 1353 2366 tibiis
1366 2346 1495 2378 utumque
1506 2338 1650 2377 constitum.
1689 2338 1742 2366 Ubi
1762 2347 1852 2367 autem
1870 2338 1906 2366 le-

335 2375 427 2411 gitur,
453 2372 561 2402 Panbus
574 2373 672 2402 dextris
689 2376 716 2403 ὃς
735 2376 838 2404 sinistris
851 2397 859 2410 ,
885 2381 1012 2407 Sarranus
1032 2378 1161 2416 fignificat
1179 2376 1350 2407 dextrorsum
1369 2376 1598 2415 sinistrorsumque
1614 2376 1710 2413 positas
1723 2397 1732 2409 ‚
1756 2385 1814 2414 quae
1832 2385 1909 2413 pares

1828 2424 1906 2444 VOC2·
