2075 2734
287 92 1429 142 QulnsxurTnxnurACottrr1A,&c.Cin-152
1598 104 1658 133 47¹*

69 159 135 188 dum
149 157 265 188 flumen,
286 153 367 192 usque
381 154 413 182 ad
428 154 506 182 maris
521 152 584 180 ostia
601 158 672 178 trans
686 147 810 176 Tiberim
828 148 1027 177 extendebatur.
1056 148 1185 177 Meminit
1199 149 1255 185 ejus
1270 148 1353 176 etiam
1369 144 1421 173 Cic.
1435 145 1511 174 Orat.
1527 155 1552 174 2.
1571 147 1657 184 Agra-

68 200 121 226 ria:
140 197 206 224 item
223 204 248 223 2.
262 194 289 221 in
305 196 433 220 Verrem:
456 193 565 220 Fortem
581 189 669 216 virum
685 196 718 214 ex
730 186 825 214 cadem
841 185 955 216 familia,
978 188 1160 223 QVerrem‚
1183 186 1303 215 Romilia.
1323 185 1365 213 Ad
1375 193 1455 222 quem
1467 183 1559 213 Iocum
1571 194 1654 213 anno-

68 243 107 264 tat
120 231 251 268 Afionim:
272 230 383 258 Romilia
398 239 501 259 nomen
515 228 551 256 est
565 226 664 257 tribus,
684 223 791 252 ablativi
807 223 892 255 casus,
913 231 943 251 ut
958 223 989 252 sit
1001 234 1034 252 ex
1050 224 1167 252 Romilia.

705 277 798 306 Tribm
817 282 843 306 V
843 281 862 306 I.
883 278 1014 307 Lemonia.

107 344 179 366 Sem,
201 342 287 372 Pomp.
308 333 402 373 festus.
422 331 543 360 Lemonia
555 330 636 371 tribio
652 330 666 358 a
679 339 750 368 pago
763 330 880 358 Lemonio
894 329 1021 366 appellata
1036 330 1071 357 est
1085 351 1092 362 ,
1113 331 1158 367 qui
1173 331 1208 358 cst
1223 331 1236 358 ὲ
1249 340 1328 367 porta
1342 332 1448 367 Capena
1462 350 1473 370 ›-
1497 330 1539 357 via
1554 330 1658 357 Latina.

71 381 126 405 Cic.
141 377 197 412 ejus
210 375 335 404 meminit
352 371 418 400 Phil.
428 382 454 408 9.
473 374 544 398 Serv.
558 370 683 405 Sulprtrm
700 369 780 408 QF.
797 370 930 397 Lemonia
942 369 1038 404 Rufus:
1060 371 1086 398 ἃ
1096 369 1122 396 in
1131 373 1205 397 Orat.
1227 370 1278 397 fro
1286 369 1396 398 Planco:
1419 368 1494 407 Qid
1501 368 1653 395 Plancocum

67 419 204 444 Lemonme
965 443 969 446 γ
992 443 996 446 ¹

705 443 799 473 Tribus
818 447 884 472 Vll.
904 447 1021 479 Papmm.

110 503 201 532 Tribus
220 500 344 536 pupinia,
364 498 453 526 scribit
472 503 544 525 Sext.
567 500 712 533 Pompeius,
731 496 802 524 dicta
814 495 845 524 ab
860 506 918 533 agro
934 493 1052 530 Pupinia,
1075 496 1120 532 qui
1135 497 1162 523 in
1182 496 1260 523 Latio
1275 497 1312 524 cis
1325 497 1448 525 Tiberim
1462 498 1494 525 ad
1510 505 1584 525 marc
1598 504 1656 522 ver-

69 552 150 580 gens,
170 541 237 568 haud
251 540 331 575 longe
344 538 376 565 ab
391 537 465 565 Urbe
480 546 551 568 erat,
571 545 600 564 ut
616 537 706 564 videre
718 535 754 563 est
768 535 837 572 apud
850 533 955 562 Livium
970 535 987 561 l.
1005 537 1048 561 26.
1075 535 1260 562 Meminerunt
1273 536 1328 570 ejus
1342 536 1431 562 Caelius
1445 536 1517 572 epist.
1531 535 1563 562 ad
1579 534 1657 561 Cice-

71 589 166 608 ronem
183 590 188 605 :
209 581 240 604 C.
256 575 388 603 Lucretius
403 577 434 603 C.
448 577 476 602 F.
492 577 556 611 Pup.
572 577 629 613 Jur.
644 577 670 603 ἃ
686 575 743 602 Cic.
760 575 791 601 ad
809 574 942 610 QFratr.
956 574 1008 600 CN.
1026 573 1123 600 Nerius
1139 572 1259 607 Pupinia.
1287 572 1408 601 Valerius
1423 575 1503 600 etiam
1520 573 1657 601 Maximus

71 618 123 654 l.4.
136 626 227 653 cap.4.
240 615 279 643 his
295 614 393 642 verbis:
415 613 456 641 Illi
470 615 550 641 etiam
565 614 716 650 praedivites
727 633 734 643 ‚
756 612 800 649 qui
814 612 846 639 ab
862 619 949 638 aratro
961 610 1176 642 accersebantur,
1197 618 1226 638 ut
1240 610 1367 638 Consules
1382 612 1475 638 fierent
1485 633 1491 642 ‚
1513 610 1657 646 voluptatis

70 654 143 684 causa
158 654 243 682 sterile
256 674 263 685 ‚
291 661 369 690 atque
382 652 589 680 aestuofiffimum
613 650 720 686 Pupiniae
732 651 817 685 filum
833 648 978 678 verssbaut.
1018 650 1051 677 Et
1071 649 1149 685 paulo
1163 649 1236 685 post:
1258 648 1353 676 Aulius
1369 648 1525 677 Consulibus
1539 647 1637 684 scriplit
1646 667 1656 682 ,

70 693 188 722 villicum
201 692 231 721 in
246 691 346 730 agell0,
368 699 450 728 quem
463 689 566 727 septem
582 691 708 727 jugerum
722 690 750 716 in
764 686 875 722 Pupinia
888 687 1015 719 habebat,
1036 696 1177 715 mortuum
1191 686 1250 715 effe.

704 740 792 769 Tribus
811 742 893 769 VIII.
914 739 1026 768 Galeria.

109 797 190 826 Unde
210 795 316 824 Galeria
336 794 407 822 dieta
425 795 455 823 fit
466 815 472 826 ‚
493 804 525 822 ex
547 793 679 822 veteribus
699 792 872 829 scriptoribus
887 801 942 819 non
957 791 1049 828 liquet.
1081 791 1185 819 Carolus
1199 790 1314 829 Sigoniur
1327 790 1372 819 lib.
1385 801 1405 818 1.
1420 790 1454 818 de
1470 790 1587 826 Antiquo
1599 790 1659 826 jure

72 837 173 866 civium
196 836 280 862 Rom.
301 843 357 870 cap.
371 844 396 870 3.
418 834 542 870 opinatur
555 853 562 864 ‚
592 842 651 860 eam
667 833 750 859 etiam
765 830 779 858 a
793 830 854 859 loco
874 829 962 867 aliquo
977 830 1054 858 nobis
1076 830 1132 866 jam
1155 831 1295 867 incognito
1314 830 1365 857 hoc
1385 829 1503 857 nominis
1519 828 1658 863 accepist,

72 873 304 913 quemadmodum
326 871 432 909 reliquae
446 870 525 898 trihus
538 880 633 898 omnes
648 869 661 896 a
678 870 771 897 Servio
786 870 916 897 institutcc.
945 868 1076 906 Slgomum
1091 868 1206 906 sequitur
1221 867 1366 904 Onnphrius
1378 868 1394 895 1.
1408 878 1431 895 2.
1452 868 1565 894 Comm.
1581 866 1659 901 Reip.

72 914 157 940 Rom.
180 912 225 948 qui
244 912 326 939 etiam
347 911 420 938 addit
433 931 443 942 ,
465 909 538 946 poffe
558 909 642 936 videri
658 917 718 936 eam
733 907 746 936 a
762 909 876 935 flumine
890 906 995 938 Thullio
1009 907 1110 941 Calefo,
1133 909 1206 943 cujus
1223 906 1342 945 Virgilius
1356 906 1483 934 meminit
1498 927 1505 938 ,
1533 904 1662 938 Gale-sm,

69 951 129 988 post
142 948 272 977 Galeriam
285 948 395 977 dietam.
427 947 563 976 Memoria
576 947 633 983 ejus
647 955 719 975 extat
732 947 799 984 apud
815 945 918 973 Livium
931 945 950 974 1.
963 955 1005 981 27.
1031 945 1135 973 Galeria
1148 946 1286 981 juniorum
1302 966 1308 976 ‚
1330 954 1387 982 quae
1399 944 1470 972 sorte
1485 943 1661 983 praerogativa

70 996 141 1020 etat,
160 991 206 1026 Q
217 985 353 1018 Fulvium,
375 989 401 1016 ἃ
418 989 455 1024 Q
468 984 576 1013 Fabium
595 985 668 1014 Coss'.
688 985 799 1013 dixerat.
825 983 927 1012 Plinius
940 983 958 1013 l.
973 994 997 1019 7.
1011 993 1068 1020 cap.
1076 986 1122 1019 48.
1137 985 1177 1012 M.
1192 985 1331 1016 Mucium,
1351 985 1391 1011 M.
1405 985 1434 1011 F.
1450 982 1570 1014 Galeria,
1590 979 1659 1008 Feli-

70 1035 131 1056 cem
145 1032 356 1054 commemorat.

503 1090 507 1093 ,
735 1060 828 1089 Tribus
847 1064 859 1088 I
862 1063 893 1088 X.
913 1061 1002 1088 Pollia.

110 1103 200 1132 Etiam
212 1101 280 1130 hanc
293 1099 387 1129 tribum
400 1101 414 1129 a
430 1100 493 1130 loco
507 1100 597 1138 aliquo
610 1122 618 1133 ,
644 1101 720 1138 cujus
732 1109 834 1128 nornen
851 1102 878 1128 δε
893 1100 1028 1127 memoria
1042 1099 1206 1128 interciderit
1219 1119 1226 1131 ‚
1247 1107 1350 1127 nomen
1364 1098 1492 1135 accepisse
1504 1093 1620 1134 Sigonius
1634 1096 1661 1123 &

73 1142 183 1176 onuphr.
197 1148 300 1177 putant.
328 1141 457 1168 Meminit
472 1140 529 1176 ejus
541 1138 599 1167 Liv.
613 1139 632 1167 1.
644 1141 670 1168 8.
697 1138 795 1167 Tribus
809 1147 905 1166 omnes
919 1159 925 1169 ‚
947 1146 1042 1175 praeter
1056 1136 1166 1164 Polliam
1177 1159 1185 1170 ,
1208 1138 1378 1175 antiquarunt
1391 1138 1481 1175 legem
1495 1137 1523 1163 in
1538 1133 1665 1162 Tuscula·

73 1190 124 1209 nos
139 1180 229 1209 latam.
256 1180 290 1206 Et
303 1177 347 1205 lib.
365 1189 408 1216 39.
430 1180 502 1205 Cum
517 1179 548 1206 ad
562 1178 662 1205 tribum
679 1177 789 1205 Polliam
803 1184 915 1205 ventum
931 1177 982 1208 est,
1003 1177 1031 1204 in
1046 1185 1096 1213 qua
1109 1180 1148 1202 M.
1164 1175 1232 1203 Livii
1245 1185 1347 1203 nomen
1362 1185 1433 1207 erat,
1454 1177 1481 1203 &
1495 1182 1583 1210 praco
1599 1180 1662 1213 cun-

75 1219 192 1246 &aretur
205 1217 286 1245 citare
299 1215 386 1253 ipsum
401 1215 539 1244 censorem
550 1236 557 1246 ,
576 1215 653 1247 cira,
674 1217 760 1252 inquit
776 1219 858 1247 Nero,
881 1217 922 1242 M.
937 1214 1055 1245 Livium.
1084 1215 1213 1242 Meminit
1225 1213 1360 1252 utriusque
1373 1215 1425 1247 rei,
1445 1215 1471 1242 δε
1485 1210 1564 1240 tribus
1579 1209 1662 1237 Pollia

74 1256 156 1286 otiam
172 1255 226 1283 Val.
237 1258 373 1281 Maximus
386 1254 404 1281 l.
415 1265 439 1281 2.
454 1264 511 1289 c.4.
525 1255 551 1282 δε
564 1253 609 1282 lib.
617 1265 643 1291 9.
660 1263 715 1291 cap.
728 1264 768 1281 10.

730 1304 821 1334 Tribus
840 1309 870 1332 X.
891 1303 1009 1333 Voltinia.

112 1348 178 1374 Haec
190 1344 270 1372 tribus
281 1364 289 1374 ,
314 1344 547 1381 quemadmodum
562 1345 739 1381 praecedentes
750 1365 758 1376 ‚
780 1344 794 1372 ὲ
807 1344 868 1372 loeo
882 1343 960 1371 nobis
971 1344 1057 1371 modo
1072 1343 1212 1380 incognito
1225 1363 1232 1375 ,
1254 1342 1398 1370 secundum
1411 1340 1540 1379 sigonium
1555 1342 1581 1369 δε
1594 1344 1664 1367 Onu·

67 1384 171 1420 plurium
184 1404 191 1415 ‚
218 1392 319 1411 nomen
333 1382 422 1411 habet.
462 1384 632 1410 Mentionem
648 1383 705 1419 ejus
718 1382 782 1410 facit
795 1381 878 1409 cicero
894 1383 1024 1410 Oratione
1036 1390 1086 1418 pro
1103 1381 1208 1409 Plancio
1222 1402 1230 1413 ‚
1257 1390 1320 1408 cum
1335 1382 1371 1408 ait
1385 1392 1390 1407 :
1419 1381 1493 1417 Qas
1507 1378 1591 1407 tribus
1606 1379 1664 1406 edi-

75 1423 134 1450 disti
148 1424 158 1448 ?
183 1421 347 1449 Terentinam
368 1420 438 1447 credo
451 1440 458 1452 ,
485 1428 531 1447 aut
553 1420 697 1447 Voltiniam.
739 1421 774 1448 Et
789 1419 869 1456 paulo
881 1421 939 1458 post
954 1430 959 1447 z
989 1420 1101 1447 Voltinia
1114 1419 1197 1448 tribus
1211 1419 1243 1446 ab
1255 1419 1307 1446 hoe
1321 1424 1455 1454 corrupta.
1496 1416 1662 1447 Terentinam

72 1460 199 1489 habuerat
216 1459 352 1491 venalem,
375 1459 438 1495 quid
452 1459 553 1486 diceret
566 1459 635 1495 apud
652 1457 821 1492 Voltinienfts,
844 1466 888 1486 aut
902 1458 1009 1487 tribules
1022 1457 1081 1486 suos
1093 1458 1196 1494 judices
1209 1460 1218 1485 ?
1239 1457 1273 1486 Et
1286 1456 1361 1485 alibi:
1382 1457 1473 1484 Plures
1486 1464 1513 1485 te
1525 1455 1602 1483 testes
1616 1454 1662 1483 ha-

71 1498 137 1528 bere
151 1498 185 1525 de
198 1496 321 1529 Voltinia,
342 1505 423 1534 quam
437 1504 503 1534 quot
516 1497 543 1524 in
557 1506 586 1524 ea
600 1497 671 1525 tribu
683 1496 782 1533 puncta
795 1497 894 1524 tuleris.

718 1547 809 1575 Tribus
828 1553 858 1576 X
859 1551 877 1577 Ῑ.
897 1548 1020 1576 Claudia.

113 1588 239 1616 Diximus
260 1594 321 1616 ante
335 1596 367 1614 ex
380 1589 502 1614 Varrone
517 1606 524 1618 ‚
548 1585 627 1614 tribus
641 1585 660 1613 ὲ
677 1586 763 1614 Servio
777 1587 868 1615 Tullio
883 1589 960 1624 Rege
974 1585 1104 1625 institutas
1117 1596 1214 1615 omnes
1228 1586 1242 1613 a
1255 1585 1321 1614 locis
1334 1585 1446 1613 nomina
1460 1583 1591 1612 habuiffe:
1619 1585 1665 1612 cui

73 1627 112 1655 rei
127 1627 210 1654 etiam
224 1626 409 1653 testimonium
423 1625 541 1661 praebent
554 1624 603 1652 illae
616 1625 696 1652 tribus
709 1645 716 1657 ‚
735 1625 769 1653 de
781 1625 877 1662 quibus
890 1625 1015 1653 haCtenus
1029 1626 1143 1663 egimus.
1183 1625 1325 1653 Vindicata
1340 1633 1406 1652 vero
1419 1624 1446 1651 in
1459 1623 1612 1651 libertatem
1626 1624 1664 1651 ci-

74 1665 171 1696 vitate,
193 1663 284 1691 multae
297 1672 389 1690 earum
405 1670 496 1690 vetere
508 1662 604 1690 relieto
617 1664 744 1694 nomine,
764 1663 904 1691 illustrium
918 1664 1019 1700 aliquot
1034 1664 1196 1692 familiarum
1210 1663 1256 1691 fibi
1270 1664 1381 1691 nomina
1395 1661 1570 1690 adsciverunt.
1613 1662 1663 1689 At-

76 1711 128 1740 que
149 1703 212 1730 hine
231 1702 277 1734 fit,
299 1708 329 1729 ut
342 1701 489 1739 plurimum
503 1701 617 1737 antiquae
631 1701 819 1738 appellationes
829 1702 987 1739 ignorentur
999 1722 1007 1734 ‚
1026 1712 1096 1731 nova
1108 1710 1214 1731 tantum
1229 1701 1242 1729 ἐι
1257 1701 1364 1729 familiis
1379 1700 1438 1737 ipsis
1454 1699 1539 1727 indita
1551 1699 1665 1726 nomina

77 1742 145 1778 apud
166 1741 307 1778 scriptores
323 1740 499 1776 reperiantur.
537 1739 568 1766 Id
588 1740 660 1775 quod
677 1740 710 1767 de
723 1738 792 1766 tribu
806 1740 930 1771 Claudia.
954 1742 980 1768 ὅ(
996 1740 1066 1772 a'iis,
1087 1750 1144 1778 quae
1156 1740 1312 1778 sequentur,
1334 1738 1499 1767 sentiendum
1517 1737 1562 1764 est.
1602 1737 1664 1765 Fuit

77 1781 152 1807 enim
172 1787 250 1806 vetus
270 1776 352 1805 tribua
367 1778 381 1805 a
395 1777 488 1805 Servio
503 1777 594 1805 Tullio
609 1778 726 1806 instituta
738 1798 745 1809 ‚
766 1782 794 1806 in
811 1776 891 1816 quam
907 1788 970 1806 cum
984 1779 1078 1807 Aditus
1093 1780 1197 1814 Claufics
1207 1800 1216 1810 ,
1238 1779 1282 1805 cui
1294 1778 1383 1813 postea
1398 1774 1478 1810 Appio
1491 1773 1600 1802 Claudio
1614 1774 1665 1803 fuit

78 1818 176 1845 Romae
191 1826 294 1845 nomen
307 1836 316 1848 ,
337 1825 400 1843 cum
414 1815 552 1844 clientibus
566 1814 616 1843 suis
630 1816 737 1854 Regillo
751 1817 881 1855 profugus
896 1838 903 1849 ,
924 1820 950 1845 &
965 1819 1074 1846 civitate
1087 1819 1217 1848 donatus,
1237 1816 1346 1853 scriptus
1363 1814 1442 1845 effer,
1461 1812 1541 1840 tribur
1554 1811 1591 1840 illi
1601 1834 1608 1844 ,
1628 1813 1663 1840 de

78 1854 122 1883 sua
135 1855 310 1895 appellatione
325 1864 427 1882 nomen
441 1854 515 1895 dedit
528 1875 536 1886 ,
562 1854 668 1882 testibus
682 1859 754 1882 Livio
770 1855 815 1883 lib.
833 1866 858 1883 2.
871 1858 896 1884 ἃ
911 1855 1098 1894 Halicarnaffi‘o
1110 1856 1128 1884 l.
1140 1866 1166 1893 5.
1192 1855 1379 1883 Meminerunt
1392 1853 1474 1880 etiam
1487 1850 1564 1888 hujus
1579 1850 1662 1880 tribus

78 1895 168 1931 Vtrgtl.
181 1904 208 1928 7.
223 1893 328 1922 AEneid.
343 1895 370 1922 ὅ(
386 1893 520 1920 Paedtanus
532 1893 565 1920 ad
579 1894 740 1922 Orationem
756 1895 897 1922 Ciceronis
909 1903 959 1930 pro
972 1897 1079 1922 Scauro.

721 1945 812 1974 Tribus
830 1949 898 1974 XII.
918 1945 1033 1973 AEmilia.

120 1981 234 2011 claudia
247 1982 402 2020 exemplum
415 1983 506 2013 multae
521 1983 577 2012 aliae
590 1982 669 2011 tribus
684 1983 778 2012 secutae
791 2005 798 2016 ,
824 1986 938 2022 antiquis
953 1983 1107 2012 nominibus
1120 2004 1127 2015 ,
1154 1994 1211 2022 quae
1224 1983 1238 2012 ὲ
1250 1983 1316 2011 locis
1329 1987 1486 2019 acceperant
1498 2002 1507 2014 ‚
1536 1982 1664 2018 dimiffis,

79 2022 302 2051 nobiliffimamm
316 2022 437 2059 gentium
451 2043 458 2054 ‚
486 2032 543 2060 quae
557 2024 585 2050 in
599 2022 710 2059 lingulas
725 2021 777 2049 sese
791 2023 976 2051 transtulerant
987 2043 994 2054 ‚
1020 2022 1131 2050 nomina
1143 2029 1303 2059 acceperunt
1316 2042 1325 2054 ‚
1344 2028 1374 2048 ut
1387 2020 1491 2048 AEmilia
1502 2041 1511 2053 ‚
1532 2023 1664 2055 Cornelia,

78 2060 174 2092 fabra,
195 2058 319 2091 Horatia,
339 2058 474 2093 Menenia,
496 2061 616 2099 Fapyria‚
634 2065 735 2098 Sergia,
758 2063 784 2089 δε
806 2064 917 2088 Veturia.
956 2061 1040 2096 Qod
1059 2069 1117 2089 tum
1135 2061 1210 2089 fuiffe
1222 2060 1323 2088 factum
1337 2058 1478 2087 verifimile
1492 2059 1528 2086 est
1542 2069 1603 2088 cum
1620 2060 1661 2089 fo-

78 2099 147 2127 renli
163 2098 240 2126 turba
253 2118 260 2130 ,
287 2098 315 2125 in
334 2097 443 2125 urbanas
455 2098 534 2126 tribus
548 2100 669 2136 conjecta
683 2099 747 2127 viles
761 2109 797 2127 eae
810 2099 901 2127 haberi
913 2099 1060 2134 inciperent
1072 2120 1078 2130 ‚
1104 2101 1130 2127 &
1143 2099 1253 2127 illustres
1266 2097 1374 2126 famih'ae
1389 2098 1417 2126 in
1430 2099 1536 2126 rusticas
1550 2100 1663 2128 nomina

79 2138 174 2166 darent
189 2158 196 2167 ‚
223 2136 303 2172 seque
321 2137 405 2176 ineas
418 2136 611 2166 transferendas
623 2146 745 2166 curarent
756 2159 763 2170 ‚
790 2139 817 2166 in
832 2137 926 2175 quibus
939 2145 1016 2174 agros
1029 2137 1089 2165 suos
1101 2137 1236 2166 haberent.
1274 2138 1398 2164 Primum
1412 2144 1502 2165 autem
1513 2137 1540 2164 in
1554 2136 1663 2165 urbana:

81 2175 160 2204 tribus
179 2175 331 2202 illustriores
345 2174 457 2202 familias
469 2175 564 2204 relatas
577 2176 652 2204 fuiffe
664 2194 671 2207 ,
699 2186 732 2204 ex
748 2175 819 2204 Lim
835 2197 842 2207 ,
866 2175 980 2215 Dionysio
995 2197 1002 2207 ,
1028 2179 1054 2205 &
1068 2175 1124 2204 aliis
1139 2176 1310 2205 manifestum
1324 2175 1369 2202 est.
1402 2174 1504 2202 AEmilia
1518 2176 1601 2212 igitur
1614 2177 1662 2204 tri-

80 2213 125 2241 bus
138 2214 152 2242 ὲ
165 2213 266 2241 familia
280 2212 323 2240 vel
333 2220 414 2250 gente
427 2214 516 2249 potius
528 2214 633 2242 AEmtlia
645 2236 654 2247 ,
679 2224 761 2252 quam
776 2215 979 2244 celeberrimam
995 2216 1092 2247 Romae
1104 2214 1179 2243 fuisse
1192 2223 1252 2243 tum
1266 2224 1298 2242 ex
1311 2213 1438 2242 omnibus
1452 2223 1542 2241 rerum
1560 2216 1662 2242 Roma-

81 2261 178 2281 narum
200 2251 371 2288 scriptoribus
387 2271 395 2283 ,
420 2258 480 2279 tum
501 2261 533 2280 ex
546 2253 666 2289 generosi
679 2254 729 2282 viri
743 2253 864 2281 Richardi
877 2252 982 2280 Streinii
995 2253 1102 2289 Baronis
1116 2255 1211 2282 Austrii
1225 2253 1293 2281 libro
1309 2253 1343 2281 de
1356 2252 1473 2280 Familiis
1487 2254 1514 2281 δε
1528 2254 1661 2281 Gentibus

82 2291 272 2319 Romanorum
289 2290 458 2328 cognoscitur
468 2310 476 2322 ‚
504 2299 605 2319 nomen
620 2291 672 2320 hoc
687 2291 779 2320 sortita
791 2293 836 2320 est.
873 2293 1057 2320 Meminemnt
1070 2292 1126 2328 ejus
1141 2291 1233 2320 Livius
1253 2292 1271 2320 l.
1288 2294 1330 2329 38.
1363 2291 1484 2328 Rogatio
1496 2292 1595 2327 perlata
1609 2291 1662 2322 est,

81 2336 112 2358 ut
137 2330 165 2357 in
183 2328 286 2357 AEmilta
303 2328 371 2356 tribu
391 2329 528 2357 Formiani
547 2338 579 2358 ac
597 2331 738 2363 Fundani,
762 2332 791 2360 in
809 2330 939 2359 Cornelia
953 2332 1094 2369 Arpinates
1114 2329 1232 2360 ferrent:
1253 2332 1280 2360 ὃς
1298 2328 1382 2358 Cicero
1401 2330 1429 2358 in
1448 2330 1521 2366 epist.
1541 2330 1572 2357 ad
1593 2329 1665 2357 Atti-

83 2375 155 2397 Cum.

1612 2403 1671 2433 Tri,
