2075 2734
387 110 440 138 732
685 91 1679 128 AN'I·ICL171'1·A'1·11MROMANARUMLlB-X.⁴

384 149 480 180 viviliis
494 148 596 183 iignum
614 144 675 174 tuba
689 146 775 173 detur.
812 145 884 170 Cum
900 152 964 171 vero
978 149 1085 179 tempus
1102 143 1234 171 accesserit
1249 165 1256 175 ‚
1277 145 1395 180 primam
1412 144 1470 172 vifit
1485 142 1621 181 vigiliam,
1641 144 1687 181 qui
1705 142 1738 172 ad
1751 152 1813 172 eam
1828 145 1969 179 visendam

383 175 490 216 sosstitus
503 178 548 214 esst.
577 185 680 212 Circuit
695 190 785 210 autem
800 181 924 217 praedie'ta
939 180 996 208 loca
1010 191 1065 209 non
1079 180 1165 208 solum
1181 183 1250 209 circa
1264 183 1361 209 vallum
1371 203 1377 213 ‚
1398 181 1549 219 aditusque,
1570 180 1613 209 sed
1628 183 1720 209 omnia
1733 191 1781 219 per
1796 183 1869 221 figna
1882 186 1970 224 fingu-

384 226 408 254 la
425 247 431 257 ‚
453 222 606 260 turmasque
622 233 629 250 ι
652 224 678 250 ὃς
691 221 709 248 fi
725 220 857 247 invenerit
878 219 971 255 vigiles
985 220 1078 256 primae
1090 219 1228 256 vigilantes
1240 241 1247 251 ,
1275 220 1370 258 accipit
1391 220 1423 247 ab
1443 221 1474 247 iis
1493 219 1618 248 taleolam
1636 231 1643 247 z
1670 220 1709 248 fin
1721 228 1812 249 autem
1826 223 1970 255 offenderit

386 263 542 302 quempiam
558 260 756 290 dormientem,
777 265 821 285 aut
834 257 926 286 locum
943 258 1096 289 dele-misse,
1116 258 1148 285 ad
1162 259 1238 285 testes
1254 259 1392 294 proximos
1407 258 1470 286 abit.
1493 258 1570 286 Idem
1585 258 1614 286 fit
1628 259 1712 287 etiam
1725 259 1757 286 ab
1770 260 1814 290 iis,
1836 263 1881 298 qui
1894 264 1971 291 dein-

387 311 449 338 ceps
464 300 564 337 vigilias
578 300 753 326 circumeunt.
772 296 860 323 Dandi
874 304 962 324 autem
978 296 1082 333 signum
1095 296 1208 324 buccina
1223 297 1317 331 <ficuti
1331 296 1409 332 paulo
1419 305 1480 324 ante
1493 297 1568 330 dixi)
1582 305 1630 333 per
1644 296 1755 334 singulas
1765 297 1880 335 vigilias,
1895 301 1969 338 quod

387 338 571 369 circuitoribus
585 335 725 364 conveniat
740 344 803 362 cum
816 334 938 371 vigilibus
953 355 959 366 ‚
979 334 1134 362 duEioribus
1147 335 1273 362 ordinum
1292 335 1373 370 primi
1389 335 1454 372 signi
1467 333 1617 361 triariorum
1631 334 1765 372 utriusque
1778 335 1891 373 legionis
1903 348 1970 376 quo-

388 378 454 407 tidie
468 385 528 404 cvra
541 374 681 402 incumbit.
704 371 879 400 Circuitorum
893 372 985 410 singuli
1000 372 1043 399 sub
1058 372 1141 409 ipsam
1156 373 1242 400 lucem
1258 373 1377 400 referunt
1392 373 1496 401 tesseras
1511 373 1542 400 ad
1551 373 1707 406 tribunum,
1728 375 1754 401 &
1769 373 1788 400 fi
1801 383 1898 403 omnes
1911 377 1972 405 red.

388 417 449 444 ditae
463 414 574 444 fuerint,
595 411 648 441 sine
662 410 761 439 delicto
773 411 878 438 abeunt.
899 413 934 439 At
949 411 967 438 si
981 411 1039 447 quis
1052 412 1187 447 pauciores
1200 410 1317 439 attulerit
1326 420 1407 447 quam
1422 411 1452 438 fit
1459 411 1636 439 custodiarum
1650 410 1812 440 multitudo,
1833 404 1970 449 inquirunt

389 463 422 481 ex
435 451 598 482 chamotere,
621 458 741 487 quaenom
756 449 872 477 custodia
886 448 1025 479 defecerim
1049 458 1099 486 qua
1113 459 1142 476 re
1156 449 1264 486 cognita
1275 470 1282 479 .
1304 456 1414 477 vocatur
1427 449 1553 476 ordinum
1567 449 1671 477 ductor.
1692 450 1716 476 Is
1729 456 1818 477 autem
1833 450 1907 479 ducit
1917 461 1971 481 eos.

389 489 482 525 quibus
496 489 533 517 est
546 488 686 516 commiffa
697 488 799 523 vigilia,
821 488 839 514 ii
850 486 996 524 disceptant
1011 495 1072 514 cum
1087 488 1246 515 circuitore:
1267 490 1294 516 δε
1307 486 1324 513 si
1338 487 1477 514 custodum
1491 486 1570 515 fuerit
1583 487 1710 515 delietum
1723 507 1730 517 ‚
1753 487 1895 516 confestim
1907 499 1971 525 pro-

390 529 442 556 fert
456 528 482 555 id
497 527 636 557 circuitor.
657 525 780 553 adhibitis
795 525 914 557 testibus,
935 526 980 562 qui
992 526 1110 561 proximi
1123 526 1182 553 sint:
1204 532 1310 554 tenetur
1324 526 1396 552 enim
1412 524 1464 552 hoc
1477 523 1582 558 facere,
1600 535 1631 553 ac
1646 525 1664 553 fi
1680 524 1744 552 nihil
1757 524 1912 561 hujusmodi
1929 527 1970 556 fa·-

389 567 465 594 ‹stum
482 565 527 595 fit,
548 566 652 592 crimen
665 563 759 592 recidit
772 564 799 590 in
813 564 983 592 circuitorem
997 584 1003 594 ‚
1024 563 1165 600 statimque
1180 564 1312 591 advocato
1325 562 1441 590 concilio
1453 583 1461 594 ,
1482 571 1574 590 coram
1590 563 1698 591 tribuno
1711 563 1777 592 dicit
1793 563 1897 592 cauum
1913 576 1920 593 :
1942 568 1970 595 δε

390 604 408 631 fi
423 604 634 631 condemnetur,
653 601 720 630 fuste
733 602 852 629 caeditur.
882 602 1018 629 Hactenus
1039 600 1160 639 Polybius.
1193 603 1242 630 His
1260 602 1340 639 igitur
1355 600 1478 639 expositis
1489 621 1499 633 .
1518 607 1626 639 tempus
1639 601 1675 630 est
1687 620 1697 631 .
1714 608 1744 631 ut
1759 602 1844 631 aciem
1859 604 1972 633 tandem

388 642 560 674 instruamus,
581 640 655 680 quod
669 639 798 669 faciemus
812 639 898 677 capite
910 641 1034 677 proxime
1048 639 1175 678 sequenti.

1010 710 1034 738 C
1062 719 1078 738 A
1106 720 1120 737 ι’
1149 718 1167 736 υ
1193 719 1210 737 τ
1257 711 1363 739 XIV.

1054 762 1212 807 Instrufiio
1237 765 1324 797 aciei.

457 844 497 862 uae
516 833 543 861 in
558 841 656 870 genere
669 832 703 860 de
716 831 814 860 militia
830 837 946 860 Romana
966 830 1031 859 scitu
1045 830 1150 859 fuerunt
1163 830 1302 859 neceffiria
1317 850 1324 862 ‚
1344 829 1470 860 haCtenus
1484 829 1654 869 exposuimus
1667 841 1674 858 ε
1694 830 1813 868 sequitur
1825 849 1833 860 ‚
1852 838 1883 861 ut
1894 829 1973 859 aciem

393 834 584 912 Qtandem
598 871 769 902 instruamus,
791 880 847 908 quae
860 870 913 906 ipsa
928 880 968 897 res
982 869 1059 905 paulo
1073 870 1149 897 altius
1162 870 1198 897 est
1213 869 1365 906 repetenda.
1387 870 1451 906 Qo
1465 870 1508 897 die
1514 878 1604 907 pugna
1617 876 1672 897 erat
1687 879 1751 897 cum
1765 868 1883 902 hostibus
1895 878 1974 896 com-

479 909 626 941 mittenda,
647 908 751 946 {ignum
764 910 793 936 in
807 909 893 936 castris
907 908 1037 935 Romanis
1052 908 1264 943 proponebatur,
1283 907 1408 935 videlicet
1421 907 1505 934 tunica
1513 916 1638 942 purpurea
1652 906 1694 935 vel
1707 909 1816 935 coccina
1829 907 1905 943 supra
1913 915 1975 941 pra-

394 943 488 974 torium
501 946 626 984 expansa,
648 948 722 982 cujus
736 947 863 974 meminit
877 945 1026 972 Plutarchus
1036 946 1064 972 in
1077 946 1157 972 Fabio
1171 947 1197 974 ὅ(
1212 945 1272 972 alibi
1282 965 1288 974 ,
1308 944 1400 972 Livius
1413 955 1442 973 ac
1457 944 1577 982 Polybius.
1604 946 1678 977 Post,
1699 945 1744 973 ubi
1755 946 1812 981 jam
1826 946 1858 973 ad
1872 944 1974 972 bellum

393 985 546 1012 exeundum
560 988 586 1013 &
599 985 729 1013 exercitus
744 985 830 1012 castris
846 983 996 1011 educendus
1009 983 1087 1014 esset,
1098 982 1175 1020 figua
1188 982 1329 1015 militaria,
1349 992 1407 1019 quae
1419 984 1446 1010 in
1461 981 1548 1010 castris
1562 984 1612 1011 fixa
1625 990 1716 1016 erant,
1736 984 1847 1020 captatis
1858 983 1975 1020 auguriis

395 1022 577 1050 evellebantur
596 1021 612 1049 ὲ
631 1029 709 1049 terra.
750 1021 904 1050 Habebatur
917 1029 1007 1048 autem
1021 1020 1073 1048 hoc
1090 1022 1160 1049 inter
1174 1021 1258 1048 felicia
1273 1022 1395 1057 auguria,
1415 1021 1434 1048 fi
1447 1021 1605 1049 avellentem
1618 1021 1690 1058 ligna
1704 1020 1780 1049 facile
1793 1021 1975 1058 sequerentur.

395 1060 514 1097 Ideoque
529 1059 632 1097 Craffics
645 1061 672 1086 in
686 1059 778 1087 Arabis
791 1059 862 1087 bello
878 1058 1000 1087 Parthico
1013 1068 1077 1093 eum
1093 1059 1148 1086 filio
1161 1059 1261 1086 occi1us
1275 1059 1371 1095 legitur
1384 1077 1392 1087 .
1411 1058 1484 1094 quod
1499 1059 1582 1086 iturus
1594 1059 1626 1085 ad
1640 1058 1761 1094 praelium
1775 1059 1888 1087 avellere
1900 1059 1973 1096 signa

395 1099 440 1125 vix
452 1099 578 1134 potuerit.
598 1097 702 1125 Edu&o
713 1098 799 1125 castris
813 1097 943 1128 exercitu,
963 1094 1028 1123 acies
1039 1095 1218 1135 instruebatur.
1250 1097 1333 1134 Qod
1346 1104 1396 1132 qua
1409 1097 1513 1124 ratione
1526 1096 1583 1123 fieri
1595 1095 1775 1128 consueverit,
1795 1106 1828 1125 ex
1839 1095 1912 1123 Livio
1929 1097 1975 1124 ali-

395 1144 450 1171 quo
465 1137 550 1164 modo
563 1135 673 1172 intelligi
686 1135 785 1171 potest,
807 1135 851 1172 qui
863 1134 932 1162 libro
945 1134 1043 1162 octavo
1058 1134 1149 1163 multis
1163 1133 1249 1163 verbis
1261 1134 1415 1162 instructam
1429 1135 1516 1161 aciem
1530 1133 1654 1161 describit
1664 1153 1672 1163 ‚
1693 1143 1750 1171 quae
1763 1143 1825 1162 cum
1840 1135 1978 1162 maximo·

395 1182 459 1210 pere
469 1173 520 1201 huc
534 1173 644 1204 faciant,
664 1183 719 1200 non
731 1173 862 1211 gravabor
876 1171 1030 1200 adscribere.
1052 1173 1093 1201 Ita
1105 1173 1185 1209 igitur
1197 1171 1299 1200 Livius.-
1315 1172 1422 1208 Clypeis
1435 1180 1512 1200 antea
1521 1172 1639 1200 Romani
1652 1171 1688 1199 ufi
1702 1171 1777 1202 sunt3
1797 1173 1894 1200 deinde
1904 1173 1974 1208 post-

397 1220 480 1247 quam
494 1212 653 1249 stipendiarii
667 1210 728 1238 faeti
742 1211 802 1239 sunt
814 1210 884 1239 scuta
898 1220 946 1247 pro
960 1211 1059 1248 clypeis
1073 1210 1173 1239 fecere:
1195 1212 1221 1239 δε
1235 1211 1307 1248 quod
1319 1217 1396 1238 antea
1404 1210 1540 1248 phalanges
1550 1210 1648 1238 fimiles
1661 1209 1840 1239 Macedonicis,
1860 1209 1913 1238 hoc
1925 1220 1974 1247 po-

395 1249 450 1276 stea
465 1249 650 1286 manipulatim
665 1249 760 1277 structa
767 1250 835 1277 acies
849 1250 932 1285 coepit
944 1249 994 1276 effe
1006 1259 1011 1275 :
1033 1249 1202 1284 postremoin
1209 1249 1295 1286 plures
1303 1249 1409 1276 ordines
1422 1248 1604 1276 instruebatur.
1629 1247 1707 1275 Ordo
1715 1246 1857 1283 sexagenos
1865 1247 1973 1280 milites,

397 1287 464 1315 duos
478 1289 645 1315 centuriones
659 1308 664 1317 ‚
685 1287 849 1315 vexillarium
865 1297 949 1314 unum
965 1286 1084 1315 habebat.
1124 1289 1213 1314 Prima
1225 1287 1290 1315 acies
1300 1286 1392 1323 hastati
1404 1294 1479 1314 erant
1491 1308 1498 1317 ,
1521 1286 1649 1322 manipuli
1664 1286 1832 1322 quindecim,
1852 1285 1980 1314 distantes·

396 1324 467 1353 inter
481 1325 506 1352 se
522 1327 662 1353 modicum
675 1325 797 1361 spatium.
834 1323 987 1359 Muzipulus
1000 1325 1070 1353 leves
1084 1327 1192 1353 vicenos
1207 1326 1305 1354 milites
1318 1346 1324 1356 .
1346 1325 1423 1353 aliam
1439 1325 1545 1353 turbam
1560 1323 1723 1352 scutatorum
1739 1322 1858 1351 habebat.
1897 1326 1981 1351 Leve-r

397 1371 504 1394 autem,
525 1364 569 1399 qui
583 1363 681 1390 hastam
697 1371 801 1391 tantum
819 1362 932 1400 ge’saque
943 1372 1066 1399 gererent
1080 1364 1248 1392 vocabantur.
1290 1366 1353 1392 Haec
1369 1365 1456 1400 prima
1469 1363 1543 1390 frons
1556 1362 1583 1390 in
1600 1363 1657 1390 acie
1671 1362 1767 1389 florem
1780 1362 1911 1398 juvenum
1925 1371 1976 1399 pu·
2020 1383 2022 1385 .

396 1399 562 1429 bescentium
577 1401 609 1428 ad
624 1401 749 1429 militiam
761 1401 881 1429 habebat.
902 1402 1046 1429 Robustior
1059 1402 1121 1429 inde
1134 1410 1194 1430 aetas
1209 1402 1325 1430 totidem
1341 1401 1656 1438 manipulorum‚quibus
1663 1398 1852 1434 principibusest
1859 1409 1976 1428 nomen:

398 1437 447 1466 hos
467 1437 641 1475 sequebantur
655 1439 753 1474 statari
770 1448 866 1466 omnes
879 1459 886 1470 ‚
908 1439 1049 1476 inlignibus
1070 1441 1189 1467 maxime
1209 1441 1308 1467 armis:
1335 1440 1388 1468 hoc
1407 1449 1469 1468 xxx.
1491 1438 1690 1473 manipulorum
1706 1446 1804 1474 agmen
1823 1437 1978 1471 antepilanos

398 1475 577 1513 appellabant,
598 1478 658 1513 quia
671 1476 717 1503 sub
730 1477 809 1513 signis
821 1477 877 1512 jam
892 1476 936 1503 alii
950 1477 1103 1513 quindecim
1119 1478 1225 1505 ordines
1238 1476 1405 1505 locabantur:
1426 1486 1458 1504 ex
1470 1477 1564 1512 quibus
1579 1477 1648 1503 ordo
1662 1474 1834 1511 unusquisque
1850 1482 1904 1502 tres
1917 1484 1977 1512 para

399 1521 439 1541 tes
450 1513 575 1544 habebat,
594 1523 685 1541 earum
692 1523 911 1551 unamquamque
918 1523 1033 1548 primum
1039 1515 1122 1548 pilum
1135 1515 1277 1543 vocabant:
1298 1515 1381 1542 tribus
1394 1524 1426 1542 ex
1443 1514 1542 1542 vexillis
1557 1512 1699 1541 constabat.
1723 1513 1847 1539 Vexillum
1861 1520 1961 1541 cxxcv1
1967 1533 1974 1541 .

398 1550 522 1579 homines
533 1559 618 1579 erant:
639 1553 760 1587 primum
769 1552 894 1579 vexillum
902 1551 1137 1586 triariosducebat,
1158 1561 1312 1581 veteranum
1321 1552 1438 1580 militem
1449 1551 1688 1588 spestataevimutis:
1708 1549 1851 1578 secundum
1860 1550 1977 1582 rorarios,

400 1589 491 1617 minus
511 1590 614 1617 roboris
632 1597 723 1620 aetate,
743 1589 882 1627 faustisque:
903 1592 1015 1618 tertium
1031 1589 1149 1625 accensos,
1170 1592 1291 1619 miuimae
1311 1591 1411 1618 fiduciae
1432 1599 1543 1618 manum
1558 1601 1562 1616 z
1583 1598 1616 1616 eo
1632 1591 1658 1617 &c
1671 1589 1699 1615 in
1712 1589 1874 1624 postremam
1889 1589 1976 1616 aciem

400 1626 595 1663 rejiciebantur.
636 1628 691 1655 Ubi
708 1627 748 1655 his
767 1628 904 1655 ordinibus
924 1629 1053 1656 exercitus
1074 1629 1213 1656 instructus
1241 1629 1322 1660 esset,
1353 1627 1444 1665 hastati
1469 1628 1595 1656 omnium
1621 1627 1702 1663 primi
1728 1635 1846 1663 pugnam
1866 1626 1978 1655 inibant.

401 1665 427 1691 Si
446 1663 538 1700 hastati
557 1665 700 1702 profligare
720 1665 823 1693 hostem
843 1676 899 1693 non
918 1667 1041 1702 possent,
1061 1667 1130 1703 pede
1151 1667 1236 1701 presso
1256 1676 1302 1694 eos
1322 1666 1519 1695 retrocedentes
1539 1667 1566 1692 in
1584 1663 1723 1692 intervalla
1741 1664 1868 1692 ordinum
1884 1664 1979 1699 princi·

396 1710 440 1736 pes
460 1703 634 1738 recipiebant,
656 1712 713 1730 tum
731 1702 873 1737 principum
892 1713 980 1741 pugna
998 1713 1062 1732 erat.
1084 1702 1192 1741 Hastati
1208 1704 1392 1741 sequebantur.
1412 1700 1518 1731 Triarii*
1531 1703 1576 1730 sub
1596 1702 1697 1730 vexillis
1717 1702 1900 1734 considebant,
1919 1702 1980 1730 fini-

402 1741 454 1767 stro
475 1750 550 1769 crure
568 1741 704 1776 porrecto,
722 1741 794 1769 scuta
810 1742 898 1769 innixa
918 1742 1044 1773 humeris,
1063 1741 1144 1769 hastas
1164 1742 1210 1770 sub
1230 1743 1317 1770 eree’ta
1337 1742 1442 1779 cuspide
1461 1743 1488 1768 in
1508 1749 1578 1769 terra
1598 1741 1661 1768 fixas
1673 1761 1680 1772 ,
1699 1740 1768 1768 haud
1783 1740 1871 1770 secus,
1895 1749 1982 1778 quamv

403 1778 472 1806 vallo
486 1778 556 1815 septa
568 1778 717 1807 inhorreret
734 1780 815 1809 acies,
836 1788 965 1808 tenentes.
987 1781 1013 1808 Si
1026 1781 1095 1816 apud
1103 1779 1224 1814 principes
1239 1789 1345 1817 quoque
1356 1779 1551 1854 iatisffprospere
1565 1788 1620 1806 non
1634 1778 1697 1806 efflet
1707 1785 1856 1816 pugnatum
1870 1799 1878 1810 ‚
1897 1779 1911 1806 a
1925 1780 1980 1814 pri-

404 1825 450 1843 ma
462 1817 517 1844 acie
530 1817 562 1844 ad
576 1816 682 1843 triarios
693 1817 787 1845 senfim
802 1817 994 1846 referebantur.
1033 1818 1112 1845 Unde
1125 1828 1178 1845 rem
1189 1817 1226 1844 ad
1237 1820 1341 1845 triarios
1353 1818 1406 1844 redi
1426 1828 1440 1844 e
1452 1838 1461 1849 ‚
1483 1826 1547 1844 cum
1560 1816 1693 1844 laboratur
1707 1837 1714 1848 ,
1734 1815 1877 1852 proverbio
1890 1817 1977 1844 incre-
2019 1824 2022 1827 ’

404 1854 469 1883 buit.
494 1853 592 1882 Triarii
605 1855 793 1893 consurgentes
806 1876 813 1886 ,
834 1856 879 1883 ubi
898 1857 925 1883 in
939 1855 1077 1884 intervalla
1091 1856 1219 1884 ordinum
1234 1855 1341 1884 suorum
1352 1854 1472 1890 principes
1489 1857 1516 1884 ὃς
1528 1853 1635 1891 hastatos
1648 1855 1803 1891 recepiffent
1814 1874 1821 1886 ,
1843 1855 1980 1893 extemplo

404 1888 559 1928 compressis
579 1894 715 1920 ordinibus
739 1894 810 1922 velut
831 1894 986 1922 claudebant
999 1896 1053 1922 vias
1068 1905 1073 1921 :
1093 1904 1200 1932 unoque
1213 1895 1362 1923 continenti
1374 1895 1498 1931 agmine,
1526 1893 1584 1929 jam
1598 1891 1669 1920 nulla
1682 1891 1726 1929 spe
1740 1893 1798 1929 post
1817 1891 1908 1921 relista
1921 1914 1928 1925 ‚
1947 1894 1976 1922 in

404 1929 506 1958 hostem
527 1931 692 1960 incedebant.
722 1933 749 1959 id
763 1941 818 1961 erat
832 1932 1110 1960 formidolosissimum
1123 1932 1190 1959 hosti
1204 1953 1212 1965 ,
1233 1942 1295 1960 cum
1310 1931 1381 1960 velut
1401 1932 1485 1960 vietos
1505 1930 1634 1962 insecuti,
1655 1940 1756 1959 novam
1769 1937 1878 1966 repente
1893 1933 1980 1960 aciem

403 1967 604 2005 exsurgentem,
624 1970 728 1997 auistam
743 1980 859 1997 numero
873 1971 1025 1998 cernebant.
1061 1970 1247 1998 Scribebantur
1260 1978 1350 1999 autem
1368 1978 1477 2009 quatuor
1491 1969 1545 1997 fere
1558 1968 1661 2006 legiones
1676 1970 1762 2006 quinis
1776 1968 1891 1997 millibus
1906 1971 1980 2007 pedi-

404 2013 462 2033 tum
474 2026 481 2036 ‚
509 2007 639 2043 equitibus
659 2008 685 2034 in
703 2008 813 2045 lingulas
833 2008 950 2046 legiones
963 2009 1108 2036 trecentis:
1129 2008 1244 2036 alterum
1263 2016 1370 2037 tantum
1391 2019 1423 2037 ex
1438 2009 1534 2037 Latino
1552 2007 1657 2035 delectu
1676 2007 1848 2043 adjiciebatur
1860 2028 1868 2039 ‚
1888 2009 1934 2045 qui
1950 2017 1985 2036 ea·

406 2044 560 2078 tempestate
580 2044 664 2072 hostes
684 2054 756 2073 erant
778 2047 907 2074 Romanis
925 2068 931 2077 ‚
963 2047 1116 2087 eodemque
1141 2047 1236 2075 ordine
1260 2048 1435 2076 instruxerant
1461 2047 1568 2078 aciem,
1603 2055 1654 2074 nec
1681 2045 1856 2074 vexillarcum
1878 2046 1980 2074 vexillis

405 2087 510 2107 tantum
523 2101 529 2111 ‚
548 2083 659 2110 universi
677 2082 769 2121 hastm
787 2094 850 2112 cum
869 2084 974 2122 hastatis
986 2106 994 2117 ,
1013 2093 1136 2119 principes
1155 2095 1216 2113 cum
1231 2084 1383 2119 primiptbus
1396 2105 1403 2117 ‚
1429 2084 1473 2112 sed
1492 2082 1605 2123 centurio
1620 2093 1726 2122 quoque
1745 2093 1808 2112 cum
1825 2083 1965 2125 centurione
1972 2095 1990 2112 :-

405 2117 428 2160 fi·
444 2118 550 2160 ordines
568 2120 665 2147 turbati
685 2130 739 2148 non
761 2123 856 2154 essent,
877 2124 1091 2151 concurrendum
1112 2123 1158 2150 fibi
1179 2123 1230 2151 esse
1249 2123 1372 2151 sciebant.
1392 2123 1527 2151 Haoienus
1546 2121 1650 2156 Livius,
1671 2123 1715 2160 qui
1734 2124 1885 2152 univerlum
1907 2132 1982 2150 exer-

405 2162 491 2183 citum
512 2165 538 2182 in
558 2163 713 2198 tres‘partes
732 2160 870 2189 distribuit.
914 2162 1033 2189 Primam
1053 2162 1138 2188 aciem
1157 2159 1265 2199 hastatos
1284 2161 1346 2189 facit
1360 2181 1368 2193 ,
1396 2161 1422 2188 id
1443 2162 1479 2189 est
1493 2182 1499 2193 ‚
1519 2161 1589 2188 leves
1608 2161 1735 2194 milites,⁴
1754 2170 1785 2189 ac
1803 2160 1931 2194 scutatos,
1951 2162 1979 2189 in

405 2202 518 2229 eamque
538 2193 707 2228 pubelccntes
725 2198 757 2224 ad
779 2199 903 2226 militiam
923 2209 1018 2227 omnes
1038 2200 1163 2236 conjicit,
1184 2199 1294 2227 alteram
1310 2198 1428 2233 principes
1447 2209 1498 2227 una
1518 2209 1581 2226 cum
1601 2198 1719 2230 scutatis,
1740 2208 1808 2235 quos
1827 2199 1980 2233 antepilanos

406 2231 557 2259 vocabant:
597 2234 702 2260 tertiam
728 2244 759 2262 ex
780 2237 935 2272 quindecim
962 2237 1100 2265 ordinibus
1126 2238 1282 2269 constituit,
1321 2246 1437 2274 quorum
1458 2236 1633 2274 unusquisque
1659 2245 1713 2266 tres
1736 2245 1824 2273 partes
1850 2235 1978 2269 haberet,

405 2278 496 2296 carum
518 2277 732 2311 unamquamque
745 2273 861 2306 primum
876 2276 957 2309 pilum
977 2275 1109 2303 vocabant
1126 2286 1132 2302 :
1159 2285 1191 2303 ex
1210 2275 1294 2303 tribus
1313 2275 1413 2303 vexillis
1434 2276 1570 2303 constabat
1582 2295 1589 2306 ,
1616 2276 1762 2303 triariorum
1777 2296 1784 2307 ,
1810 2273 1979 2306 romariorum,

406 2308 433 2334 ec
459 2310 610 2341 acceulorum
629 2329 635 2340 ,
668 2317 782 2344 quorum
808 2312 896 2339 rorarii
923 2315 992 2341 inter
1010 2313 1163 2348 antepilanos
1182 2315 1273 2349 primo
1298 2313 1491 2350 procurrebant
1507 2333 1515 2345 ,
1541 2313 1637 2342 deinde
1655 2315 1737 2341 etiam
1757 2310 1850 2348 accensi
1868 2322 1900 2339 eo
1917 2320 1981 2351 pro-

408 2344 558 2378 cedebant,
586 2353 616 2374 ut
636 2354 694 2374 tum
713 2347 828 2385 denique
849 2351 946 2380 viribus
964 2351 1080 2380 hostium
1099 2351 1141 2381 vel
1162 2351 1291 2381 exhaustis
1306 2372 1316 2387 ,
1342 2351 1385 2380 vel
1404 2352 1546 2382 debilitatis
1561 2373 1568 2385 ‚
1593 2352 1692 2389 integri
1710 2353 1737 2380 ὅτ.
1755 2359 1876 2380 recentes
1893 2349 1982 2376 triario⁴

1859 2395 1979 2424 pugnum
