<?xml version="1.0" encoding="UTF-8"?>
<!DOCTYPE html PUBLIC "-//W3C//DTD XHTML 1.0 Transitional//EN"
    "http://www.w3.org/TR/xhtml1/DTD/xhtml1-transitional.dtd">
<html xmlns="http://www.w3.org/1999/xhtml" xml:lang="en" lang="en">
 <head>
  <title>
</title>
<meta http-equiv="Content-Type" content="text/html;charset=utf-8" />
  <meta name='ocr-system' content='tesseract 3.04.00' />
  <meta name='ocr-capabilities' content='ocr_page ocr_carea ocr_par ocr_line ocrx_word'/>
</head>
<body>
  <div class='ocr_page' id='page_1' title='image "./johannisrosinian00rosi/johannisrosinian00rosi_0783.png"; bbox 0 0 2075 2734; ppageno 0'>
   <div class='ocr_carea' id='block_1_1' title="bbox 262 85 1684 134">
    <p class='ocr_par' dir='ltr' id='par_1_1' title="bbox 262 85 1684 134">
     <span class='ocr_line' id='line_1_1' title="bbox 262 85 1684 134; baseline -0.007 -11"><span class='ocrx_word' id='word_1_1' title='bbox 262 95 312 123; x_wconf 72' lang='lat' dir='ltr'>De</span> <span class='ocrx_word' id='word_1_2' title='bbox 332 89 495 123; x_wconf 65' lang='lat' dir='ltr'>rn&#39;AEmus</span> <span class='ocrx_word' id='word_1_3' title='bbox 517 99 658 122; x_wconf 68' lang='lat' dir='ltr'>nonum,</span> <span class='ocrx_word' id='word_1_4' title='bbox 687 97 750 126; x_wconf 68' lang='lat' dir='ltr'>Qui</span> <span class='ocrx_word' id='word_1_5' title='bbox 771 94 937 117; x_wconf 67' lang='lat' dir='ltr'>s‘ruuue</span> <span class='ocrx_word' id='word_1_6' title='bbox 958 96 1028 116; x_wconf 63' lang='lat' dir='ltr'>nrm</span> <span class='ocrx_word' id='word_1_7' title='bbox 1050 85 1273 116; x_wconf 62' lang='lat' dir='ltr'>essseRAurL</span> <span class='ocrx_word' id='word_1_8' title='bbox 1313 85 1399 117; x_wconf 54' lang='lat' dir='ltr'>Cipi</span> <span class='ocrx_word' id='word_1_9' title='bbox 1421 85 1465 120; x_wconf 82' lang='lat'>26&#39;.</span> <span class='ocrx_word' id='word_1_10' title='bbox 1625 96 1684 134; x_wconf 57' lang='lat'>743</span> 
     </span>
    </p>
   </div>
   <div class='ocr_carea' id='block_1_2' title="bbox 83 141 1686 1784">
    <p class='ocr_par' dir='ltr' id='par_1_2' title="bbox 96 141 1686 792">
     <span class='ocr_line' id='line_1_2' title="bbox 99 141 1682 185; baseline 0.001 -12"><span class='ocrx_word' id='word_1_11' title='bbox 99 156 189 180; x_wconf 66' lang='lat' dir='ltr'>autem</span> <span class='ocrx_word' id='word_1_12' title='bbox 205 148 306 177; x_wconf 87' lang='lat' dir='ltr'>ducunt</span> <span class='ocrx_word' id='word_1_13' title='bbox 319 168 328 179; x_wconf 91' lang='lat'>‚</span> <span class='ocrx_word' id='word_1_14' title='bbox 349 147 437 184; x_wconf 87' lang='lat' dir='ltr'>inquit</span> <span class='ocrx_word' id='word_1_15' title='bbox 449 144 563 182; x_wconf 77' lang='lat' dir='ltr'>Polybius</span> <span class='ocrx_word' id='word_1_16' title='bbox 576 164 584 174; x_wconf 87' lang='lat'><em>‚</em></span> <span class='ocrx_word' id='word_1_17' title='bbox 603 143 714 181; x_wconf 82' lang='lat' dir='ltr'>ignaviae</span> <span class='ocrx_word' id='word_1_18' title='bbox 727 141 906 170; x_wconf 79' lang='lat' dir='ltr'>adscribentes</span> <span class='ocrx_word' id='word_1_19' title='bbox 925 141 1004 169; x_wconf 91' lang='lat' dir='ltr'>militi</span> <span class='ocrx_word' id='word_1_20' title='bbox 1020 141 1116 170; x_wconf 60' lang='lat' dir='ltr'>delicta</span> <span class='ocrx_word' id='word_1_21' title='bbox 1135 141 1310 178; x_wconf 84' lang='lat' dir='ltr'>hujusmodi,</span> <span class='ocrx_word' id='word_1_22' title='bbox 1330 142 1349 170; x_wconf 86' lang='lat' dir='ltr'>fi</span> <span class='ocrx_word' id='word_1_23' title='bbox 1363 145 1409 180; x_wconf 88' lang='lat' dir='ltr'>qui</span> <span class='ocrx_word' id='word_1_24' title='bbox 1424 145 1526 175; x_wconf 73' lang='lat' dir='ltr'>strenue</span> <span class='ocrx_word' id='word_1_25' title='bbox 1541 146 1566 175; x_wconf 91' lang='lat' dir='ltr'>se</span> <span class='ocrx_word' id='word_1_26' title='bbox 1578 148 1682 185; x_wconf 80' lang='lat' dir='ltr'>geffiffe</span> 
     </span>
     <span class='ocr_line' id='line_1_3' title="bbox 99 179 1684 222; baseline -0.003 -6"><span class='ocrx_word' id='word_1_27' title='bbox 99 188 164 217; x_wconf 81' lang='lat' dir='ltr'>falso</span> <span class='ocrx_word' id='word_1_28' title='bbox 181 186 319 215; x_wconf 81' lang='lat' dir='ltr'>retulerint</span> <span class='ocrx_word' id='word_1_29' title='bbox 339 185 370 212; x_wconf 85' lang='lat' dir='ltr'>ad</span> <span class='ocrx_word' id='word_1_30' title='bbox 391 183 512 212; x_wconf 85' lang='lat' dir='ltr'>tribunos</span> <span class='ocrx_word' id='word_1_31' title='bbox 531 183 640 210; x_wconf 87' lang='lat' dir='ltr'>honoris</span> <span class='ocrx_word' id='word_1_32' title='bbox 661 180 734 209; x_wconf 89' lang='lat' dir='ltr'>causa</span> <span class='ocrx_word' id='word_1_33' title='bbox 753 179 938 217; x_wconf 86' lang='lat' dir='ltr'>adipiscendi:</span> <span class='ocrx_word' id='word_1_34' title='bbox 970 179 1065 207; x_wconf 86' lang='lat' dir='ltr'>itidem</span> <span class='ocrx_word' id='word_1_35' title='bbox 1081 201 1088 211; x_wconf 88' lang='lat'>‚</span> <span class='ocrx_word' id='word_1_36' title='bbox 1115 180 1134 207; x_wconf 92' lang='lat' dir='ltr'>fi</span> <span class='ocrx_word' id='word_1_37' title='bbox 1153 181 1199 217; x_wconf 89' lang='lat' dir='ltr'>qui</span> <span class='ocrx_word' id='word_1_38' title='bbox 1225 181 1252 208; x_wconf 94' lang='lat' dir='ltr'>in</span> <span class='ocrx_word' id='word_1_39' title='bbox 1270 181 1392 218; x_wconf 81' lang='lat' dir='ltr'>praefidio</span> <span class='ocrx_word' id='word_1_40' title='bbox 1411 183 1542 220; x_wconf 80' lang='lat' dir='ltr'>depositi,</span> <span class='ocrx_word' id='word_1_41' title='bbox 1569 186 1684 222; x_wconf 70' lang='lat' dir='ltr'>perculsi</span> 
     </span>
     <span class='ocr_line' id='line_1_4' title="bbox 99 217 1684 262; baseline -0.001 -8"><span class='ocrx_word' id='word_1_42' title='bbox 99 234 176 254; x_wconf 87' lang='lat' dir='ltr'>metu</span> <span class='ocrx_word' id='word_1_43' title='bbox 196 226 288 253; x_wconf 89' lang='lat' dir='ltr'>datum</span> <span class='ocrx_word' id='word_1_44' title='bbox 310 224 369 259; x_wconf 82' lang='lat' dir='ltr'>ipfis</span> <span class='ocrx_word' id='word_1_45' title='bbox 386 223 478 250; x_wconf 88' lang='lat' dir='ltr'>locum</span> <span class='ocrx_word' id='word_1_46' title='bbox 497 220 658 249; x_wconf 84' lang='lat' dir='ltr'>deseruerint</span> <span class='ocrx_word' id='word_1_47' title='bbox 672 240 679 250; x_wconf 95' lang='lat'>,</span> <span class='ocrx_word' id='word_1_48' title='bbox 714 218 834 246; x_wconf 87' lang='lat' dir='ltr'>fimiliter</span> <span class='ocrx_word' id='word_1_49' title='bbox 859 218 877 245; x_wconf 83' lang='lat' dir='ltr'>fi</span> <span class='ocrx_word' id='word_1_50' title='bbox 897 218 954 254; x_wconf 91' lang='lat' dir='ltr'>quis</span> <span class='ocrx_word' id='word_1_51' title='bbox 973 218 1056 246; x_wconf 88' lang='lat' dir='ltr'>telum</span> <span class='ocrx_word' id='word_1_52' title='bbox 1076 217 1182 255; x_wconf 83' lang='lat' dir='ltr'>aliquod</span> <span class='ocrx_word' id='word_1_53' title='bbox 1209 219 1244 246; x_wconf 91' lang='lat' dir='ltr'>ob</span> <span class='ocrx_word' id='word_1_54' title='bbox 1267 226 1372 247; x_wconf 86' lang='lat' dir='ltr'>metum</span> <span class='ocrx_word' id='word_1_55' title='bbox 1399 219 1546 256; x_wconf 83' lang='lat' dir='ltr'>abjecerit,</span> <span class='ocrx_word' id='word_1_56' title='bbox 1578 225 1604 251; x_wconf 89' lang='lat' dir='ltr'>in</span> <span class='ocrx_word' id='word_1_57' title='bbox 1625 224 1684 262; x_wconf 85' lang='lat' dir='ltr'>ipso</span> 
     </span>
     <span class='ocr_line' id='line_1_5' title="bbox 100 255 1685 298; baseline -0.001 -6"><span class='ocrx_word' id='word_1_58' title='bbox 100 264 230 293; x_wconf 67' lang='grc' dir='ltr'>ςοηΗίξὶιι</span> <span class='ocrx_word' id='word_1_59' title='bbox 244 274 249 290; x_wconf 86' lang='grc'>;</span> <span class='ocrx_word' id='word_1_60' title='bbox 270 262 382 298; x_wconf 82' lang='lat' dir='ltr'>proinde</span> <span class='ocrx_word' id='word_1_61' title='bbox 395 259 516 288; x_wconf 88' lang='lat' dir='ltr'>nonnulli</span> <span class='ocrx_word' id='word_1_62' title='bbox 529 260 556 286; x_wconf 92' lang='lat' dir='ltr'>in</span> <span class='ocrx_word' id='word_1_63' title='bbox 570 257 692 293; x_wconf 85' lang='lat' dir='ltr'>praefidiis</span> <span class='ocrx_word' id='word_1_64' title='bbox 708 255 846 285; x_wconf 72' lang='lat' dir='ltr'>manifeste</span> <span class='ocrx_word' id='word_1_65' title='bbox 862 257 971 292; x_wconf 90' lang='lat' dir='ltr'>perituri</span> <span class='ocrx_word' id='word_1_66' title='bbox 986 276 993 287; x_wconf 93' lang='lat'>,</span> <span class='ocrx_word' id='word_1_67' title='bbox 1014 256 1158 293; x_wconf 85' lang='lat' dir='ltr'>multiplici</span> <span class='ocrx_word' id='word_1_68' title='bbox 1172 267 1252 285; x_wconf 83' lang='lat' dir='ltr'>manu</span> <span class='ocrx_word' id='word_1_69' title='bbox 1266 259 1444 287; x_wconf 89' lang='lat' dir='ltr'>circumventi</span> <span class='ocrx_word' id='word_1_70' title='bbox 1458 281 1467 292; x_wconf 92' lang='lat'><em>‚</em></span> <span class='ocrx_word' id='word_1_71' title='bbox 1495 259 1585 289; x_wconf 85' lang='lat' dir='ltr'>locum</span> <span class='ocrx_word' id='word_1_72' title='bbox 1600 261 1685 290; x_wconf 88' lang='lat' dir='ltr'>semel</span> 
     </span>
     <span class='ocr_line' id='line_1_6' title="bbox 99 294 1685 334; baseline -0.002 -4"><span class='ocrx_word' id='word_1_73' title='bbox 99 303 192 331; x_wconf 87' lang='lat' dir='ltr'>datum</span> <span class='ocrx_word' id='word_1_74' title='bbox 213 300 331 328; x_wconf 84' lang='lat' dir='ltr'>deserere</span> <span class='ocrx_word' id='word_1_75' title='bbox 351 299 446 327; x_wconf 89' lang='lat' dir='ltr'>nolunt</span> <span class='ocrx_word' id='word_1_76' title='bbox 458 317 466 329; x_wconf 95' lang='lat'>‚</span> <span class='ocrx_word' id='word_1_77' title='bbox 498 305 608 333; x_wconf 82' lang='lat' dir='ltr'>poenam</span> <span class='ocrx_word' id='word_1_78' title='bbox 630 304 782 324; x_wconf 85' lang='lat' dir='ltr'>metuentes</span> <span class='ocrx_word' id='word_1_79' title='bbox 799 294 898 323; x_wconf 68' lang='lat' dir='ltr'>detho</span> <span class='ocrx_word' id='word_1_80' title='bbox 917 302 1130 330; x_wconf 80' lang='lat' dir='ltr'>competentem.</span> <span class='ocrx_word' id='word_1_81' title='bbox 1172 295 1224 323; x_wconf 83' lang='lat' dir='ltr'>Alii</span> <span class='ocrx_word' id='word_1_82' title='bbox 1248 297 1275 323; x_wconf 92' lang='lat' dir='ltr'>in</span> <span class='ocrx_word' id='word_1_83' title='bbox 1293 295 1351 332; x_wconf 80' lang='lat' dir='ltr'>ipso</span> <span class='ocrx_word' id='word_1_84' title='bbox 1370 298 1490 334; x_wconf 85' lang='lat' dir='ltr'>periculo</span> <span class='ocrx_word' id='word_1_85' title='bbox 1508 299 1613 327; x_wconf 79' lang='lat' dir='ltr'>excusso</span> <span class='ocrx_word' id='word_1_86' title='bbox 1629 300 1685 333; x_wconf 84' lang='lat' dir='ltr'>cly-</span> 
     </span>
     <span class='ocr_line' id='line_1_7' title="bbox 101 332 1684 377; baseline -0.003 -11"><span class='ocrx_word' id='word_1_87' title='bbox 101 349 154 377; x_wconf 86' lang='lat' dir='ltr'>peo</span> <span class='ocrx_word' id='word_1_88' title='bbox 165 361 173 372; x_wconf 92' lang='lat'><strong>,</strong></span> <span class='ocrx_word' id='word_1_89' title='bbox 195 348 240 368; x_wconf 82' lang='lat' dir='ltr'>aut</span> <span class='ocrx_word' id='word_1_90' title='bbox 255 339 315 366; x_wconf 86' lang='lat' dir='ltr'>ense</span> <span class='ocrx_word' id='word_1_91' title='bbox 329 358 337 369; x_wconf 90' lang='lat'>‚</span> <span class='ocrx_word' id='word_1_92' title='bbox 357 344 400 365; x_wconf 84' lang='lat' dir='ltr'>aut</span> <span class='ocrx_word' id='word_1_93' title='bbox 411 335 463 364; x_wconf 86' lang='lat' dir='ltr'>alio</span> <span class='ocrx_word' id='word_1_94' title='bbox 477 336 605 371; x_wconf 86' lang='lat' dir='ltr'>quopiam</span> <span class='ocrx_word' id='word_1_95' title='bbox 621 333 753 370; x_wconf 62' lang='lat' dir='ltr'>ejus-nodi</span> <span class='ocrx_word' id='word_1_96' title='bbox 768 333 836 364; x_wconf 87' lang='lat' dir='ltr'>telo,</span> <span class='ocrx_word' id='word_1_97' title='bbox 857 332 961 360; x_wconf 83' lang='lat' dir='ltr'>temere</span> <span class='ocrx_word' id='word_1_98' title='bbox 974 334 1078 360; x_wconf 89' lang='lat' dir='ltr'>irruunt</span> <span class='ocrx_word' id='word_1_99' title='bbox 1093 334 1120 360; x_wconf 86' lang='lat' dir='ltr'>in</span> <span class='ocrx_word' id='word_1_100' title='bbox 1134 333 1219 360; x_wconf 76' lang='lat' dir='ltr'>hostes</span> <span class='ocrx_word' id='word_1_101' title='bbox 1233 345 1238 360; x_wconf 91' lang='lat'>:</span> <span class='ocrx_word' id='word_1_102' title='bbox 1259 343 1304 362; x_wconf 86' lang='lat' dir='ltr'>aut</span> <span class='ocrx_word' id='word_1_103' title='bbox 1317 334 1344 361; x_wconf 89' lang='lat' dir='ltr'>in</span> <span class='ocrx_word' id='word_1_104' title='bbox 1359 336 1488 371; x_wconf 79' lang='lat' dir='ltr'>potestate</span> <span class='ocrx_word' id='word_1_105' title='bbox 1501 336 1637 366; x_wconf 72' lang='lat' dir='ltr'>habituros</span> <span class='ocrx_word' id='word_1_106' title='bbox 1658 338 1684 366; x_wconf 75' lang='lat' dir='ltr'>se</span> 
     </span>
     <span class='ocr_line' id='line_1_8' title="bbox 99 371 1686 415; baseline -0.004 -9"><span class='ocrx_word' id='word_1_107' title='bbox 99 379 234 415; x_wconf 79' lang='lat' dir='ltr'>sperantes</span> <span class='ocrx_word' id='word_1_108' title='bbox 251 387 308 414; x_wconf 77' lang='lat' dir='ltr'>quae</span> <span class='ocrx_word' id='word_1_109' title='bbox 322 373 486 412; x_wconf 85' lang='lat' dir='ltr'>perdiderint</span> <span class='ocrx_word' id='word_1_110' title='bbox 501 382 508 398; x_wconf 88' lang='lat'>:</span> <span class='ocrx_word' id='word_1_111' title='bbox 533 380 578 400; x_wconf 87' lang='lat' dir='ltr'>aut</span> <span class='ocrx_word' id='word_1_112' title='bbox 592 372 689 409; x_wconf 87' lang='lat' dir='ltr'>aliquid</span> <span class='ocrx_word' id='word_1_113' title='bbox 704 372 837 408; x_wconf 77' lang='lat' dir='ltr'>perpeffos</span> <span class='ocrx_word' id='word_1_114' title='bbox 851 371 1021 398; x_wconf 74' lang='lat' dir='ltr'>manifestum</span> <span class='ocrx_word' id='word_1_115' title='bbox 1037 371 1214 406; x_wconf 64' lang='lat' dir='ltr'>opprobrium</span> <span class='ocrx_word' id='word_1_116' title='bbox 1236 372 1398 400; x_wconf 82' lang='lat' dir='ltr'>devitaturos</span> <span class='ocrx_word' id='word_1_117' title='bbox 1412 394 1420 404; x_wconf 88' lang='lat'>‚</span> <span class='ocrx_word' id='word_1_118' title='bbox 1439 375 1613 412; x_wconf 82' lang='lat' dir='ltr'>conviciaque</span> <span class='ocrx_word' id='word_1_119' title='bbox 1626 375 1686 405; x_wconf 79' lang='lat' dir='ltr'>suo-</span> 
     </span>
     <span class='ocr_line' id='line_1_9' title="bbox 99 409 1685 451; baseline -0.003 -7"><span class='ocrx_word' id='word_1_120' title='bbox 99 426 170 444; x_wconf 82' lang='lat' dir='ltr'>rum.</span> <span class='ocrx_word' id='word_1_121' title='bbox 213 416 294 451; x_wconf 77' lang='lat' dir='ltr'>Quod</span> <span class='ocrx_word' id='word_1_122' title='bbox 311 414 328 441; x_wconf 85' lang='lat' dir='ltr'>fi</span> <span class='ocrx_word' id='word_1_123' title='bbox 341 411 483 448; x_wconf 86' lang='lat' dir='ltr'>aliquando</span> <span class='ocrx_word' id='word_1_124' title='bbox 495 409 549 438; x_wconf 66' lang='lat' dir='ltr'>haec</span> <span class='ocrx_word' id='word_1_125' title='bbox 564 411 657 438; x_wconf 83' lang='lat' dir='ltr'>eadem</span> <span class='ocrx_word' id='word_1_126' title='bbox 671 411 739 438; x_wconf 87' lang='lat' dir='ltr'>circa</span> <span class='ocrx_word' id='word_1_127' title='bbox 752 410 839 447; x_wconf 88' lang='lat' dir='ltr'>plures</span> <span class='ocrx_word' id='word_1_128' title='bbox 852 409 909 436; x_wconf 87' lang='lat' dir='ltr'>fieri</span> <span class='ocrx_word' id='word_1_129' title='bbox 922 409 1067 445; x_wconf 82' lang='lat' dir='ltr'>contigerit</span> <span class='ocrx_word' id='word_1_130' title='bbox 1076 430 1082 440; x_wconf 91' lang='lat'>,</span> <span class='ocrx_word' id='word_1_131' title='bbox 1104 412 1129 438; x_wconf 60' lang='grc' dir='ltr'>ἃ</span> <span class='ocrx_word' id='word_1_132' title='bbox 1144 409 1215 446; x_wconf 75' lang='lat' dir='ltr'>ligna</span> <span class='ocrx_word' id='word_1_133' title='bbox 1227 410 1314 446; x_wconf 78' lang='lat' dir='ltr'>aliqua</span> <span class='ocrx_word' id='word_1_134' title='bbox 1324 412 1443 439; x_wconf 67' lang='lat' dir='ltr'>cuneum</span> <span class='ocrx_word' id='word_1_135' title='bbox 1458 412 1623 448; x_wconf 73' lang='lat' dir='ltr'>persuasione</span> <span class='ocrx_word' id='word_1_136' title='bbox 1636 415 1685 443; x_wconf 91' lang='lat' dir='ltr'>du-</span> 
     </span>
     <span class='ocr_line' id='line_1_10' title="bbox 100 447 1685 483; baseline -0.001 -1"><span class='ocrx_word' id='word_1_137' title='bbox 100 455 143 482; x_wconf 65' lang='lat' dir='ltr'>&amp;a</span> <span class='ocrx_word' id='word_1_138' title='bbox 157 450 424 482; x_wconf 60' lang='lat' dir='ltr'>locunsdeseruerint</span> <span class='ocrx_word' id='word_1_139' title='bbox 437 470 444 480; x_wconf 89' lang='lat'><strong>,</strong></span> <span class='ocrx_word' id='word_1_140' title='bbox 465 458 561 476; x_wconf 85' lang='lat' dir='ltr'>omnes</span> <span class='ocrx_word' id='word_1_141' title='bbox 575 448 641 476; x_wconf 89' lang='lat' dir='ltr'>fuste</span> <span class='ocrx_word' id='word_1_142' title='bbox 655 449 755 476; x_wconf 73' lang='lat' dir='ltr'>caedere</span> <span class='ocrx_word' id='word_1_143' title='bbox 774 455 818 476; x_wconf 88' lang='lat' dir='ltr'>aut</span> <span class='ocrx_word' id='word_1_144' title='bbox 830 447 981 475; x_wconf 79' lang='lat' dir='ltr'>interficere</span> <span class='ocrx_word' id='word_1_145' title='bbox 994 456 1049 474; x_wconf 86' lang='lat' dir='ltr'>non</span> <span class='ocrx_word' id='word_1_146' title='bbox 1068 448 1217 483; x_wconf 83' lang='lat' dir='ltr'>approbant</span> <span class='ocrx_word' id='word_1_147' title='bbox 1230 469 1237 479; x_wconf 93' lang='lat'>,</span> <span class='ocrx_word' id='word_1_148' title='bbox 1258 448 1300 476; x_wconf 79' lang='lat' dir='ltr'>sed</span> <span class='ocrx_word' id='word_1_149' title='bbox 1317 450 1354 476; x_wconf 87' lang='lat' dir='ltr'>rei</span> <span class='ocrx_word' id='word_1_150' title='bbox 1368 449 1528 478; x_wconf 83' lang='lat' dir='ltr'>solutionem</span> <span class='ocrx_word' id='word_1_151' title='bbox 1542 452 1685 482; x_wconf 88' lang='lat' dir='ltr'>inveniunt</span> 
     </span>
     <span class='ocr_line' id='line_1_11' title="bbox 99 485 1686 528; baseline -0.001 -7"><span class='ocrx_word' id='word_1_152' title='bbox 99 492 194 521; x_wconf 86' lang='lat' dir='ltr'>utilem</span> <span class='ocrx_word' id='word_1_153' title='bbox 210 491 306 528; x_wconf 84' lang='lat' dir='ltr'>pariter</span> <span class='ocrx_word' id='word_1_154' title='bbox 319 511 325 520; x_wconf 88' lang='lat'>,</span> <span class='ocrx_word' id='word_1_155' title='bbox 351 486 562 524; x_wconf 83' lang='lat' dir='ltr'>terribilemque.</span> <span class='ocrx_word' id='word_1_156' title='bbox 604 488 710 524; x_wconf 86' lang='lat' dir='ltr'>Qippe</span> <span class='ocrx_word' id='word_1_157' title='bbox 724 493 874 515; x_wconf 82' lang='lat' dir='ltr'>convocato</span> <span class='ocrx_word' id='word_1_158' title='bbox 888 485 1006 512; x_wconf 82' lang='lat' dir='ltr'>exercitu</span> <span class='ocrx_word' id='word_1_159' title='bbox 1018 505 1025 516; x_wconf 90' lang='lat'>‚</span> <span class='ocrx_word' id='word_1_160' title='bbox 1054 485 1174 514; x_wconf 85' lang='lat' dir='ltr'>tribunus</span> <span class='ocrx_word' id='word_1_161' title='bbox 1187 486 1333 522; x_wconf 62' lang='lat' dir='ltr'>productos</span> <span class='ocrx_word' id='word_1_162' title='bbox 1355 488 1382 514; x_wconf 90' lang='lat' dir='ltr'>in</span> <span class='ocrx_word' id='word_1_163' title='bbox 1401 488 1521 517; x_wconf 88' lang='lat' dir='ltr'>medium</span> <span class='ocrx_word' id='word_1_164' title='bbox 1537 488 1686 520; x_wconf 85' lang='lat' dir='ltr'>desertores</span> 
     </span>
     <span class='ocr_line' id='line_1_12' title="bbox 100 523 1685 562; baseline -0.001 -7"><span class='ocrx_word' id='word_1_165' title='bbox 100 530 215 560; x_wconf 55' lang='lat' dir='ltr'>accurit,</span> <span class='ocrx_word' id='word_1_166' title='bbox 238 527 423 562; x_wconf 84' lang='lat' dir='ltr'>invehiturque</span> <span class='ocrx_word' id='word_1_167' title='bbox 436 524 543 553; x_wconf 73' lang='lat' dir='ltr'>acerbe:</span> <span class='ocrx_word' id='word_1_168' title='bbox 565 526 680 562; x_wconf 90' lang='lat' dir='ltr'>denique</span> <span class='ocrx_word' id='word_1_169' title='bbox 693 526 811 562; x_wconf 76' lang='lat' dir='ltr'>quinque</span> <span class='ocrx_word' id='word_1_170' title='bbox 824 531 868 551; x_wconf 86' lang='lat' dir='ltr'>aut</span> <span class='ocrx_word' id='word_1_171' title='bbox 880 523 959 554; x_wconf 67' lang='lat' dir='ltr'>octo,</span> <span class='ocrx_word' id='word_1_172' title='bbox 979 523 1114 550; x_wconf 89' lang='lat' dir='ltr'>interdum</span> <span class='ocrx_word' id='word_1_173' title='bbox 1130 525 1210 551; x_wconf 82' lang='lat' dir='ltr'>etiam</span> <span class='ocrx_word' id='word_1_174' title='bbox 1226 525 1336 560; x_wconf 83' lang='lat' dir='ltr'>viginti,</span> <span class='ocrx_word' id='word_1_175' title='bbox 1357 534 1437 562; x_wconf 83' lang='lat' dir='ltr'>atque</span> <span class='ocrx_word' id='word_1_176' title='bbox 1450 527 1476 554; x_wconf 93' lang='lat' dir='ltr'>in</span> <span class='ocrx_word' id='word_1_177' title='bbox 1490 535 1579 556; x_wconf 86' lang='lat' dir='ltr'>totum</span> <span class='ocrx_word' id='word_1_178' title='bbox 1594 528 1685 557; x_wconf 75' lang='lat' dir='ltr'>habita</span> 
     </span>
     <span class='ocr_line' id='line_1_13' title="bbox 98 560 1684 604; baseline -0.001 -8"><span class='ocrx_word' id='word_1_179' title='bbox 98 570 202 596; x_wconf 86' lang='lat' dir='ltr'>ratione</span> <span class='ocrx_word' id='word_1_180' title='bbox 217 564 408 594; x_wconf 82' lang='lat' dir='ltr'>multitudinis,</span> <span class='ocrx_word' id='word_1_181' title='bbox 429 572 457 592; x_wconf 92' lang='lat' dir='ltr'>ut</span> <span class='ocrx_word' id='word_1_182' title='bbox 472 563 578 592; x_wconf 82' lang='lat' dir='ltr'>decima</span> <span class='ocrx_word' id='word_1_183' title='bbox 590 564 621 591; x_wconf 86' lang='lat' dir='ltr'>ad</span> <span class='ocrx_word' id='word_1_184' title='bbox 634 562 773 591; x_wconf 87' lang='lat' dir='ltr'>summum</span> <span class='ocrx_word' id='word_1_185' title='bbox 790 562 881 590; x_wconf 84' lang='lat' dir='ltr'>existat</span> <span class='ocrx_word' id='word_1_186' title='bbox 893 570 952 598; x_wconf 83' lang='lat' dir='ltr'>pars</span> <span class='ocrx_word' id='word_1_187' title='bbox 966 560 1195 597; x_wconf 84' lang='lat' dir='ltr'>delinquentium,</span> <span class='ocrx_word' id='word_1_188' title='bbox 1214 561 1263 589; x_wconf 90' lang='lat' dir='ltr'>hos</span> <span class='ocrx_word' id='word_1_189' title='bbox 1277 572 1309 589; x_wconf 81' lang='lat' dir='ltr'>ex</span> <span class='ocrx_word' id='word_1_190' title='bbox 1323 564 1450 591; x_wconf 89' lang='lat' dir='ltr'>omnibus</span> <span class='ocrx_word' id='word_1_191' title='bbox 1464 564 1513 592; x_wconf 85' lang='lat' dir='ltr'>illis</span> <span class='ocrx_word' id='word_1_192' title='bbox 1527 567 1572 604; x_wconf 89' lang='lat' dir='ltr'>qui</span> <span class='ocrx_word' id='word_1_193' title='bbox 1587 566 1684 596; x_wconf 66' lang='lat' dir='ltr'>timide</span> 
     </span>
     <span class='ocr_line' id='line_1_14' title="bbox 97 599 1680 642; baseline 0 -9"><span class='ocrx_word' id='word_1_194' title='bbox 97 605 125 633; x_wconf 75' lang='lat' dir='ltr'>st</span> <span class='ocrx_word' id='word_1_195' title='bbox 136 605 261 642; x_wconf 66' lang='lat' dir='ltr'>gesserint</span> <span class='ocrx_word' id='word_1_196' title='bbox 274 625 283 638; x_wconf 91' lang='lat'>‚</span> <span class='ocrx_word' id='word_1_197' title='bbox 303 603 373 631; x_wconf 84' lang='lat' dir='ltr'>sorte</span> <span class='ocrx_word' id='word_1_198' title='bbox 387 602 482 630; x_wconf 78' lang='lat' dir='ltr'>eximit</span> <span class='ocrx_word' id='word_1_199' title='bbox 495 622 502 633; x_wconf 87' lang='lat'><em>‚</em></span> <span class='ocrx_word' id='word_1_200' title='bbox 525 604 550 630; x_wconf 66' lang='grc' dir='ltr'>δε</span> <span class='ocrx_word' id='word_1_201' title='bbox 567 602 634 629; x_wconf 86' lang='lat' dir='ltr'>fuste</span> <span class='ocrx_word' id='word_1_202' title='bbox 648 601 740 632; x_wconf 82' lang='lat' dir='ltr'>caedit,</span> <span class='ocrx_word' id='word_1_203' title='bbox 768 609 797 629; x_wconf 90' lang='lat' dir='ltr'>ut</span> <span class='ocrx_word' id='word_1_204' title='bbox 810 599 887 635; x_wconf 82' lang='lat' dir='ltr'>supra</span> <span class='ocrx_word' id='word_1_205' title='bbox 906 599 1010 627; x_wconf 62' lang='lat' dir='ltr'>dietum</span> <span class='ocrx_word' id='word_1_206' title='bbox 1025 601 1060 626; x_wconf 86' lang='lat' dir='ltr'>est</span> <span class='ocrx_word' id='word_1_207' title='bbox 1073 620 1082 631; x_wconf 93' lang='lat'><em>‚</em></span> <span class='ocrx_word' id='word_1_208' title='bbox 1103 599 1172 626; x_wconf 83' lang='lat' dir='ltr'>nulla</span> <span class='ocrx_word' id='word_1_209' title='bbox 1189 600 1374 636; x_wconf 82' lang='lat' dir='ltr'>deprecatione</span> <span class='ocrx_word' id='word_1_210' title='bbox 1397 602 1507 630; x_wconf 74' lang='lat' dir='ltr'>admissa</span> <span class='ocrx_word' id='word_1_211' title='bbox 1518 623 1526 637; x_wconf 91' lang='lat'>‚</span> <span class='ocrx_word' id='word_1_212' title='bbox 1547 604 1680 642; x_wconf 84' lang='lat' dir='ltr'>reliquos,</span> 
     </span>
     <span class='ocr_line' id='line_1_15' title="bbox 97 637 1684 678; baseline -0.001 -6"><span class='ocrx_word' id='word_1_213' title='bbox 97 643 200 672; x_wconf 87' lang='lat' dir='ltr'>hordeo</span> <span class='ocrx_word' id='word_1_214' title='bbox 212 644 249 671; x_wconf 87' lang='lat' dir='ltr'>eis</span> <span class='ocrx_word' id='word_1_215' title='bbox 261 652 312 678; x_wconf 88' lang='lat' dir='ltr'>pro</span> <span class='ocrx_word' id='word_1_216' title='bbox 327 641 419 670; x_wconf 87' lang='lat' dir='ltr'>tritico</span> <span class='ocrx_word' id='word_1_217' title='bbox 432 639 560 668; x_wconf 84' lang='lat' dir='ltr'>demenso</span> <span class='ocrx_word' id='word_1_218' title='bbox 574 647 647 668; x_wconf 85' lang='lat' dir='ltr'>extra</span> <span class='ocrx_word' id='word_1_219' title='bbox 661 639 760 667; x_wconf 88' lang='lat' dir='ltr'>vallum</span> <span class='ocrx_word' id='word_1_220' title='bbox 775 639 998 674; x_wconf 83' lang='lat' dir='ltr'>munimentaque</span> <span class='ocrx_word' id='word_1_221' title='bbox 1012 639 1121 665; x_wconf 85' lang='lat' dir='ltr'>tendere</span> <span class='ocrx_word' id='word_1_222' title='bbox 1135 637 1219 673; x_wconf 84' lang='lat' dir='ltr'>jubet.</span> <span class='ocrx_word' id='word_1_223' title='bbox 1262 639 1335 675; x_wconf 84' lang='lat' dir='ltr'>Ergo</span> <span class='ocrx_word' id='word_1_224' title='bbox 1347 640 1466 675; x_wconf 85' lang='lat' dir='ltr'>periculo</span> <span class='ocrx_word' id='word_1_225' title='bbox 1487 650 1516 668; x_wconf 87' lang='lat' dir='ltr'>ac</span> <span class='ocrx_word' id='word_1_226' title='bbox 1531 641 1609 670; x_wconf 84' lang='lat' dir='ltr'>sortis</span> <span class='ocrx_word' id='word_1_227' title='bbox 1629 644 1684 671; x_wconf 89' lang='lat' dir='ltr'>for-</span> 
     </span>
     <span class='ocr_line' id='line_1_16' title="bbox 96 675 1682 718; baseline -0.001 -8"><span class='ocrx_word' id='word_1_228' title='bbox 96 682 200 710; x_wconf 90' lang='lat' dir='ltr'>midine</span> <span class='ocrx_word' id='word_1_229' title='bbox 219 679 292 718; x_wconf 74' lang='lat' dir='ltr'>aeque</span> <span class='ocrx_word' id='word_1_230' title='bbox 306 679 432 707; x_wconf 86' lang='lat' dir='ltr'>omnibus</span> <span class='ocrx_word' id='word_1_231' title='bbox 445 679 607 707; x_wconf 85' lang='lat' dir='ltr'>imminente</span> <span class='ocrx_word' id='word_1_232' title='bbox 619 699 627 710; x_wconf 93' lang='lat'>‚</span> <span class='ocrx_word' id='word_1_233' title='bbox 648 677 866 715; x_wconf 85' lang='lat' dir='ltr'>quandoquidem</span> <span class='ocrx_word' id='word_1_234' title='bbox 882 675 953 703; x_wconf 65' lang='lat' dir='ltr'>caius</span> <span class='ocrx_word' id='word_1_235' title='bbox 975 676 1002 702; x_wconf 91' lang='lat' dir='ltr'>in</span> <span class='ocrx_word' id='word_1_236' title='bbox 1023 676 1127 704; x_wconf 85' lang='lat' dir='ltr'>incerto</span> <span class='ocrx_word' id='word_1_237' title='bbox 1140 675 1171 702; x_wconf 86' lang='lat' dir='ltr'>fit</span> <span class='ocrx_word' id='word_1_238' title='bbox 1181 696 1188 707; x_wconf 93' lang='lat'>,</span> <span class='ocrx_word' id='word_1_239' title='bbox 1218 677 1343 714; x_wconf 79' lang='lat' dir='ltr'>exemplo</span> <span class='ocrx_word' id='word_1_240' title='bbox 1356 686 1447 705; x_wconf 87' lang='lat' dir='ltr'>autem</span> <span class='ocrx_word' id='word_1_241' title='bbox 1462 679 1517 706; x_wconf 83' lang='lat' dir='ltr'>dati</span> <span class='ocrx_word' id='word_1_242' title='bbox 1537 679 1631 708; x_wconf 90' lang='lat' dir='ltr'>hordei</span> <span class='ocrx_word' id='word_1_243' title='bbox 1647 682 1682 710; x_wconf 85' lang='lat' dir='ltr'>ad</span> 
     </span>
     <span class='ocr_line' id='line_1_17' title="bbox 97 713 1681 757; baseline 0.001 -11"><span class='ocrx_word' id='word_1_244' title='bbox 97 721 204 748; x_wconf 87' lang='lat' dir='ltr'>omneis</span> <span class='ocrx_word' id='word_1_245' title='bbox 225 719 375 756; x_wconf 73' lang='lat' dir='ltr'>pertinente</span> <span class='ocrx_word' id='word_1_246' title='bbox 392 738 399 749; x_wconf 94' lang='lat'>,</span> <span class='ocrx_word' id='word_1_247' title='bbox 427 717 454 745; x_wconf 91' lang='lat' dir='ltr'>id</span> <span class='ocrx_word' id='word_1_248' title='bbox 473 717 546 754; x_wconf 87' lang='lat' dir='ltr'>quod</span> <span class='ocrx_word' id='word_1_249' title='bbox 566 717 602 744; x_wconf 91' lang='lat' dir='ltr'>est</span> <span class='ocrx_word' id='word_1_250' title='bbox 617 724 754 753; x_wconf 83' lang='lat' dir='ltr'>receptum</span> <span class='ocrx_word' id='word_1_251' title='bbox 769 713 960 743; x_wconf 86' lang='lat' dir='ltr'>consuetudine</span> <span class='ocrx_word' id='word_1_252' title='bbox 972 733 981 747; x_wconf 87' lang='lat'>‚</span> <span class='ocrx_word' id='word_1_253' title='bbox 1002 713 1065 742; x_wconf 85' lang='lat' dir='ltr'>facit</span> <span class='ocrx_word' id='word_1_254' title='bbox 1079 713 1185 749; x_wconf 86' lang='lat' dir='ltr'>insuper</span> <span class='ocrx_word' id='word_1_255' title='bbox 1204 715 1235 742; x_wconf 86' lang='lat' dir='ltr'>ad</span> <span class='ocrx_word' id='word_1_256' title='bbox 1253 722 1385 743; x_wconf 83' lang='lat' dir='ltr'>terrorem</span> <span class='ocrx_word' id='word_1_257' title='bbox 1399 735 1407 746; x_wconf 86' lang='lat'><em>,</em></span> <span class='ocrx_word' id='word_1_258' title='bbox 1428 717 1681 757; x_wconf 69' lang='lat' dir='ltr'>correctionemque</span> 
     </span>
     <span class='ocr_line' id='line_1_18' title="bbox 99 754 571 792; baseline -0.013 -5"><span class='ocrx_word' id='word_1_259' title='bbox 99 758 271 786; x_wconf 69' lang='lat' dir='ltr'>delictorum.</span> <span class='ocrx_word' id='word_1_260' title='bbox 300 755 435 784; x_wconf 65' lang='lat' dir='ltr'>Hastenus</span> <span class='ocrx_word' id='word_1_261' title='bbox 449 754 571 792; x_wconf 75' lang='lat' dir='ltr'>Polybius.</span> 
     </span>
    </p>

    <p class='ocr_par' dir='ltr' id='par_1_3' title="bbox 83 789 1682 1671">
     <span class='ocr_line' id='line_1_19' title="bbox 135 789 1682 833; baseline -0.002 -9"><span class='ocrx_word' id='word_1_262' title='bbox 135 795 357 833; x_wconf 78' lang='lat' dir='ltr'>Antiquiffimum</span> <span class='ocrx_word' id='word_1_263' title='bbox 371 791 541 821; x_wconf 64' lang='lat' dir='ltr'>decimationis</span> <span class='ocrx_word' id='word_1_264' title='bbox 554 792 709 830; x_wconf 84' lang='lat' dir='ltr'>exemplum</span> <span class='ocrx_word' id='word_1_265' title='bbox 723 798 796 820; x_wconf 82' lang='lat' dir='ltr'>extat</span> <span class='ocrx_word' id='word_1_266' title='bbox 810 792 879 828; x_wconf 88' lang='lat' dir='ltr'>apud</span> <span class='ocrx_word' id='word_1_267' title='bbox 894 792 1011 820; x_wconf 67' lang='lat' dir='ltr'>Livium,</span> <span class='ocrx_word' id='word_1_268' title='bbox 1034 789 1067 818; x_wconf 88' lang='lat' dir='ltr'>ab</span> <span class='ocrx_word' id='word_1_269' title='bbox 1081 790 1169 827; x_wconf 84' lang='lat' dir='ltr'>Appio</span> <span class='ocrx_word' id='word_1_270' title='bbox 1185 789 1299 818; x_wconf 80' lang='lat' dir='ltr'>Claudio</span> <span class='ocrx_word' id='word_1_271' title='bbox 1313 791 1428 821; x_wconf 88' lang='lat' dir='ltr'>Consule</span> <span class='ocrx_word' id='word_1_272' title='bbox 1441 813 1448 824; x_wconf 92' lang='lat'><strong><em>‚</em></strong></span> <span class='ocrx_word' id='word_1_273' title='bbox 1470 794 1626 824; x_wconf 85' lang='lat' dir='ltr'>ferociffimi</span> <span class='ocrx_word' id='word_1_274' title='bbox 1639 797 1682 826; x_wconf 66' lang='lat' dir='ltr'>in-‘</span> 
     </span>
     <span class='ocr_line' id='line_1_20' title="bbox 95 829 1679 873; baseline -0.002 -10"><span class='ocrx_word' id='word_1_275' title='bbox 95 836 168 873; x_wconf 84' lang='lat' dir='ltr'>genii</span> <span class='ocrx_word' id='word_1_276' title='bbox 185 836 244 862; x_wconf 88' lang='lat' dir='ltr'>viro</span> <span class='ocrx_word' id='word_1_277' title='bbox 256 854 264 865; x_wconf 89' lang='lat'>,</span> <span class='ocrx_word' id='word_1_278' title='bbox 286 835 418 861; x_wconf 87' lang='lat' dir='ltr'>incertum</span> <span class='ocrx_word' id='word_1_279' title='bbox 432 851 440 861; x_wconf 87' lang='lat'><em>,</em></span> <span class='ocrx_word' id='word_1_280' title='bbox 461 841 494 858; x_wconf 87' lang='lat' dir='ltr'>an</span> <span class='ocrx_word' id='word_1_281' title='bbox 507 832 627 868; x_wconf 87' lang='lat' dir='ltr'>primum</span> <span class='ocrx_word' id='word_1_282' title='bbox 640 832 742 859; x_wconf 89' lang='lat' dir='ltr'>editum</span> <span class='ocrx_word' id='word_1_283' title='bbox 752 851 766 862; x_wconf 30' lang='grc' dir='ltr'>Δ,</span> <span class='ocrx_word' id='word_1_284' title='bbox 786 839 842 857; x_wconf 91' lang='lat' dir='ltr'>non</span> <span class='ocrx_word' id='word_1_285' title='bbox 858 829 949 858; x_wconf 86' lang='lat' dir='ltr'>multis</span> <span class='ocrx_word' id='word_1_286' title='bbox 962 829 1021 865; x_wconf 87' lang='lat' dir='ltr'>post</span> <span class='ocrx_word' id='word_1_287' title='bbox 1035 830 1124 865; x_wconf 73' lang='lat' dir='ltr'>Reges</span> <span class='ocrx_word' id='word_1_288' title='bbox 1137 829 1243 856; x_wconf 64' lang='lat' dir='ltr'>exauos</span> <span class='ocrx_word' id='word_1_289' title='bbox 1257 830 1340 857; x_wconf 83' lang='lat' dir='ltr'>annis.</span> <span class='ocrx_word' id='word_1_290' title='bbox 1379 830 1469 859; x_wconf 83' lang='lat' dir='ltr'>Verba</span> <span class='ocrx_word' id='word_1_291' title='bbox 1484 831 1555 859; x_wconf 72' lang='lat' dir='ltr'>Livii</span> <span class='ocrx_word' id='word_1_292' title='bbox 1571 833 1639 862; x_wconf 81' lang='lat' dir='ltr'>libro</span> <span class='ocrx_word' id='word_1_293' title='bbox 1653 842 1679 862; x_wconf 85' lang='lat'>2.</span> 
     </span>
     <span class='ocr_line' id='line_1_21' title="bbox 94 865 1682 906; baseline -0.001 -5"><span class='ocrx_word' id='word_1_294' title='bbox 94 873 154 901; x_wconf 78' lang='lat' dir='ltr'>filnt</span> <span class='ocrx_word' id='word_1_295' title='bbox 168 874 233 901; x_wconf 79' lang='lat' dir='ltr'>haec:</span> <span class='ocrx_word' id='word_1_296' title='bbox 252 871 345 906; x_wconf 80' lang='lat' dir='ltr'>Appius</span> <span class='ocrx_word' id='word_1_297' title='bbox 361 869 487 897; x_wconf 68' lang='lat' dir='ltr'>Claudias</span> <span class='ocrx_word' id='word_1_298' title='bbox 499 869 591 903; x_wconf 74' lang='lat' dir='ltr'>Conficl</span> <span class='ocrx_word' id='word_1_299' title='bbox 600 869 728 897; x_wconf 86' lang='lat' dir='ltr'>advocata</span> <span class='ocrx_word' id='word_1_300' title='bbox 738 869 868 896; x_wconf 87' lang='lat' dir='ltr'>concione</span> <span class='ocrx_word' id='word_1_301' title='bbox 879 867 998 896; x_wconf 65' lang='lat' dir='ltr'>invectus</span> <span class='ocrx_word' id='word_1_302' title='bbox 1011 865 1081 895; x_wconf 89' lang='lat' dir='ltr'>haud</span> <span class='ocrx_word' id='word_1_303' title='bbox 1095 866 1160 894; x_wconf 80' lang='lat' dir='ltr'>falso</span> <span class='ocrx_word' id='word_1_304' title='bbox 1173 868 1200 894; x_wconf 90' lang='lat' dir='ltr'>in</span> <span class='ocrx_word' id='word_1_305' title='bbox 1212 868 1382 903; x_wconf 85' lang='lat' dir='ltr'>proditorem</span> <span class='ocrx_word' id='word_1_306' title='bbox 1396 870 1545 898; x_wconf 85' lang='lat' dir='ltr'>exercitum</span> <span class='ocrx_word' id='word_1_307' title='bbox 1559 872 1682 901; x_wconf 84' lang='lat' dir='ltr'>militaris</span> 
     </span>
     <span class='ocr_line' id='line_1_22' title="bbox 95 905 1679 947; baseline -0.002 -8"><span class='ocrx_word' id='word_1_308' title='bbox 95 911 247 947; x_wconf 85' lang='lat' dir='ltr'>disciplinae‚</span> <span class='ocrx_word' id='word_1_309' title='bbox 268 909 432 937; x_wconf 85' lang='lat' dir='ltr'>desertorem</span> <span class='ocrx_word' id='word_1_310' title='bbox 447 907 600 945; x_wconf 80' lang='lat' dir='ltr'>signorum,</span> <span class='ocrx_word' id='word_1_311' title='bbox 621 906 666 934; x_wconf 91' lang='lat' dir='ltr'>ubi</span> <span class='ocrx_word' id='word_1_312' title='bbox 679 906 764 945; x_wconf 74' lang='lat' dir='ltr'>ligna.</span> <span class='ocrx_word' id='word_1_313' title='bbox 785 905 830 934; x_wconf 91' lang='lat' dir='ltr'>ubi</span> <span class='ocrx_word' id='word_1_314' title='bbox 843 916 918 934; x_wconf 86' lang='lat' dir='ltr'>arma</span> <span class='ocrx_word' id='word_1_315' title='bbox 930 905 1026 936; x_wconf 67' lang='lat' dir='ltr'>eliens,</span> <span class='ocrx_word' id='word_1_316' title='bbox 1048 905 1163 942; x_wconf 82' lang='lat' dir='ltr'>fingulos</span> <span class='ocrx_word' id='word_1_317' title='bbox 1177 906 1296 942; x_wconf 77' lang='lat' dir='ltr'>rogitans</span> <span class='ocrx_word' id='word_1_318' title='bbox 1310 927 1317 938; x_wconf 91' lang='lat'>‚</span> <span class='ocrx_word' id='word_1_319' title='bbox 1338 907 1454 934; x_wconf 88' lang='lat' dir='ltr'>inermes</span> <span class='ocrx_word' id='word_1_320' title='bbox 1469 908 1583 941; x_wconf 84' lang='lat' dir='ltr'>milites,</span> <span class='ocrx_word' id='word_1_321' title='bbox 1603 910 1679 947; x_wconf 81' lang='lat' dir='ltr'>{igno</span> 
     </span>
     <span class='ocr_line' id='line_1_23' title="bbox 95 943 1679 984; baseline -0.001 -7"><span class='ocrx_word' id='word_1_322' title='bbox 95 949 190 977; x_wconf 75' lang='lat' dir='ltr'>amisso</span> <span class='ocrx_word' id='word_1_323' title='bbox 204 947 357 984; x_wconf 67' lang='lat' dir='ltr'>signiferos,</span> <span class='ocrx_word' id='word_1_324' title='bbox 379 947 411 974; x_wconf 87' lang='lat' dir='ltr'>ad</span> <span class='ocrx_word' id='word_1_325' title='bbox 425 946 477 974; x_wconf 91' lang='lat' dir='ltr'>hoc</span> <span class='ocrx_word' id='word_1_326' title='bbox 488 945 654 978; x_wconf 73' lang='lat' dir='ltr'>centuriones,</span> <span class='ocrx_word' id='word_1_327' title='bbox 675 944 898 983; x_wconf 81' lang='lat' dir='ltr'>duplicariosque,</span> <span class='ocrx_word' id='word_1_328' title='bbox 927 945 971 980; x_wconf 85' lang='lat' dir='ltr'>qui</span> <span class='ocrx_word' id='word_1_329' title='bbox 984 943 1145 980; x_wconf 78' lang='lat' dir='ltr'>reliquerant</span> <span class='ocrx_word' id='word_1_330' title='bbox 1157 944 1264 971; x_wconf 81' lang='lat' dir='ltr'>ordines</span> <span class='ocrx_word' id='word_1_331' title='bbox 1277 965 1285 977; x_wconf 91' lang='lat'><strong><em>,</em></strong></span> <span class='ocrx_word' id='word_1_332' title='bbox 1306 943 1381 982; x_wconf 63' lang='lat' dir='ltr'>virgis</span> <span class='ocrx_word' id='word_1_333' title='bbox 1395 946 1458 979; x_wconf 60' lang='lat' dir='ltr'>cados</span> <span class='ocrx_word' id='word_1_334' title='bbox 1470 946 1554 975; x_wconf 87' lang='lat' dir='ltr'>securi</span> <span class='ocrx_word' id='word_1_335' title='bbox 1571 949 1679 984; x_wconf 87' lang='lat' dir='ltr'>percus-</span> 
     </span>
     <span class='ocr_line' id='line_1_24' title="bbox 92 982 1681 1024; baseline -0.001 -8"><span class='ocrx_word' id='word_1_336' title='bbox 92 987 124 1016; x_wconf 77' lang='lat' dir='ltr'>iit</span> <span class='ocrx_word' id='word_1_337' title='bbox 137 1008 144 1019; x_wconf 83' lang='lat'>‚</span> <span class='ocrx_word' id='word_1_338' title='bbox 164 994 258 1014; x_wconf 83' lang='lat' dir='ltr'>caetera</span> <span class='ocrx_word' id='word_1_339' title='bbox 271 985 416 1014; x_wconf 80' lang='lat' dir='ltr'>multitudo</span> <span class='ocrx_word' id='word_1_340' title='bbox 430 1006 437 1018; x_wconf 80' lang='grc'>,</span> <span class='ocrx_word' id='word_1_341' title='bbox 456 984 567 1013; x_wconf 78' lang='lat' dir='ltr'>decimus</span> <span class='ocrx_word' id='word_1_342' title='bbox 580 984 684 1024; x_wconf 79' lang='lat' dir='ltr'>quisque</span> <span class='ocrx_word' id='word_1_343' title='bbox 697 985 730 1012; x_wconf 86' lang='lat' dir='ltr'>ad</span> <span class='ocrx_word' id='word_1_344' title='bbox 743 983 902 1021; x_wconf 60' lang='lat' dir='ltr'>supplicis-m</span> <span class='ocrx_word' id='word_1_345' title='bbox 916 982 989 1011; x_wconf 64' lang='lat' dir='ltr'>lecti.</span> <span class='ocrx_word' id='word_1_346' title='bbox 1030 982 1176 1010; x_wconf 84' lang='lat' dir='ltr'>Rationem</span> <span class='ocrx_word' id='word_1_347' title='bbox 1196 992 1284 1011; x_wconf 85' lang='lat' dir='ltr'>autem</span> <span class='ocrx_word' id='word_1_348' title='bbox 1300 982 1380 1020; x_wconf 89' lang='lat' dir='ltr'>hujus</span> <span class='ocrx_word' id='word_1_349' title='bbox 1402 985 1551 1022; x_wconf 80' lang='lat' dir='ltr'>exequendi</span> <span class='ocrx_word' id='word_1_350' title='bbox 1570 987 1681 1023; x_wconf 80' lang='lat' dir='ltr'>imperii</span> 
     </span>
     <span class='ocr_line' id='line_1_25' title="bbox 91 1021 1677 1062; baseline 0 -9"><span class='ocrx_word' id='word_1_351' title='bbox 91 1032 188 1062; x_wconf 82' lang='lat' dir='ltr'>praeter</span> <span class='ocrx_word' id='word_1_352' title='bbox 200 1023 343 1061; x_wconf 71' lang='lat' dir='ltr'>Polybium,</span> <span class='ocrx_word' id='word_1_353' title='bbox 366 1024 440 1060; x_wconf 87' lang='lat' dir='ltr'>cujus</span> <span class='ocrx_word' id='word_1_354' title='bbox 455 1023 535 1051; x_wconf 83' lang='lat' dir='ltr'>verba</span> <span class='ocrx_word' id='word_1_355' title='bbox 551 1033 582 1051; x_wconf 83' lang='lat' dir='ltr'>ex</span> <span class='ocrx_word' id='word_1_356' title='bbox 596 1023 665 1050; x_wconf 88' lang='lat' dir='ltr'>libro</span> <span class='ocrx_word' id='word_1_357' title='bbox 679 1026 705 1051; x_wconf 91' lang='lat'>6.</span> <span class='ocrx_word' id='word_1_358' title='bbox 726 1023 811 1050; x_wconf 86' lang='lat' dir='ltr'>modo</span> <span class='ocrx_word' id='word_1_359' title='bbox 827 1023 1012 1053; x_wconf 77' lang='lat' dir='ltr'>recitavimus,</span> <span class='ocrx_word' id='word_1_360' title='bbox 1025 1023 1106 1049; x_wconf 88' lang='lat' dir='ltr'>etiam</span> <span class='ocrx_word' id='word_1_361' title='bbox 1120 1021 1210 1050; x_wconf 71' lang='lat' dir='ltr'>Livius</span> <span class='ocrx_word' id='word_1_362' title='bbox 1223 1023 1348 1059; x_wconf 83' lang='lat' dir='ltr'>exponit,</span> <span class='ocrx_word' id='word_1_363' title='bbox 1368 1022 1414 1051; x_wconf 90' lang='lat' dir='ltr'>ubi</span> <span class='ocrx_word' id='word_1_364' title='bbox 1428 1023 1462 1050; x_wconf 87' lang='lat' dir='ltr'>de</span> <span class='ocrx_word' id='word_1_365' title='bbox 1478 1024 1603 1060; x_wconf 81' lang='lat' dir='ltr'>Scipione</span> <span class='ocrx_word' id='word_1_366' title='bbox 1617 1034 1677 1061; x_wconf 88' lang='lat' dir='ltr'>poe-</span> 
     </span>
     <span class='ocr_line' id='line_1_26' title="bbox 92 1059 1678 1098; baseline 0 -7"><span class='ocrx_word' id='word_1_367' title='bbox 92 1073 138 1092; x_wconf 88' lang='lat' dir='ltr'>nas</span> <span class='ocrx_word' id='word_1_368' title='bbox 151 1064 185 1091; x_wconf 93' lang='lat' dir='ltr'>de</span> <span class='ocrx_word' id='word_1_369' title='bbox 198 1062 322 1090; x_wconf 84' lang='lat' dir='ltr'>seditioso</span> <span class='ocrx_word' id='word_1_370' title='bbox 335 1063 453 1090; x_wconf 85' lang='lat' dir='ltr'>exercitu</span> <span class='ocrx_word' id='word_1_371' title='bbox 467 1062 536 1098; x_wconf 87' lang='lat' dir='ltr'>apud</span> <span class='ocrx_word' id='word_1_372' title='bbox 549 1065 683 1088; x_wconf 73' lang='lat' dir='ltr'>Sucronem</span> <span class='ocrx_word' id='word_1_373' title='bbox 693 1068 832 1098; x_wconf 79' lang='lat' dir='ltr'>repetente</span> <span class='ocrx_word' id='word_1_374' title='bbox 846 1062 882 1089; x_wconf 80' lang='lat' dir='ltr'>ita</span> <span class='ocrx_word' id='word_1_375' title='bbox 894 1059 994 1088; x_wconf 72' lang='lat' dir='ltr'>scribitz</span> <span class='ocrx_word' id='word_1_376' title='bbox 1018 1060 1149 1088; x_wconf 72' lang='lat' dir='ltr'>Praeconis</span> <span class='ocrx_word' id='word_1_377' title='bbox 1160 1059 1248 1088; x_wconf 83' lang='lat' dir='ltr'>audita</span> <span class='ocrx_word' id='word_1_378' title='bbox 1262 1070 1314 1088; x_wconf 86' lang='lat' dir='ltr'>vox</span> <span class='ocrx_word' id='word_1_379' title='bbox 1325 1062 1430 1089; x_wconf 88' lang='lat' dir='ltr'>citantis</span> <span class='ocrx_word' id='word_1_380' title='bbox 1444 1062 1555 1090; x_wconf 88' lang='lat' dir='ltr'>nomina</span> <span class='ocrx_word' id='word_1_381' title='bbox 1567 1064 1678 1092; x_wconf 81' lang='lat' dir='ltr'>damna-</span> 
     </span>
     <span class='ocr_line' id='line_1_27' title="bbox 93 1097 1676 1136; baseline 0 -7"><span class='ocrx_word' id='word_1_382' title='bbox 93 1108 184 1130; x_wconf 88' lang='lat' dir='ltr'>torum</span> <span class='ocrx_word' id='word_1_383' title='bbox 199 1102 227 1129; x_wconf 92' lang='lat' dir='ltr'>in</span> <span class='ocrx_word' id='word_1_384' title='bbox 241 1101 351 1129; x_wconf 84' lang='lat' dir='ltr'>consilio</span> <span class='ocrx_word' id='word_1_385' title='bbox 364 1121 370 1131; x_wconf 92' lang='lat'>‚</span> <span class='ocrx_word' id='word_1_386' title='bbox 391 1101 455 1128; x_wconf 85' lang='lat' dir='ltr'>nudi</span> <span class='ocrx_word' id='word_1_387' title='bbox 468 1101 496 1127; x_wconf 91' lang='lat' dir='ltr'>in</span> <span class='ocrx_word' id='word_1_388' title='bbox 509 1100 632 1127; x_wconf 90' lang='lat' dir='ltr'>medium</span> <span class='ocrx_word' id='word_1_389' title='bbox 647 1099 868 1136; x_wconf 77' lang='lat' dir='ltr'>protrahebantur</span> <span class='ocrx_word' id='word_1_390' title='bbox 881 1120 890 1131; x_wconf 92' lang='lat'><em>,</em></span> <span class='ocrx_word' id='word_1_391' title='bbox 912 1102 938 1127; x_wconf 65' lang='grc' dir='ltr'>ὃ(</span> <span class='ocrx_word' id='word_1_392' title='bbox 953 1097 1029 1125; x_wconf 70' lang='lat' dir='ltr'>{1¹qu</span> <span class='ocrx_word' id='word_1_393' title='bbox 1044 1099 1134 1125; x_wconf 87' lang='lat' dir='ltr'>omnis</span> <span class='ocrx_word' id='word_1_394' title='bbox 1153 1107 1290 1135; x_wconf 85' lang='lat' dir='ltr'>apparatus</span> <span class='ocrx_word' id='word_1_395' title='bbox 1307 1098 1431 1136; x_wconf 83' lang='lat' dir='ltr'>supplicii</span> <span class='ocrx_word' id='word_1_396' title='bbox 1449 1102 1676 1136; x_wconf 82' lang='lat' dir='ltr'>expromebatur‚</span> 
     </span>
     <span class='ocr_line' id='line_1_28' title="bbox 92 1136 1675 1178; baseline 0.001 -11"><span class='ocrx_word' id='word_1_397' title='bbox 92 1139 202 1178; x_wconf 86' lang='lat' dir='ltr'>deligati</span> <span class='ocrx_word' id='word_1_398' title='bbox 214 1139 247 1167; x_wconf 89' lang='lat' dir='ltr'>ad</span> <span class='ocrx_word' id='word_1_399' title='bbox 258 1139 364 1175; x_wconf 88' lang='lat' dir='ltr'>palum,</span> <span class='ocrx_word' id='word_1_400' title='bbox 384 1138 517 1176; x_wconf 57' lang='lat' dir='ltr'>virgiffiue</span> <span class='ocrx_word' id='word_1_401' title='bbox 530 1138 600 1170; x_wconf 82' lang='lat' dir='ltr'>caesi,</span> <span class='ocrx_word' id='word_1_402' title='bbox 621 1140 648 1166; x_wconf 72' lang='grc' dir='ltr'>ὃ(</span> <span class='ocrx_word' id='word_1_403' title='bbox 660 1137 742 1166; x_wconf 80' lang='lat' dir='ltr'>securi</span> <span class='ocrx_word' id='word_1_404' title='bbox 753 1137 874 1173; x_wconf 81' lang='lat' dir='ltr'>percussi.</span> <span class='ocrx_word' id='word_1_405' title='bbox 916 1138 972 1165; x_wconf 88' lang='lat' dir='ltr'>Cur</span> <span class='ocrx_word' id='word_1_406' title='bbox 985 1144 1075 1164; x_wconf 83' lang='lat' dir='ltr'>autern</span> <span class='ocrx_word' id='word_1_407' title='bbox 1089 1136 1222 1164; x_wconf 67' lang='lat' dir='ltr'>decimatio</span> <span class='ocrx_word' id='word_1_408' title='bbox 1235 1137 1352 1165; x_wconf 85' lang='lat' dir='ltr'>instituta</span> <span class='ocrx_word' id='word_1_409' title='bbox 1367 1137 1413 1169; x_wconf 80' lang='lat' dir='ltr'>fit,</span> <span class='ocrx_word' id='word_1_410' title='bbox 1436 1140 1571 1166; x_wconf 82' lang='lat' dir='ltr'>rationem</span> <span class='ocrx_word' id='word_1_411' title='bbox 1587 1140 1675 1168; x_wconf 89' lang='lat' dir='ltr'>reddit</span> 
     </span>
     <span class='ocr_line' id='line_1_29' title="bbox 91 1174 1679 1214; baseline 0.001 -9"><span class='ocrx_word' id='word_1_412' title='bbox 91 1176 175 1205; x_wconf 75' lang='lat' dir='ltr'>cicero</span> <span class='ocrx_word' id='word_1_413' title='bbox 188 1177 378 1214; x_wconf 75' lang='lat' dir='ltr'>elegantissime</span> <span class='ocrx_word' id='word_1_414' title='bbox 390 1186 441 1213; x_wconf 84' lang='lat' dir='ltr'>pro</span> <span class='ocrx_word' id='word_1_415' title='bbox 455 1176 594 1204; x_wconf 82' lang='lat' dir='ltr'>Cluentio:</span> <span class='ocrx_word' id='word_1_416' title='bbox 614 1178 781 1208; x_wconf 74' lang='lat' dir='ltr'>statuerunt,</span> <span class='ocrx_word' id='word_1_417' title='bbox 798 1176 893 1212; x_wconf 87' lang='lat' dir='ltr'>inquit,</span> <span class='ocrx_word' id='word_1_418' title='bbox 907 1176 943 1203; x_wconf 86' lang='lat' dir='ltr'>ita</span> <span class='ocrx_word' id='word_1_419' title='bbox 957 1174 1072 1210; x_wconf 83' lang='lat' dir='ltr'>majores</span> <span class='ocrx_word' id='word_1_420' title='bbox 1085 1176 1181 1207; x_wconf 90' lang='lat' dir='ltr'>nostri,</span> <span class='ocrx_word' id='word_1_421' title='bbox 1202 1182 1232 1203; x_wconf 93' lang='lat' dir='ltr'>ut</span> <span class='ocrx_word' id='word_1_422' title='bbox 1245 1175 1263 1202; x_wconf 89' lang='lat' dir='ltr'>fi</span> <span class='ocrx_word' id='word_1_423' title='bbox 1279 1174 1292 1202; x_wconf 70' lang='lat' dir='ltr'>a</span> <span class='ocrx_word' id='word_1_424' title='bbox 1307 1175 1399 1203; x_wconf 86' lang='lat' dir='ltr'>multis</span> <span class='ocrx_word' id='word_1_425' title='bbox 1413 1176 1476 1204; x_wconf 81' lang='lat' dir='ltr'>effet</span> <span class='ocrx_word' id='word_1_426' title='bbox 1489 1177 1622 1214; x_wconf 83' lang='lat' dir='ltr'>flagitium</span> <span class='ocrx_word' id='word_1_427' title='bbox 1640 1179 1679 1206; x_wconf 86' lang='lat' dir='ltr'>rei</span> 
     </span>
     <span class='ocr_line' id='line_1_30' title="bbox 92 1214 1679 1251; baseline 0.001 -8"><span class='ocrx_word' id='word_1_428' title='bbox 92 1216 215 1245; x_wconf 79' lang='lat' dir='ltr'>militaris</span> <span class='ocrx_word' id='word_1_429' title='bbox 226 1215 368 1243; x_wconf 63' lang='lat' dir='ltr'>admixtum</span> <span class='ocrx_word' id='word_1_430' title='bbox 382 1236 392 1247; x_wconf 91' lang='lat'><em>‚</em></span> <span class='ocrx_word' id='word_1_431' title='bbox 419 1215 560 1243; x_wconf 88' lang='lat' dir='ltr'>sortitione</span> <span class='ocrx_word' id='word_1_432' title='bbox 578 1215 606 1242; x_wconf 88' lang='lat' dir='ltr'>in</span> <span class='ocrx_word' id='word_1_433' title='bbox 619 1214 746 1251; x_wconf 81' lang='lat' dir='ltr'>quosdam</span> <span class='ocrx_word' id='word_1_434' title='bbox 762 1215 1021 1242; x_wconf 86' lang='lat' dir='ltr'>animadverteretur</span> <span class='ocrx_word' id='word_1_435' title='bbox 1035 1235 1041 1244; x_wconf 92' lang='lat'>,</span> <span class='ocrx_word' id='word_1_436' title='bbox 1069 1220 1096 1241; x_wconf 90' lang='lat' dir='ltr'>ut</span> <span class='ocrx_word' id='word_1_437' title='bbox 1112 1221 1198 1241; x_wconf 86' lang='lat' dir='ltr'>metus</span> <span class='ocrx_word' id='word_1_438' title='bbox 1213 1214 1335 1242; x_wconf 86' lang='lat' dir='ltr'>videlicet</span> <span class='ocrx_word' id='word_1_439' title='bbox 1353 1214 1385 1242; x_wconf 87' lang='lat' dir='ltr'>ad</span> <span class='ocrx_word' id='word_1_440' title='bbox 1399 1224 1496 1242; x_wconf 83' lang='lat' dir='ltr'>omnes</span> <span class='ocrx_word' id='word_1_441' title='bbox 1507 1236 1513 1246; x_wconf 92' lang='lat'>,</span> <span class='ocrx_word' id='word_1_442' title='bbox 1542 1224 1621 1251; x_wconf 81' lang='lat' dir='ltr'>poena</span> <span class='ocrx_word' id='word_1_443' title='bbox 1642 1216 1679 1244; x_wconf 81' lang='lat' dir='ltr'>ad</span> 
     </span>
     <span class='ocr_line' id='line_1_31' title="bbox 89 1251 1676 1290; baseline 0 -8"><span class='ocrx_word' id='word_1_444' title='bbox 89 1263 188 1290; x_wconf 84' lang='lat' dir='ltr'>paucos</span> <span class='ocrx_word' id='word_1_445' title='bbox 206 1255 366 1290; x_wconf 88' lang='lat' dir='ltr'>perveniret.</span> <span class='ocrx_word' id='word_1_446' title='bbox 406 1254 481 1280; x_wconf 85' lang='lat' dir='ltr'>Nam</span> <span class='ocrx_word' id='word_1_447' title='bbox 500 1253 576 1280; x_wconf 88' lang='lat' dir='ltr'>miles</span> <span class='ocrx_word' id='word_1_448' title='bbox 588 1273 594 1284; x_wconf 86' lang='lat'>‚</span> <span class='ocrx_word' id='word_1_449' title='bbox 622 1253 668 1290; x_wconf 87' lang='lat' dir='ltr'>qui</span> <span class='ocrx_word' id='word_1_450' title='bbox 686 1252 778 1280; x_wconf 87' lang='lat' dir='ltr'>locum</span> <span class='ocrx_word' id='word_1_451' title='bbox 799 1262 853 1280; x_wconf 92' lang='lat' dir='ltr'>non</span> <span class='ocrx_word' id='word_1_452' title='bbox 873 1253 960 1280; x_wconf 86' lang='lat' dir='ltr'>tenuit</span> <span class='ocrx_word' id='word_1_453' title='bbox 972 1271 979 1282; x_wconf 93' lang='lat'><em>‚</em></span> <span class='ocrx_word' id='word_1_454' title='bbox 1007 1252 1052 1287; x_wconf 91' lang='lat' dir='ltr'>qui</span> <span class='ocrx_word' id='word_1_455' title='bbox 1072 1251 1188 1279; x_wconf 81' lang='lat' dir='ltr'>hostium</span> <span class='ocrx_word' id='word_1_456' title='bbox 1208 1252 1343 1287; x_wconf 82' lang='lat' dir='ltr'>impetum</span> <span class='ocrx_word' id='word_1_457' title='bbox 1358 1272 1365 1283; x_wconf 91' lang='lat'><strong><em>,</em></strong></span> <span class='ocrx_word' id='word_1_458' title='bbox 1388 1253 1497 1289; x_wconf 86' lang='lat' dir='ltr'>vimque</span> <span class='ocrx_word' id='word_1_459' title='bbox 1517 1255 1676 1290; x_wconf 83' lang='lat' dir='ltr'>pertimuit,</span> 
     </span>
     <span class='ocr_line' id='line_1_32' title="bbox 91 1289 1673 1329; baseline 0 -9"><span class='ocrx_word' id='word_1_460' title='bbox 91 1293 178 1329; x_wconf 87' lang='lat' dir='ltr'>potest</span> <span class='ocrx_word' id='word_1_461' title='bbox 196 1293 269 1319; x_wconf 90' lang='lat' dir='ltr'>idem</span> <span class='ocrx_word' id='word_1_462' title='bbox 289 1291 378 1328; x_wconf 68' lang='lat' dir='ltr'>postea</span> <span class='ocrx_word' id='word_1_463' title='bbox 398 1293 424 1319; x_wconf 75' lang='lat' dir='ltr'>Sc</span> <span class='ocrx_word' id='word_1_464' title='bbox 443 1291 509 1318; x_wconf 89' lang='lat' dir='ltr'>civis</span> <span class='ocrx_word' id='word_1_465' title='bbox 528 1291 579 1318; x_wconf 85' lang='lat' dir='ltr'>esse</span> <span class='ocrx_word' id='word_1_466' title='bbox 599 1290 696 1317; x_wconf 89' lang='lat' dir='ltr'>melior</span> <span class='ocrx_word' id='word_1_467' title='bbox 715 1293 742 1319; x_wconf 85' lang='lat'>&amp;</span> <span class='ocrx_word' id='word_1_468' title='bbox 763 1291 803 1318; x_wconf 90' lang='lat' dir='ltr'>vir</span> <span class='ocrx_word' id='word_1_469' title='bbox 821 1290 924 1321; x_wconf 88' lang='lat' dir='ltr'>bonus,</span> <span class='ocrx_word' id='word_1_470' title='bbox 956 1291 983 1317; x_wconf 87' lang='lat'>&amp;</span> <span class='ocrx_word' id='word_1_471' title='bbox 1004 1289 1069 1317; x_wconf 74' lang='lat' dir='ltr'>civis</span> <span class='ocrx_word' id='word_1_472' title='bbox 1090 1290 1176 1317; x_wconf 83' lang='lat' dir='ltr'>utilis:</span> <span class='ocrx_word' id='word_1_473' title='bbox 1205 1298 1286 1326; x_wconf 81' lang='lat' dir='ltr'>quare</span> <span class='ocrx_word' id='word_1_474' title='bbox 1305 1299 1339 1317; x_wconf 89' lang='lat' dir='ltr'>ne</span> <span class='ocrx_word' id='word_1_475' title='bbox 1358 1290 1385 1317; x_wconf 89' lang='lat' dir='ltr'>in</span> <span class='ocrx_word' id='word_1_476' title='bbox 1405 1290 1475 1318; x_wconf 91' lang='lat' dir='ltr'>bello</span> <span class='ocrx_word' id='word_1_477' title='bbox 1494 1300 1604 1328; x_wconf 84' lang='lat' dir='ltr'>propter</span> <span class='ocrx_word' id='word_1_478' title='bbox 1623 1293 1673 1320; x_wconf 88' lang='lat' dir='ltr'>ho-</span> 
     </span>
     <span class='ocr_line' id='line_1_33' title="bbox 90 1327 1674 1366; baseline 0.001 -9"><span class='ocrx_word' id='word_1_479' title='bbox 90 1330 170 1357; x_wconf 87' lang='lat' dir='ltr'>stium</span> <span class='ocrx_word' id='word_1_480' title='bbox 184 1336 290 1357; x_wconf 89' lang='lat' dir='ltr'>metum</span> <span class='ocrx_word' id='word_1_481' title='bbox 304 1330 470 1366; x_wconf 85' lang='lat' dir='ltr'>delinqueret</span> <span class='ocrx_word' id='word_1_482' title='bbox 483 1350 490 1360; x_wconf 92' lang='lat'>‚</span> <span class='ocrx_word' id='word_1_483' title='bbox 511 1329 626 1364; x_wconf 84' lang='lat' dir='ltr'>amplior</span> <span class='ocrx_word' id='word_1_484' title='bbox 639 1329 664 1356; x_wconf 80' lang='lat' dir='ltr'>ei</span> <span class='ocrx_word' id='word_1_485' title='bbox 677 1329 774 1356; x_wconf 83' lang='lat' dir='ltr'>mortis</span> <span class='ocrx_word' id='word_1_486' title='bbox 788 1331 815 1357; x_wconf 74' lang='grc' dir='ltr'>δι</span> <span class='ocrx_word' id='word_1_487' title='bbox 828 1328 948 1366; x_wconf 79' lang='lat' dir='ltr'>fiipplicii</span> <span class='ocrx_word' id='word_1_488' title='bbox 963 1335 1051 1354; x_wconf 88' lang='lat' dir='ltr'>metus</span> <span class='ocrx_word' id='word_1_489' title='bbox 1070 1328 1106 1354; x_wconf 84' lang='lat' dir='ltr'>est</span> <span class='ocrx_word' id='word_1_490' title='bbox 1119 1327 1132 1354; x_wconf 70' lang='grc' dir='ltr'>ὲ</span> <span class='ocrx_word' id='word_1_491' title='bbox 1153 1327 1300 1363; x_wconf 85' lang='lat' dir='ltr'>majoribus</span> <span class='ocrx_word' id='word_1_492' title='bbox 1316 1329 1481 1357; x_wconf 81' lang='lat' dir='ltr'>constitutus.</span> <span class='ocrx_word' id='word_1_493' title='bbox 1525 1330 1569 1357; x_wconf 74' lang='lat' dir='ltr'>Ne</span> <span class='ocrx_word' id='word_1_494' title='bbox 1582 1338 1674 1358; x_wconf 86' lang='lat' dir='ltr'>autem</span> 
     </span>
     <span class='ocr_line' id='line_1_34' title="bbox 90 1365 1676 1406; baseline 0.001 -11"><span class='ocrx_word' id='word_1_495' title='bbox 90 1369 209 1395; x_wconf 85' lang='lat' dir='ltr'>nimium</span> <span class='ocrx_word' id='word_1_496' title='bbox 227 1368 304 1396; x_wconf 90' lang='lat' dir='ltr'>multi</span> <span class='ocrx_word' id='word_1_497' title='bbox 316 1376 426 1404; x_wconf 82' lang='lat' dir='ltr'>poenam</span> <span class='ocrx_word' id='word_1_498' title='bbox 441 1367 534 1403; x_wconf 87' lang='lat' dir='ltr'>capitis</span> <span class='ocrx_word' id='word_1_499' title='bbox 547 1367 663 1394; x_wconf 88' lang='lat' dir='ltr'>subirent</span> <span class='ocrx_word' id='word_1_500' title='bbox 676 1387 683 1398; x_wconf 97' lang='lat'><strong><em>‚</em></strong></span> <span class='ocrx_word' id='word_1_501' title='bbox 703 1367 802 1394; x_wconf 89' lang='lat' dir='ltr'>iccirco</span> <span class='ocrx_word' id='word_1_502' title='bbox 815 1367 856 1395; x_wconf 89' lang='lat' dir='ltr'>illa</span> <span class='ocrx_word' id='word_1_503' title='bbox 859 1366 964 1402; x_wconf 66' lang='lat' dir='ltr'>firmio</span> <span class='ocrx_word' id='word_1_504' title='bbox 979 1373 1133 1402; x_wconf 79' lang='lat' dir='ltr'>comparata</span> <span class='ocrx_word' id='word_1_505' title='bbox 1152 1366 1196 1393; x_wconf 88' lang='lat' dir='ltr'>est.</span> <span class='ocrx_word' id='word_1_506' title='bbox 1234 1367 1276 1393; x_wconf 93' lang='lat' dir='ltr'>De</span> <span class='ocrx_word' id='word_1_507' title='bbox 1289 1374 1356 1392; x_wconf 80' lang='lat' dir='ltr'>cruce</span> <span class='ocrx_word' id='word_1_508' title='bbox 1370 1365 1460 1394; x_wconf 74' lang='lat' dir='ltr'>Livim</span> <span class='ocrx_word' id='word_1_509' title='bbox 1475 1366 1544 1394; x_wconf 92' lang='lat' dir='ltr'>libro</span> <span class='ocrx_word' id='word_1_510' title='bbox 1561 1378 1604 1406; x_wconf 87' lang='lat'>30.</span> <span class='ocrx_word' id='word_1_511' title='bbox 1632 1370 1676 1397; x_wconf 90' lang='lat' dir='ltr'>De</span> 
     </span>
     <span class='ocr_line' id='line_1_35' title="bbox 83 1403 1676 1443; baseline 0.001 -11"><span class='ocrx_word' id='word_1_512' title='bbox 83 1404 197 1443; x_wconf 58' lang='lat' dir='ltr'>perfugis</span> <span class='ocrx_word' id='word_1_513' title='bbox 208 1407 315 1442; x_wconf 83' lang='lat' dir='ltr'>gravius</span> <span class='ocrx_word' id='word_1_514' title='bbox 327 1426 334 1437; x_wconf 89' lang='lat'><em>‚</em></span> <span class='ocrx_word' id='word_1_515' title='bbox 355 1415 435 1443; x_wconf 87' lang='lat' dir='ltr'>quam</span> <span class='ocrx_word' id='word_1_516' title='bbox 449 1406 482 1433; x_wconf 91' lang='lat' dir='ltr'>de</span> <span class='ocrx_word' id='word_1_517' title='bbox 496 1404 613 1441; x_wconf 80' lang='lat' dir='ltr'>fugitivis</span> <span class='ocrx_word' id='word_1_518' title='bbox 627 1403 788 1433; x_wconf 88' lang='lat' dir='ltr'>consultum.</span> <span class='ocrx_word' id='word_1_519' title='bbox 829 1405 958 1432; x_wconf 64' lang='lat' dir='ltr'>Nominis</span> <span class='ocrx_word' id='word_1_520' title='bbox 970 1403 1060 1431; x_wconf 82' lang='lat' dir='ltr'>Latini</span> <span class='ocrx_word' id='word_1_521' title='bbox 1072 1424 1080 1437; x_wconf 91' lang='lat'>‚</span> <span class='ocrx_word' id='word_1_522' title='bbox 1102 1405 1149 1441; x_wconf 85' lang='lat' dir='ltr'>qui</span> <span class='ocrx_word' id='word_1_523' title='bbox 1160 1411 1235 1431; x_wconf 90' lang='lat' dir='ltr'>erant</span> <span class='ocrx_word' id='word_1_524' title='bbox 1247 1424 1254 1435; x_wconf 91' lang='lat'>‚</span> <span class='ocrx_word' id='word_1_525' title='bbox 1275 1403 1358 1431; x_wconf 88' lang='lat' dir='ltr'>securi</span> <span class='ocrx_word' id='word_1_526' title='bbox 1369 1405 1497 1441; x_wconf 84' lang='lat' dir='ltr'>percuffi,</span> <span class='ocrx_word' id='word_1_527' title='bbox 1518 1405 1629 1434; x_wconf 65' lang='lat' dir='ltr'>Romani</span> <span class='ocrx_word' id='word_1_528' title='bbox 1647 1409 1676 1435; x_wconf 88' lang='lat' dir='ltr'>in</span> 
     </span>
     <span class='ocr_line' id='line_1_36' title="bbox 91 1441 1677 1480; baseline 0.001 -9"><span class='ocrx_word' id='word_1_529' title='bbox 91 1454 198 1472; x_wconf 86' lang='lat' dir='ltr'>crucem</span> <span class='ocrx_word' id='word_1_530' title='bbox 211 1443 305 1471; x_wconf 80' lang='lat' dir='ltr'>sublati</span> <span class='ocrx_word' id='word_1_531' title='bbox 317 1443 384 1471; x_wconf 87' lang='lat' dir='ltr'>sunt.</span> <span class='ocrx_word' id='word_1_532' title='bbox 424 1445 512 1480; x_wconf 90' lang='lat' dir='ltr'>Atque</span> <span class='ocrx_word' id='word_1_533' title='bbox 524 1443 578 1471; x_wconf 85' lang='lat' dir='ltr'>haec</span> <span class='ocrx_word' id='word_1_534' title='bbox 592 1443 701 1480; x_wconf 88' lang='lat' dir='ltr'>quidem</span> <span class='ocrx_word' id='word_1_535' title='bbox 716 1443 873 1471; x_wconf 85' lang='lat' dir='ltr'>militarium</span> <span class='ocrx_word' id='word_1_536' title='bbox 890 1442 1151 1470; x_wconf 82' lang='lat' dir='ltr'>animadverfionum</span> <span class='ocrx_word' id='word_1_537' title='bbox 1166 1451 1267 1479; x_wconf 82' lang='lat' dir='ltr'>genera</span> <span class='ocrx_word' id='word_1_538' title='bbox 1279 1441 1354 1474; x_wconf 77' lang='lat' dir='ltr'>sunt,</span> <span class='ocrx_word' id='word_1_539' title='bbox 1376 1451 1433 1479; x_wconf 82' lang='lat' dir='ltr'>quae</span> <span class='ocrx_word' id='word_1_540' title='bbox 1446 1442 1527 1480; x_wconf 88' lang='lat' dir='ltr'>usque</span> <span class='ocrx_word' id='word_1_541' title='bbox 1540 1446 1572 1471; x_wconf 93' lang='lat' dir='ltr'>ad</span> <span class='ocrx_word' id='word_1_542' title='bbox 1589 1454 1677 1473; x_wconf 86' lang='lat' dir='ltr'>extre-</span> 
     </span>
     <span class='ocr_line' id='line_1_37' title="bbox 91 1480 1674 1519; baseline 0.001 -10"><span class='ocrx_word' id='word_1_543' title='bbox 91 1491 138 1509; x_wconf 85' lang='lat' dir='ltr'>ma</span> <span class='ocrx_word' id='word_1_544' title='bbox 150 1482 232 1510; x_wconf 87' lang='lat' dir='ltr'>etiam</span> <span class='ocrx_word' id='word_1_545' title='bbox 246 1481 392 1519; x_wconf 80' lang='lat' dir='ltr'>penetraffe</span> <span class='ocrx_word' id='word_1_546' title='bbox 407 1480 556 1517; x_wconf 84' lang='lat' dir='ltr'>reipublicae</span> <span class='ocrx_word' id='word_1_547' title='bbox 568 1488 692 1516; x_wconf 83' lang='lat' dir='ltr'>tempora</span> <span class='ocrx_word' id='word_1_548' title='bbox 707 1501 715 1512; x_wconf 94' lang='lat'><strong><em>,</em></strong></span> <span class='ocrx_word' id='word_1_549' title='bbox 736 1482 794 1509; x_wconf 69' lang='lat' dir='ltr'>satis</span> <span class='ocrx_word' id='word_1_550' title='bbox 807 1482 919 1508; x_wconf 86' lang='lat' dir='ltr'>idoneus</span> <span class='ocrx_word' id='word_1_551' title='bbox 933 1481 1003 1508; x_wconf 84' lang='lat' dir='ltr'>testis</span> <span class='ocrx_word' id='word_1_552' title='bbox 1017 1481 1052 1507; x_wconf 88' lang='lat' dir='ltr'>est</span> <span class='ocrx_word' id='word_1_553' title='bbox 1067 1483 1200 1507; x_wconf 75' lang='lat' dir='ltr'>Suetonius</span> <span class='ocrx_word' id='word_1_554' title='bbox 1212 1501 1219 1511; x_wconf 87' lang='lat'>‚</span> <span class='ocrx_word' id='word_1_555' title='bbox 1239 1489 1301 1508; x_wconf 91' lang='lat' dir='ltr'>cum</span> <span class='ocrx_word' id='word_1_556' title='bbox 1315 1481 1401 1517; x_wconf 88' lang='lat' dir='ltr'>inquit</span> <span class='ocrx_word' id='word_1_557' title='bbox 1416 1481 1448 1508; x_wconf 88' lang='lat' dir='ltr'>de</span> <span class='ocrx_word' id='word_1_558' title='bbox 1466 1482 1597 1518; x_wconf 82' lang='lat' dir='ltr'>Augusto:</span> <span class='ocrx_word' id='word_1_559' title='bbox 1620 1486 1674 1510; x_wconf 76' lang='lat' dir='ltr'>Co-</span> 
     </span>
     <span class='ocr_line' id='line_1_38' title="bbox 90 1517 1674 1556; baseline -0.002 -9"><span class='ocrx_word' id='word_1_560' title='bbox 90 1520 186 1552; x_wconf 77' lang='lat' dir='ltr'>hortes,</span> <span class='ocrx_word' id='word_1_561' title='bbox 206 1519 225 1547; x_wconf 89' lang='lat' dir='ltr'>fi</span> <span class='ocrx_word' id='word_1_562' title='bbox 240 1529 296 1556; x_wconf 79' lang='lat' dir='ltr'>quae</span> <span class='ocrx_word' id='word_1_563' title='bbox 311 1519 440 1547; x_wconf 78' lang='lat' dir='ltr'>ceffiffent</span> <span class='ocrx_word' id='word_1_564' title='bbox 454 1519 529 1550; x_wconf 90' lang='lat' dir='ltr'>loco,</span> <span class='ocrx_word' id='word_1_565' title='bbox 551 1519 696 1549; x_wconf 66' lang='lat' dir='ltr'>decimatas</span> <span class='ocrx_word' id='word_1_566' title='bbox 710 1519 813 1547; x_wconf 87' lang='lat' dir='ltr'>hordeo</span> <span class='ocrx_word' id='word_1_567' title='bbox 830 1521 902 1554; x_wconf 84' lang='lat' dir='ltr'>pavit</span> <span class='ocrx_word' id='word_1_568' title='bbox 919 1540 925 1549; x_wconf 86' lang='lat'>,</span> <span class='ocrx_word' id='word_1_569' title='bbox 944 1519 1113 1546; x_wconf 85' lang='lat' dir='ltr'>centuriones</span> <span class='ocrx_word' id='word_1_570' title='bbox 1128 1519 1238 1546; x_wconf 83' lang='lat' dir='ltr'>statione</span> <span class='ocrx_word' id='word_1_571' title='bbox 1252 1517 1354 1545; x_wconf 87' lang='lat' dir='ltr'>deserta</span> <span class='ocrx_word' id='word_1_572' title='bbox 1368 1518 1464 1546; x_wconf 88' lang='lat' dir='ltr'>itidem</span> <span class='ocrx_word' id='word_1_573' title='bbox 1474 1538 1482 1551; x_wconf 92' lang='lat'>‚</span> <span class='ocrx_word' id='word_1_574' title='bbox 1503 1528 1532 1547; x_wconf 88' lang='lat' dir='ltr'>ut</span> <span class='ocrx_word' id='word_1_575' title='bbox 1551 1521 1674 1556; x_wconf 85' lang='lat' dir='ltr'>manipu-</span> 
     </span>
     <span class='ocr_line' id='line_1_39' title="bbox 89 1556 1674 1595; baseline 0.001 -10"><span class='ocrx_word' id='word_1_576' title='bbox 89 1558 157 1585; x_wconf 80' lang='lat' dir='ltr'>lares</span> <span class='ocrx_word' id='word_1_577' title='bbox 171 1579 178 1589; x_wconf 90' lang='lat'>,</span> <span class='ocrx_word' id='word_1_578' title='bbox 198 1557 303 1593; x_wconf 83' lang='lat' dir='ltr'>capitali</span> <span class='ocrx_word' id='word_1_579' title='bbox 316 1557 545 1585; x_wconf 82' lang='lat' dir='ltr'>animadversione</span> <span class='ocrx_word' id='word_1_580' title='bbox 557 1557 662 1593; x_wconf 81' lang='lat' dir='ltr'>punivit</span> <span class='ocrx_word' id='word_1_581' title='bbox 675 1578 682 1589; x_wconf 92' lang='lat'>‚</span> <span class='ocrx_word' id='word_1_582' title='bbox 702 1567 753 1595; x_wconf 91' lang='lat' dir='ltr'>pro</span> <span class='ocrx_word' id='word_1_583' title='bbox 766 1565 862 1585; x_wconf 84' lang='lat' dir='ltr'>caetero</span> <span class='ocrx_word' id='word_1_584' title='bbox 876 1556 1036 1585; x_wconf 68' lang='lat' dir='ltr'>deli&amp;orum</span> <span class='ocrx_word' id='word_1_585' title='bbox 1050 1564 1148 1593; x_wconf 85' lang='lat' dir='ltr'>genere</span> <span class='ocrx_word' id='word_1_586' title='bbox 1162 1557 1240 1584; x_wconf 81' lang='lat' dir='ltr'>variis</span> <span class='ocrx_word' id='word_1_587' title='bbox 1259 1556 1417 1593; x_wconf 83' lang='lat' dir='ltr'>ignominiis</span> <span class='ocrx_word' id='word_1_588' title='bbox 1430 1556 1521 1584; x_wconf 82' lang='lat' dir='ltr'>affecit</span> <span class='ocrx_word' id='word_1_589' title='bbox 1531 1578 1541 1589; x_wconf 86' lang='lat'><em>,</em></span> <span class='ocrx_word' id='word_1_590' title='bbox 1561 1566 1591 1586; x_wconf 91' lang='lat' dir='ltr'>ut</span> <span class='ocrx_word' id='word_1_591' title='bbox 1607 1559 1674 1587; x_wconf 83' lang='lat' dir='ltr'>stare</span> 
     </span>
     <span class='ocr_line' id='line_1_40' title="bbox 89 1594 1677 1633; baseline 0 -11"><span class='ocrx_word' id='word_1_592' title='bbox 89 1604 138 1631; x_wconf 82' lang='lat' dir='ltr'>per</span> <span class='ocrx_word' id='word_1_593' title='bbox 155 1601 244 1622; x_wconf 89' lang='lat' dir='ltr'>totum</span> <span class='ocrx_word' id='word_1_594' title='bbox 259 1596 332 1622; x_wconf 87' lang='lat' dir='ltr'>diem</span> <span class='ocrx_word' id='word_1_595' title='bbox 344 1595 450 1630; x_wconf 88' lang='lat' dir='ltr'>juberet</span> <span class='ocrx_word' id='word_1_596' title='bbox 463 1604 524 1622; x_wconf 85' lang='lat' dir='ltr'>ante</span> <span class='ocrx_word' id='word_1_597' title='bbox 537 1596 706 1631; x_wconf 72' lang='lat' dir='ltr'>praetorium,</span> <span class='ocrx_word' id='word_1_598' title='bbox 726 1596 862 1624; x_wconf 86' lang='lat' dir='ltr'>interdum</span> <span class='ocrx_word' id='word_1_599' title='bbox 880 1596 1013 1624; x_wconf 81' lang='lat' dir='ltr'>tunicatos</span> <span class='ocrx_word' id='word_1_600' title='bbox 1026 1615 1034 1626; x_wconf 93' lang='lat'>,</span> <span class='ocrx_word' id='word_1_601' title='bbox 1055 1594 1263 1631; x_wconf 68' lang='lat' dir='ltr'>dircinetoique‚</span> <span class='ocrx_word' id='word_1_602' title='bbox 1284 1603 1479 1633; x_wconf 81' lang='lat' dir='ltr'>nonnunquam</span> <span class='ocrx_word' id='word_1_603' title='bbox 1494 1604 1556 1623; x_wconf 90' lang='lat' dir='ltr'>cum</span> <span class='ocrx_word' id='word_1_604' title='bbox 1568 1597 1677 1625; x_wconf 88' lang='lat' dir='ltr'>decem-</span> 
     </span>
     <span class='ocr_line' id='line_1_41' title="bbox 88 1632 944 1671; baseline 0 -11"><span class='ocrx_word' id='word_1_605' title='bbox 88 1633 178 1671; x_wconf 72' lang='lat' dir='ltr'>pedis,</span> <span class='ocrx_word' id='word_1_606' title='bbox 200 1632 242 1660; x_wconf 89' lang='lat' dir='ltr'>vel</span> <span class='ocrx_word' id='word_1_607' title='bbox 254 1633 335 1660; x_wconf 85' lang='lat' dir='ltr'>etiam</span> <span class='ocrx_word' id='word_1_608' title='bbox 350 1632 478 1669; x_wconf 79' lang='lat' dir='ltr'>cespitem</span> <span class='ocrx_word' id='word_1_609' title='bbox 491 1640 636 1668; x_wconf 77' lang='lat' dir='ltr'>portanteS.</span> <span class='ocrx_word' id='word_1_610' title='bbox 664 1635 784 1662; x_wconf 86' lang='lat' dir='ltr'>Tantum</span> <span class='ocrx_word' id='word_1_611' title='bbox 801 1632 944 1661; x_wconf 75' lang='lat' dir='ltr'>Suetonius.</span> 
     </span>
    </p>

    <p class='ocr_par' dir='ltr' id='par_1_4' title="bbox 88 1669 1675 1784">
     <span class='ocr_line' id='line_1_42' title="bbox 130 1669 1675 1708; baseline 0.002 -10"><span class='ocrx_word' id='word_1_612' title='bbox 130 1672 220 1707; x_wconf 83' lang='lat' dir='ltr'>Atque</span> <span class='ocrx_word' id='word_1_613' title='bbox 232 1670 287 1698; x_wconf 82' lang='lat' dir='ltr'>haec</span> <span class='ocrx_word' id='word_1_614' title='bbox 299 1672 392 1698; x_wconf 85' lang='lat' dir='ltr'>omnia</span> <span class='ocrx_word' id='word_1_615' title='bbox 407 1670 439 1697; x_wconf 87' lang='lat' dir='ltr'>ad</span> <span class='ocrx_word' id='word_1_616' title='bbox 454 1669 524 1697; x_wconf 89' lang='lat' dir='ltr'>hunc</span> <span class='ocrx_word' id='word_1_617' title='bbox 538 1670 594 1697; x_wconf 84' lang='lat' dir='ltr'>fere</span> <span class='ocrx_word' id='word_1_618' title='bbox 608 1671 723 1699; x_wconf 88' lang='lat' dir='ltr'>modum</span> <span class='ocrx_word' id='word_1_619' title='bbox 737 1671 844 1707; x_wconf 88' lang='lat' dir='ltr'>collegit</span> <span class='ocrx_word' id='word_1_620' title='bbox 856 1671 961 1698; x_wconf 75' lang='lat' dir='ltr'>Carolus</span> <span class='ocrx_word' id='word_1_621' title='bbox 978 1670 1095 1708; x_wconf 80' lang='lat' dir='ltr'>Sigonius</span> <span class='ocrx_word' id='word_1_622' title='bbox 1114 1672 1182 1700; x_wconf 87' lang='lat' dir='ltr'>libro</span> <span class='ocrx_word' id='word_1_623' title='bbox 1201 1672 1291 1708; x_wconf 90' lang='lat' dir='ltr'>primo</span> <span class='ocrx_word' id='word_1_624' title='bbox 1311 1672 1346 1699; x_wconf 89' lang='lat' dir='ltr'>de</span> <span class='ocrx_word' id='word_1_625' title='bbox 1360 1672 1480 1708; x_wconf 85' lang='lat' dir='ltr'>Antiquo</span> <span class='ocrx_word' id='word_1_626' title='bbox 1494 1672 1554 1708; x_wconf 84' lang='lat' dir='ltr'>jure</span> <span class='ocrx_word' id='word_1_627' title='bbox 1569 1672 1675 1701; x_wconf 82' lang='lat' dir='ltr'>civium</span> 
     </span>
     <span class='ocr_line' id='line_1_43' title="bbox 90 1708 1674 1746; baseline 0 -10"><span class='ocrx_word' id='word_1_628' title='bbox 90 1709 281 1736; x_wconf 74' lang='lat' dir='ltr'>Romanorum</span> <span class='ocrx_word' id='word_1_629' title='bbox 290 1728 299 1741; x_wconf 82' lang='grc'>,</span> <span class='ocrx_word' id='word_1_630' title='bbox 319 1709 404 1744; x_wconf 86' lang='lat' dir='ltr'>capite</span> <span class='ocrx_word' id='word_1_631' title='bbox 421 1718 462 1744; x_wconf 80' lang='lat'>15.</span> <span class='ocrx_word' id='word_1_632' title='bbox 476 1718 508 1735; x_wconf 89' lang='lat' dir='ltr'>ex</span> <span class='ocrx_word' id='word_1_633' title='bbox 526 1717 580 1744; x_wconf 90' lang='lat' dir='ltr'>quo</span> <span class='ocrx_word' id='word_1_634' title='bbox 592 1718 641 1735; x_wconf 88' lang='lat' dir='ltr'>nos</span> <span class='ocrx_word' id='word_1_635' title='bbox 656 1718 686 1736; x_wconf 84' lang='lat' dir='ltr'>ea</span> <span class='ocrx_word' id='word_1_636' title='bbox 698 1709 888 1745; x_wconf 68' lang='lat' dir='ltr'>descripsimus.</span> <span class='ocrx_word' id='word_1_637' title='bbox 909 1709 1035 1746; x_wconf 83' lang='lat' dir='ltr'>Pleraque</span> <span class='ocrx_word' id='word_1_638' title='bbox 1048 1711 1130 1738; x_wconf 85' lang='lat' dir='ltr'>etiam</span> <span class='ocrx_word' id='word_1_639' title='bbox 1143 1709 1222 1738; x_wconf 74' lang='lat' dir='ltr'>habet</span> <span class='ocrx_word' id='word_1_640' title='bbox 1234 1710 1380 1737; x_wconf 67' lang='lat' dir='ltr'>Alexander</span> <span class='ocrx_word' id='word_1_641' title='bbox 1391 1708 1422 1737; x_wconf 80' lang='lat' dir='ltr'>ab</span> <span class='ocrx_word' id='word_1_642' title='bbox 1436 1709 1586 1739; x_wconf 72' lang='lat' dir='ltr'>Alexandro</span> <span class='ocrx_word' id='word_1_643' title='bbox 1601 1711 1674 1742; x_wconf 56' lang='lat' dir='ltr'>Nea„</span> 
     </span>
     <span class='ocr_line' id='line_1_44' title="bbox 88 1745 1663 1784; baseline 0.001 -10"><span class='ocrx_word' id='word_1_644' title='bbox 88 1746 222 1784; x_wconf 84' lang='lat' dir='ltr'>politanus</span> <span class='ocrx_word' id='word_1_645' title='bbox 234 1746 303 1776; x_wconf 78' lang='lat' dir='ltr'>libro</span> <span class='ocrx_word' id='word_1_646' title='bbox 315 1745 431 1776; x_wconf 88' lang='lat' dir='ltr'>secundo</span> <span class='ocrx_word' id='word_1_647' title='bbox 444 1746 598 1775; x_wconf 86' lang='lat' dir='ltr'>Genialium</span> <span class='ocrx_word' id='word_1_648' title='bbox 611 1747 731 1777; x_wconf 87' lang='lat' dir='ltr'>dierum,</span> <span class='ocrx_word' id='word_1_649' title='bbox 751 1748 839 1784; x_wconf 85' lang='lat' dir='ltr'>capite</span> <span class='ocrx_word' id='word_1_650' title='bbox 851 1748 963 1776; x_wconf 84' lang='lat' dir='ltr'>decimo</span> <span class='ocrx_word' id='word_1_651' title='bbox 973 1749 1063 1776; x_wconf 88' lang='lat' dir='ltr'>tertio.</span> <span class='ocrx_word' id='word_1_652' title='bbox 1660 1746 1663 1748; x_wconf 50' lang='lat'><em>⁷</em></span> 
     </span>
    </p>
   </div>
   <div class='ocr_carea' id='block_1_3' title="bbox 457 1818 1310 1923">
    <p class='ocr_par' dir='ltr' id='par_1_5' title="bbox 457 1818 1310 1923">
     <span class='ocr_line' id='line_1_45' title="bbox 519 1818 1025 1863; baseline -0.002 -16"><span class='ocrx_word' id='word_1_653' title='bbox 519 1857 524 1863; x_wconf 38' lang='grc'><em>.</em></span> <span class='ocrx_word' id='word_1_654' title='bbox 734 1818 759 1846; x_wconf 94' lang='lat' dir='ltr'>C</span> <span class='ocrx_word' id='word_1_655' title='bbox 785 1829 802 1846; x_wconf 79' lang='grc' dir='ltr'><strong>Δ</strong></span> <span class='ocrx_word' id='word_1_656' title='bbox 828 1830 852 1847; x_wconf 79' lang='grc' dir='ltr'>Ρ.</span> <span class='ocrx_word' id='word_1_657' title='bbox 899 1820 1025 1847; x_wconf 85' lang='lat' dir='ltr'>XXVI.</span> 
     </span>
     <span class='ocr_line' id='line_1_46' title="bbox 457 1873 1310 1923; baseline -0.002 -15"><span class='ocrx_word' id='word_1_658' title='bbox 457 1874 510 1907; x_wconf 85' lang='lat' dir='ltr'>De</span> <span class='ocrx_word' id='word_1_659' title='bbox 527 1875 663 1923; x_wconf 82' lang='lat' dir='ltr'>praemiis</span> <span class='ocrx_word' id='word_1_660' title='bbox 688 1886 788 1908; x_wconf 86' lang='lat' dir='ltr'>eorum</span> <span class='ocrx_word' id='word_1_661' title='bbox 806 1900 817 1915; x_wconf 91' lang='lat'>,</span> <span class='ocrx_word' id='word_1_662' title='bbox 856 1876 909 1921; x_wconf 80' lang='lat' dir='ltr'>qui</span> <span class='ocrx_word' id='word_1_663' title='bbox 926 1873 1049 1919; x_wconf 85' lang='lat' dir='ltr'>strenue</span> <span class='ocrx_word' id='word_1_664' title='bbox 1072 1885 1136 1907; x_wconf 82' lang='lat' dir='ltr'>rem</span> <span class='ocrx_word' id='word_1_665' title='bbox 1156 1874 1310 1922; x_wconf 65' lang='lat' dir='ltr'>geffi’rant.</span> 
     </span>
    </p>
   </div>
   <div class='ocr_carea' id='block_1_4' title="bbox 80 1942 1675 2361">
    <p class='ocr_par' dir='ltr' id='par_1_6' title="bbox 172 1942 1673 2056">
     <span class='ocr_line' id='line_1_47' title="bbox 172 1942 1673 1980; baseline 0.001 -9"><span class='ocrx_word' id='word_1_666' title='bbox 172 1944 197 1971; x_wconf 87' lang='lat' dir='ltr'>T</span> <span class='ocrx_word' id='word_1_667' title='bbox 217 1943 421 1971; x_wconf 84' lang='lat' dir='ltr'>contumacibus</span> <span class='ocrx_word' id='word_1_668' title='bbox 436 1964 442 1974; x_wconf 89' lang='lat'>‚</span> <span class='ocrx_word' id='word_1_669' title='bbox 465 1945 491 1971; x_wconf 67' lang='grc' dir='ltr'>δε</span> <span class='ocrx_word' id='word_1_670' title='bbox 505 1944 672 1980; x_wconf 84' lang='lat' dir='ltr'>negligenter</span> <span class='ocrx_word' id='word_1_671' title='bbox 691 1944 812 1972; x_wconf 80' lang='lat' dir='ltr'>officium</span> <span class='ocrx_word' id='word_1_672' title='bbox 829 1943 985 1971; x_wconf 82' lang='lat' dir='ltr'>facientibus</span> <span class='ocrx_word' id='word_1_673' title='bbox 998 1953 1073 1978; x_wconf 72' lang='lat' dir='ltr'>paenae</span> <span class='ocrx_word' id='word_1_674' title='bbox 1086 1964 1094 1974; x_wconf 94' lang='lat'><em>‚</em></span> <span class='ocrx_word' id='word_1_675' title='bbox 1116 1943 1151 1970; x_wconf 86' lang='lat' dir='ltr'>fic</span> <span class='ocrx_word' id='word_1_676' title='bbox 1163 1943 1272 1971; x_wconf 80' lang='lat' dir='ltr'>strenuis</span> <span class='ocrx_word' id='word_1_677' title='bbox 1293 1945 1319 1971; x_wconf 87' lang='lat'>&amp;</span> <span class='ocrx_word' id='word_1_678' title='bbox 1334 1942 1453 1979; x_wconf 79' lang='lat' dir='ltr'>impigre</span> <span class='ocrx_word' id='word_1_679' title='bbox 1472 1952 1582 1979; x_wconf 77' lang='lat' dir='ltr'>operam</span> <span class='ocrx_word' id='word_1_680' title='bbox 1596 1945 1673 1975; x_wconf 79' lang='lat' dir='ltr'>suam</span> 
     </span>
     <span class='ocr_line' id='line_1_48' title="bbox 190 1980 1672 2018; baseline 0.001 -10"><span class='ocrx_word' id='word_1_681' title='bbox 190 1981 339 2017; x_wconf 74' lang='lat' dir='ltr'>reipublicae</span> <span class='ocrx_word' id='word_1_682' title='bbox 352 1981 589 2009; x_wconf 81' lang='lat' dir='ltr'>commodantibus</span> <span class='ocrx_word' id='word_1_683' title='bbox 596 1981 699 2015; x_wconf 66' lang='lat' dir='ltr'>promia</span> <span class='ocrx_word' id='word_1_684' title='bbox 713 1981 846 2018; x_wconf 82' lang='lat' dir='ltr'>propofira</span> <span class='ocrx_word' id='word_1_685' title='bbox 860 1990 934 2009; x_wconf 87' lang='lat' dir='ltr'>erant</span> <span class='ocrx_word' id='word_1_686' title='bbox 947 2002 954 2013; x_wconf 90' lang='lat'>‚</span> <span class='ocrx_word' id='word_1_687' title='bbox 975 1982 1060 2018; x_wconf 84' lang='lat' dir='ltr'>qualia</span> <span class='ocrx_word' id='word_1_688' title='bbox 1074 1980 1132 2008; x_wconf 89' lang='lat' dir='ltr'>sunt</span> <span class='ocrx_word' id='word_1_689' title='bbox 1149 1991 1254 2007; x_wconf 73' lang='lat' dir='ltr'>munera</span> <span class='ocrx_word' id='word_1_690' title='bbox 1268 1980 1397 2008; x_wconf 71' lang='lat' dir='ltr'>militaria</span> <span class='ocrx_word' id='word_1_691' title='bbox 1410 2001 1418 2011; x_wconf 89' lang='lat'><em>‚</em></span> <span class='ocrx_word' id='word_1_692' title='bbox 1442 1981 1547 2009; x_wconf 80' lang='lat' dir='ltr'>cohortis</span> <span class='ocrx_word' id='word_1_693' title='bbox 1554 1986 1672 2017; x_wconf 46' lang='lat' dir='ltr'>praetoria</span> 
     </span>
     <span class='ocr_line' id='line_1_49' title="bbox 189 2017 1672 2056; baseline 0.002 -10"><span class='ocrx_word' id='word_1_694' title='bbox 189 2019 340 2050; x_wconf 73' lang='lat' dir='ltr'>communio,</span> <span class='ocrx_word' id='word_1_695' title='bbox 350 2017 520 2055; x_wconf 74' lang='lat' dir='ltr'>stipendium,</span> <span class='ocrx_word' id='word_1_696' title='bbox 535 2019 619 2054; x_wconf 69' lang='lat' dir='ltr'>prada</span> <span class='ocrx_word' id='word_1_697' title='bbox 632 2041 639 2051; x_wconf 93' lang='lat'>‚</span> <span class='ocrx_word' id='word_1_698' title='bbox 660 2019 701 2052; x_wconf 61' lang='grc' dir='ltr'>(ς’</span> <span class='ocrx_word' id='word_1_699' title='bbox 720 2020 786 2047; x_wconf 71' lang='lat' dir='ltr'>dona</span> <span class='ocrx_word' id='word_1_700' title='bbox 805 2019 974 2054; x_wconf 73' lang='lat' dir='ltr'>Imperatoria.</span> <span class='ocrx_word' id='word_1_701' title='bbox 1013 2023 1122 2045; x_wconf 74' lang='lat' dir='ltr'>Munera</span> <span class='ocrx_word' id='word_1_702' title='bbox 1141 2018 1268 2045; x_wconf 68' lang='lat' dir='ltr'>mdimria</span> <span class='ocrx_word' id='word_1_703' title='bbox 1288 2028 1362 2047; x_wconf 83' lang='lat' dir='ltr'>erant</span> <span class='ocrx_word' id='word_1_704' title='bbox 1380 2019 1565 2047; x_wconf 74' lang='lat' dir='ltr'>centurionatus</span> <span class='ocrx_word' id='word_1_705' title='bbox 1577 2042 1586 2053; x_wconf 91' lang='lat'><em>,</em></span> <span class='ocrx_word' id='word_1_706' title='bbox 1610 2031 1672 2056; x_wconf 66' lang='lat' dir='ltr'>pra-</span> 
     </span>
    </p>

    <p class='ocr_par' dir='ltr' id='par_1_7' title="bbox 80 2056 1675 2361">
     <span class='ocr_line' id='line_1_50' title="bbox 80 2056 1675 2095; baseline 0.002 -11"><span class='ocrx_word' id='word_1_707' title='bbox 80 2056 185 2093; x_wconf 65' lang='lat' dir='ltr'>sec‘lurae</span> <span class='ocrx_word' id='word_1_708' title='bbox 199 2078 207 2091; x_wconf 90' lang='lat'>,</span> <span class='ocrx_word' id='word_1_709' title='bbox 227 2057 401 2084; x_wconf 70' lang='lat' dir='ltr'>decurionatus</span> <span class='ocrx_word' id='word_1_710' title='bbox 413 2078 419 2088; x_wconf 86' lang='lat'>,</span> <span class='ocrx_word' id='word_1_711' title='bbox 438 2058 593 2091; x_wconf 73' lang='lat' dir='ltr'>opmnams,</span> <span class='ocrx_word' id='word_1_712' title='bbox 614 2060 666 2086; x_wconf 57' lang='lat' dir='ltr'>&amp;a</span> <span class='ocrx_word' id='word_1_713' title='bbox 688 2058 721 2085; x_wconf 91' lang='lat' dir='ltr'>de</span> <span class='ocrx_word' id='word_1_714' title='bbox 732 2058 826 2094; x_wconf 78' lang='lat' dir='ltr'>quibus</span> <span class='ocrx_word' id='word_1_715' title='bbox 842 2062 906 2084; x_wconf 80' lang='lat' dir='ltr'>Cato</span> <span class='ocrx_word' id='word_1_716' title='bbox 927 2058 954 2085; x_wconf 89' lang='lat' dir='ltr'>in</span> <span class='ocrx_word' id='word_1_717' title='bbox 967 2059 1089 2085; x_wconf 85' lang='lat' dir='ltr'>oratione</span> <span class='ocrx_word' id='word_1_718' title='bbox 1103 2065 1183 2093; x_wconf 83' lang='lat' dir='ltr'>quarn</span> <span class='ocrx_word' id='word_1_719' title='bbox 1207 2056 1297 2085; x_wconf 85' lang='lat' dir='ltr'>hab&#39;uit</span> <span class='ocrx_word' id='word_1_720' title='bbox 1317 2057 1384 2093; x_wconf 88' lang='lat' dir='ltr'>apud</span> <span class='ocrx_word' id='word_1_721' title='bbox 1401 2059 1521 2094; x_wconf 85' lang='lat' dir='ltr'>equites:</span> <span class='ocrx_word' id='word_1_722' title='bbox 1551 2060 1675 2095; x_wconf 68' lang='lat' dir='ltr'>Maiores,</span> 
     </span>
     <span class='ocr_line' id='line_1_51' title="bbox 87 2094 1672 2132; baseline -0.001 -9"><span class='ocrx_word' id='word_1_723' title='bbox 87 2096 205 2124; x_wconf 76' lang='lat' dir='ltr'>seorsum</span> <span class='ocrx_word' id='word_1_724' title='bbox 215 2117 221 2123; x_wconf 74' lang='grc'>,</span> <span class='ocrx_word' id='word_1_725' title='bbox 242 2103 320 2132; x_wconf 80' lang='lat' dir='ltr'>atque</span> <span class='ocrx_word' id='word_1_726' title='bbox 333 2094 466 2123; x_wconf 86' lang='lat' dir='ltr'>diversum</span> <span class='ocrx_word' id='word_1_727' title='bbox 480 2097 597 2132; x_wconf 85' lang='lat' dir='ltr'>pretium</span> <span class='ocrx_word' id='word_1_728' title='bbox 612 2105 736 2132; x_wconf 84' lang='lat' dir='ltr'>paravere</span> <span class='ocrx_word' id='word_1_729' title='bbox 747 2096 838 2128; x_wconf 84' lang='lat' dir='ltr'>bonis,</span> <span class='ocrx_word' id='word_1_730' title='bbox 859 2105 939 2132; x_wconf 83' lang='lat' dir='ltr'>atque</span> <span class='ocrx_word' id='word_1_731' title='bbox 952 2095 1060 2123; x_wconf 89' lang='lat' dir='ltr'>strenuis</span> <span class='ocrx_word' id='word_1_732' title='bbox 1075 2095 1276 2127; x_wconf 60' lang='lat' dir='ltr'>decurionatus,</span> <span class='ocrx_word' id='word_1_733' title='bbox 1297 2095 1449 2132; x_wconf 83' lang='lat' dir='ltr'>optionatus</span> <span class='ocrx_word' id='word_1_734' title='bbox 1461 2117 1470 2128; x_wconf 95' lang='lat'><em>,</em></span> <span class='ocrx_word' id='word_1_735' title='bbox 1491 2096 1573 2124; x_wconf 85' lang='lat' dir='ltr'>hastas</span> <span class='ocrx_word' id='word_1_736' title='bbox 1587 2100 1672 2127; x_wconf 82' lang='lat' dir='ltr'>dona.</span> 
     </span>
     <span class='ocr_line' id='line_1_52' title="bbox 87 2133 1669 2171; baseline 0.001 -9"><span class='ocrx_word' id='word_1_737' title='bbox 87 2134 151 2162; x_wconf 83' lang='lat' dir='ltr'>ticas</span> <span class='ocrx_word' id='word_1_738' title='bbox 164 2155 171 2165; x_wconf 90' lang='lat'>,</span> <span class='ocrx_word' id='word_1_739' title='bbox 191 2133 307 2171; x_wconf 87' lang='lat' dir='ltr'>aliosque</span> <span class='ocrx_word' id='word_1_740' title='bbox 320 2133 443 2161; x_wconf 67' lang='lat' dir='ltr'>honores.</span> <span class='ocrx_word' id='word_1_741' title='bbox 482 2133 695 2168; x_wconf 57' lang='lat' dir='ltr'>Cohorspraetort&#39;a</span> <span class='ocrx_word' id='word_1_742' title='bbox 709 2135 811 2161; x_wconf 90' lang='lat' dir='ltr'>nemini</span> <span class='ocrx_word' id='word_1_743' title='bbox 827 2134 873 2162; x_wconf 76' lang='lat' dir='ltr'>nisi</span> <span class='ocrx_word' id='word_1_744' title='bbox 892 2135 943 2162; x_wconf 91' lang='lat' dir='ltr'>civi</span> <span class='ocrx_word' id='word_1_745' title='bbox 964 2136 1093 2161; x_wconf 80' lang='lat' dir='ltr'>Romano</span> <span class='ocrx_word' id='word_1_746' title='bbox 1106 2133 1311 2169; x_wconf 83' lang='lat' dir='ltr'>permittebatur</span> <span class='ocrx_word' id='word_1_747' title='bbox 1323 2155 1331 2166; x_wconf 93' lang='lat'><strong><em>,</em></strong></span> <span class='ocrx_word' id='word_1_748' title='bbox 1352 2143 1385 2160; x_wconf 87' lang='lat' dir='ltr'>ex</span> <span class='ocrx_word' id='word_1_749' title='bbox 1399 2142 1450 2169; x_wconf 87' lang='lat' dir='ltr'>qua</span> <span class='ocrx_word' id='word_1_750' title='bbox 1462 2155 1471 2165; x_wconf 89' lang='lat'><em>‚</em></span> <span class='ocrx_word' id='word_1_751' title='bbox 1497 2137 1541 2171; x_wconf 80' lang='lat' dir='ltr'>qui</span> <span class='ocrx_word' id='word_1_752' title='bbox 1558 2136 1646 2164; x_wconf 74' lang='lat' dir='ltr'>fuisset</span> <span class='ocrx_word' id='word_1_753' title='bbox 1659 2159 1669 2170; x_wconf 86' lang='lat'>‚</span> 
     </span>
     <span class='ocr_line' id='line_1_53' title="bbox 88 2171 1669 2211; baseline 0.001 -11"><span class='ocrx_word' id='word_1_754' title='bbox 88 2173 116 2200; x_wconf 86' lang='lat' dir='ltr'>in</span> <span class='ocrx_word' id='word_1_755' title='bbox 129 2172 264 2199; x_wconf 80' lang='lat' dir='ltr'>beneficiis</span> <span class='ocrx_word' id='word_1_756' title='bbox 277 2171 308 2198; x_wconf 89' lang='lat' dir='ltr'>ab</span> <span class='ocrx_word' id='word_1_757' title='bbox 324 2172 489 2207; x_wconf 80' lang='lat' dir='ltr'>Imperatore</span> <span class='ocrx_word' id='word_1_758' title='bbox 501 2173 533 2200; x_wconf 83' lang='lat' dir='ltr'>ad</span> <span class='ocrx_word' id='word_1_759' title='bbox 548 2174 668 2200; x_wconf 70' lang='lat' dir='ltr'>aerariurn</span> <span class='ocrx_word' id='word_1_760' title='bbox 683 2172 859 2200; x_wconf 75' lang='lat' dir='ltr'>deferebatur.</span> <span class='ocrx_word' id='word_1_761' title='bbox 881 2172 1040 2207; x_wconf 80' lang='lat' dir='ltr'>Stipendium</span> <span class='ocrx_word' id='word_1_762' title='bbox 1054 2180 1143 2199; x_wconf 85' lang='lat' dir='ltr'>autem</span> <span class='ocrx_word' id='word_1_763' title='bbox 1158 2180 1208 2207; x_wconf 87' lang='lat' dir='ltr'>pro</span> <span class='ocrx_word' id='word_1_764' title='bbox 1224 2174 1326 2201; x_wconf 84' lang='lat' dir='ltr'>meritis</span> <span class='ocrx_word' id='word_1_765' title='bbox 1339 2171 1457 2208; x_wconf 85' lang='lat' dir='ltr'>ipsorum</span> <span class='ocrx_word' id='word_1_766' title='bbox 1472 2182 1669 2211; x_wconf 77' lang='lat' dir='ltr'>nonnunquam</span> 
     </span>
     <span class='ocr_line' id='line_1_54' title="bbox 86 2210 1666 2248; baseline 0.001 -11"><span class='ocrx_word' id='word_1_767' title='bbox 86 2210 244 2248; x_wconf 65' lang='lat' dir='ltr'>augebatur,</span> <span class='ocrx_word' id='word_1_768' title='bbox 272 2219 464 2246; x_wconf 83' lang='lat' dir='ltr'>nonnunquam</span> <span class='ocrx_word' id='word_1_769' title='bbox 485 2211 672 2239; x_wconf 72' lang='lat' dir='ltr'>minuebatur:</span> <span class='ocrx_word' id='word_1_770' title='bbox 703 2211 775 2248; x_wconf 88' lang='lat' dir='ltr'>quod</span> <span class='ocrx_word' id='word_1_771' title='bbox 796 2210 872 2248; x_wconf 78' lang='lat' dir='ltr'>quale</span> <span class='ocrx_word' id='word_1_772' title='bbox 897 2210 978 2238; x_wconf 85' lang='lat' dir='ltr'>fuerit</span> <span class='ocrx_word' id='word_1_773' title='bbox 995 2231 1001 2242; x_wconf 89' lang='lat'>,</span> <span class='ocrx_word' id='word_1_774' title='bbox 1031 2213 1056 2239; x_wconf 69' lang='grc' dir='ltr'>δε</span> <span class='ocrx_word' id='word_1_775' title='bbox 1078 2211 1184 2248; x_wconf 85' lang='lat' dir='ltr'>quando</span> <span class='ocrx_word' id='word_1_776' title='bbox 1204 2210 1333 2238; x_wconf 82' lang='lat' dir='ltr'>militibus</span> <span class='ocrx_word' id='word_1_777' title='bbox 1351 2210 1408 2237; x_wconf 81' lang='lat' dir='ltr'>dari</span> <span class='ocrx_word' id='word_1_778' title='bbox 1426 2219 1547 2247; x_wconf 78' lang='lat' dir='ltr'>coepturn</span> <span class='ocrx_word' id='word_1_779' title='bbox 1562 2232 1570 2243; x_wconf 94' lang='lat'><em>,</em></span> <span class='ocrx_word' id='word_1_780' title='bbox 1602 2222 1666 2240; x_wconf 88' lang='lat' dir='ltr'>cum</span> 
     </span>
     <span class='ocr_line' id='line_1_55' title="bbox 86 2246 1673 2286; baseline 0.001 -10"><span class='ocrx_word' id='word_1_781' title='bbox 86 2251 158 2284; x_wconf 84' lang='lat' dir='ltr'>prius</span> <span class='ocrx_word' id='word_1_782' title='bbox 176 2250 293 2275; x_wconf 74' lang='lat' dir='ltr'>Romani</span> <span class='ocrx_word' id='word_1_783' title='bbox 312 2249 383 2275; x_wconf 87' lang='lat' dir='ltr'>cives</span> <span class='ocrx_word' id='word_1_784' title='bbox 398 2246 447 2275; x_wconf 82' lang='lat' dir='ltr'>suis</span> <span class='ocrx_word' id='word_1_785' title='bbox 466 2259 492 2285; x_wconf 71' lang='lat' dir='ltr'>qt</span> <span class='ocrx_word' id='word_1_786' title='bbox 505 2250 564 2286; x_wconf 76' lang='lat' dir='ltr'>ique</span> <span class='ocrx_word' id='word_1_787' title='bbox 579 2248 725 2286; x_wconf 63' lang='lat' dir='ltr'>sumptibus</span> <span class='ocrx_word' id='word_1_788' title='bbox 742 2249 887 2277; x_wconf 76' lang='lat' dir='ltr'>militarent</span> <span class='ocrx_word' id='word_1_789' title='bbox 900 2270 908 2280; x_wconf 91' lang='lat'><em>‚</em></span> <span class='ocrx_word' id='word_1_790' title='bbox 936 2249 1014 2285; x_wconf 61' lang='lat' dir='ltr'>faulo</span> <span class='ocrx_word' id='word_1_791' title='bbox 1028 2257 1089 2286; x_wconf 63' lang='lat' dir='ltr'>ante</span> <span class='ocrx_word' id='word_1_792' title='bbox 1108 2258 1141 2275; x_wconf 80' lang='lat' dir='ltr'>ex</span> <span class='ocrx_word' id='word_1_793' title='bbox 1155 2247 1219 2284; x_wconf 68' lang='lat' dir='ltr'>Just}</span> <span class='ocrx_word' id='word_1_794' title='bbox 1238 2247 1314 2286; x_wconf 84' lang='lat' dir='ltr'>Lipfii</span> <span class='ocrx_word' id='word_1_795' title='bbox 1336 2248 1386 2275; x_wconf 83' lang='lat' dir='ltr'>viri</span> <span class='ocrx_word' id='word_1_796' title='bbox 1407 2248 1541 2277; x_wconf 79' lang='lat' dir='ltr'>clariffimi</span> <span class='ocrx_word' id='word_1_797' title='bbox 1561 2249 1673 2278; x_wconf 66' lang='lat' dir='ltr'>Eleeto-</span> 
     </span>
     <span class='ocr_line' id='line_1_56' title="bbox 87 2286 1666 2325; baseline 0.003 -13"><span class='ocrx_word' id='word_1_798' title='bbox 87 2296 148 2315; x_wconf 85' lang='lat' dir='ltr'>rum</span> <span class='ocrx_word' id='word_1_799' title='bbox 166 2286 235 2313; x_wconf 67' lang='lat' dir='ltr'>libro</span> <span class='ocrx_word' id='word_1_800' title='bbox 249 2287 399 2314; x_wconf 79' lang='lat' dir='ltr'>docuimus.</span> <span class='ocrx_word' id='word_1_801' title='bbox 440 2287 526 2313; x_wconf 68' lang='lat' dir='ltr'>Prada</span> <span class='ocrx_word' id='word_1_802' title='bbox 539 2297 572 2314; x_wconf 83' lang='lat' dir='ltr'>ex</span> <span class='ocrx_word' id='word_1_803' title='bbox 586 2286 702 2315; x_wconf 71' lang='lat' dir='ltr'>hostibus</span> <span class='ocrx_word' id='word_1_804' title='bbox 718 2296 789 2321; x_wconf 69' lang='lat' dir='ltr'>capta</span> <span class='ocrx_word' id='word_1_805' title='bbox 800 2307 809 2317; x_wconf 90' lang='lat'><em>‚</em></span> <span class='ocrx_word' id='word_1_806' title='bbox 828 2288 926 2323; x_wconf 84' lang='lat' dir='ltr'>partim</span> <span class='ocrx_word' id='word_1_807' title='bbox 942 2287 972 2313; x_wconf 89' lang='lat' dir='ltr'>ab</span> <span class='ocrx_word' id='word_1_808' title='bbox 989 2289 1155 2325; x_wconf 75' lang='lat' dir='ltr'>Imperatore</span> <span class='ocrx_word' id='word_1_809' title='bbox 1174 2289 1200 2313; x_wconf 87' lang='lat' dir='ltr'>in</span> <span class='ocrx_word' id='word_1_810' title='bbox 1216 2287 1349 2322; x_wconf 77' lang='lat' dir='ltr'>publicum</span> <span class='ocrx_word' id='word_1_811' title='bbox 1365 2286 1543 2318; x_wconf 73' lang='lat' dir='ltr'>referebatur,</span> <span class='ocrx_word' id='word_1_812' title='bbox 1564 2290 1666 2324; x_wconf 80' lang='lat' dir='ltr'>partim</span> 
     </span>
     <span class='ocr_line' id='line_1_57' title="bbox 88 2324 1668 2361; baseline 0.002 -10"><span class='ocrx_word' id='word_1_813' title='bbox 88 2324 218 2352; x_wconf 81' lang='lat' dir='ltr'>militibus</span> <span class='ocrx_word' id='word_1_814' title='bbox 229 2324 387 2352; x_wconf 83' lang='lat' dir='ltr'>donabatur.</span> <span class='ocrx_word' id='word_1_815' title='bbox 415 2325 571 2360; x_wconf 81' lang='lat' dir='ltr'>Qinetiam</span> <span class='ocrx_word' id='word_1_816' title='bbox 585 2324 767 2361; x_wconf 69' lang='lat' dir='ltr'>saepenumero</span> <span class='ocrx_word' id='word_1_817' title='bbox 781 2327 869 2353; x_wconf 85' lang='lat' dir='ltr'>evenit</span> <span class='ocrx_word' id='word_1_818' title='bbox 878 2345 885 2356; x_wconf 87' lang='lat'><strong>,</strong></span> <span class='ocrx_word' id='word_1_819' title='bbox 905 2334 935 2353; x_wconf 89' lang='lat' dir='ltr'>ut</span> <span class='ocrx_word' id='word_1_820' title='bbox 948 2325 1140 2359; x_wconf 65' lang='lat' dir='ltr'>imperatoribus</span> <span class='ocrx_word' id='word_1_821' title='bbox 1154 2325 1212 2361; x_wconf 74' lang='lat' dir='ltr'>rpfis</span> <span class='ocrx_word' id='word_1_822' title='bbox 1226 2326 1261 2352; x_wconf 87' lang='lat' dir='ltr'>ob</span> <span class='ocrx_word' id='word_1_823' title='bbox 1274 2334 1334 2353; x_wconf 88' lang='lat' dir='ltr'>earn</span> <span class='ocrx_word' id='word_1_824' title='bbox 1350 2333 1394 2352; x_wconf 90' lang='lat' dir='ltr'>aut</span> <span class='ocrx_word' id='word_1_825' title='bbox 1411 2324 1526 2361; x_wconf 71' lang='lat' dir='ltr'>nzaligne</span> <span class='ocrx_word' id='word_1_826' title='bbox 1539 2325 1650 2354; x_wconf 58' lang='lat' dir='ltr'>divisam</span> <span class='ocrx_word' id='word_1_827' title='bbox 1659 2348 1668 2360; x_wconf 89' lang='lat'>,</span> 
     </span>
    </p>
   </div>
   <div class='ocr_carea' id='block_1_5' title="bbox 85 2362 1669 2438">
    <p class='ocr_par' dir='ltr' id='par_1_8' title="bbox 85 2362 1669 2438">
     <span class='ocr_line' id='line_1_58' title="bbox 85 2362 1669 2429; baseline 0.001 -38"><span class='ocrx_word' id='word_1_828' title='bbox 85 2370 131 2400; x_wconf 59' lang='lat' dir='ltr'>aut</span> <span class='ocrx_word' id='word_1_829' title='bbox 145 2362 197 2393; x_wconf 80' lang='lat' dir='ltr'>alio</span> <span class='ocrx_word' id='word_1_830' title='bbox 210 2363 295 2391; x_wconf 81' lang='lat' dir='ltr'>modo</span> <span class='ocrx_word' id='word_1_831' title='bbox 313 2364 488 2400; x_wconf 84' lang='lat' dir='ltr'>interceptam</span> <span class='ocrx_word' id='word_1_832' title='bbox 501 2384 509 2395; x_wconf 95' lang='lat'>,</span> <span class='ocrx_word' id='word_1_833' title='bbox 535 2364 591 2394; x_wconf 84' lang='lat' dir='ltr'>dies</span> <span class='ocrx_word' id='word_1_834' title='bbox 606 2364 636 2391; x_wconf 90' lang='lat' dir='ltr'>ad</span> <span class='ocrx_word' id='word_1_835' title='bbox 651 2364 781 2401; x_wconf 86' lang='lat' dir='ltr'>populum</span> <span class='ocrx_word' id='word_1_836' title='bbox 794 2364 935 2392; x_wconf 83' lang='lat' dir='ltr'>diceretur.</span> <span class='ocrx_word' id='word_1_837' title='bbox 974 2363 1195 2429; x_wconf 52' lang='grc' dir='ltr'>Πιέιὺζηιέιὲανια</span> <span class='ocrx_word' id='word_1_838' title='bbox 1214 2373 1288 2392; x_wconf 85' lang='lat' dir='ltr'>erant</span> <span class='ocrx_word' id='word_1_839' title='bbox 1300 2385 1308 2397; x_wconf 82' lang='lat'>,</span> <span class='ocrx_word' id='word_1_840' title='bbox 1334 2372 1392 2401; x_wconf 84' lang='lat' dir='ltr'>quae</span> <span class='ocrx_word' id='word_1_841' title='bbox 1411 2363 1541 2392; x_wconf 77' lang='lat' dir='ltr'>militibus</span> <span class='ocrx_word' id='word_1_842' title='bbox 1561 2364 1669 2402; x_wconf 66' lang='lat' dir='ltr'>lingulis</span> 
     </span>
     <span class='ocr_line' id='line_1_59' title="bbox 1077 2405 1667 2438; baseline 0 -8"><span class='ocrx_word' id='word_1_843' title='bbox 1077 2406 1092 2428; x_wconf 79' lang='lat' dir='ltr'>b</span> <span class='ocrx_word' id='word_1_844' title='bbox 1163 2411 1176 2438; x_wconf 81' lang='lat'>3</span> <span class='ocrx_word' id='word_1_845' title='bbox 1582 2405 1667 2432; x_wconf 59' lang='lat' dir='ltr'>virtu&gt;</span> 
     </span>
    </p>
   </div>
  </div>
 </body>
</html>
