2075 2734
399 115 466 151 515,
683 106 1123 141 AuerurrAruM
1165 101 1507 130 Rorrrnrnun
1547 102 1738 136 L18.V111.·

1091 179 1236 213 Cornelia
1250 179 1311 213 lex.

430 247 433 250 ”
448 250 568 288 Iniquior
589 248 669 276 etiam
691 244 825 277 Cornelia,
846 250 927 282 quam
942 244 974 272 L.
988 241 1120 270 Cornelim
1134 243 1206 270 Sulla
1219 241 1292 271 Felix
1307 241 1431 271 Dictator
1443 240 1518 274 tulit,
1539 249 1569 271 ut
1583 242 1627 274 iis,
1648 244 1693 281 qui
1706 243 1761 273 suas
1774 250 1860 282 partes
1873 248 1899 277 in
1915 249 1988 280 civili

408 291 479 321 bello
488 289 567 317 secuti
577 287 666 317 essent,
682 284 797 313 honores
811 290 872 311 ante
887 290 995 319 tempus
1009 291 1101 319 capere
1114 281 1155 317 jus
1169 282 1247 313 esset,
1268 288 1352 322 utque
1362 280 1572 318 proscriptorum
1583 281 1799 322 liberihonorum
1807 287 1986 321 petendorum

406 329 536 368 potestate
550 326 725 362 privarentur.
751 321 885 357 Appianas
900 320 969 349 libro
984 331 1005 349 1.
1021 321 1054 349 de
1067 320 1141 348 bellis
1156 319 1287 349 civilibus.
1314 319 1378 348 Plan.
1391 319 1461 348 libro
1473 330 1497 357 7.
1521 319 1704 359 thtltanus
1717 322 1761 351 lib.
1776 333 1816 351 ιι.
1828 332 1883 361 cap.
1900 336 1921 354 ι,
1941 328 1986 356 Cf..

406 377 458 397 cero
472 368 499 395 in
513 364 678 392 Pisonianam
687 383 694 395 ‚
714 360 766 391 Dio
780 361 850 389 libro
859 369 905 397 4¹·

1096 400 1217 433 Hircia
1235 399 1297 432 lex.

448 468 547 498 Similis
561 467 622 496 huic
635 467 672 495 est
683 466 724 495 lex
737 465 843 499 Hiran,
862 465 896 493 de
910 465 1096 502 Pompejanis,
1119 465 1150 493 ab
1164 468 1201 493 A.
1219 464 1318 495 Hircio,
1339 472 1388 496 eo,
1408 465 1453 500 qui
1461 464 1549 501 postea
1557 465 1584 494 in
1592 473 1680 503 pugna
1688 466 1719 494 ad
1729 466 1862 495 Mutinam
1871 469 1985 503 cecidi&

407 508 471 540 lata,
491 515 521 536 ut
534 508 674 541 Pompey‘ani
687 506 719 533 ad
732 504 875 542 dignitates
888 513 943 531 non
958 505 1176 532 almitterentur.
1197 502 1281 532 Cicero
1296 501 1409 539 Philipp.
1422 513 1464 541 13.
1479 503 1507 531 in
1522 505 1633 533 Antonii
1646 505 1717 543 epist.
1737 505 1989 546 Haelegesingeneff

407 557 438 584 re
452 547 485 576 de
499 544 693 583 magistratibus
705 544 865 581 loquuntur,
886 543 1024 571 videamus
1039 542 1172 580 speciales.
1838 561 1841 562 γ

906 613 980 640 DE
1022 612 1497 640 CONSULIBUS.

432 707 434 709 Ι
449 670 491 697 De
504 667 648 704 Confhlibus
660 675 787 706 quatuor,
807 676 839 708 ex
850 676 1073 709 magno-numero
1082 676 1174 696 earum
1184 676 1241 706 quae
1249 667 1346 704 injuria
1355 672 1514 704 temporum
1521 665 1728 701 interciderunt,
1749 667 1917 706 legesextant
1929 667 1992 708 chs

409 716 466 742 ma,
481 707 616 745 Terentia,
631 706 731 737 Licinia
743 710 832 735 Sextm
841 726 849 740 ‚
865 710 983 734 Genaua.

1112 745 1219 793 Junia
1236 745 1296 780 lex,

449 812 539 840 Prima
551 812 588 839 est
599 811 694 844 Junia,
715 821 795 850 quam
813 812 844 839 L.
859 810 951 843 sanius
965 813 1064 839 Brutths
1077 811 1181 848 primus
1197 810 1297 848 Consul
1309 817 1367 840 tum
1377 809 1459 842 solus,
1478 819 1548 839 anno
1562 819 1667 839 ccxcii
1677 821 1697 839 1.
1713 809 1786 844 tulin
1807 816 1836 838 ut
1846 810 1991 848 imperium

408 850 547 889 Tarquinio
560 850 746 887 abrogaretur,
767 856 797 877 ut
810 849 863 885 ipse
877 850 948 877 idem
964 859 1027 878 cum
1042 852 1159 887 conjuge
1173 859 1203 877 ac
1216 849 1316 879 liberis,
1338 851 1460 887 itemque
1474 849 1580 876 omneis
1595 848 1737 887 Tarquiniae
1744 848 1831 886 gemis
1842 849 1991 878 exularent:

408 895 438 916 ut
452 888 563 924 capitale
576 888 653 918 effer,
675 888 692 915 si
707 889 764 924 quis
777 888 810 915 de
824 888 855 915 iis
869 889 1024 915 revocandis
1041 889 1212 916 mentionem
1227 887 1342 916 faceret:
1363 895 1393 916 ut
1408 888 1496 924 Regio
1510 888 1626 922 imperio
1639 888 1770 923 abrogato
1782 908 1789 919 ‚
1809 887 1925 923 Confhles
1937 888 1991 922 duo,

408 925 493 962 Regia
507 926 636 962 potestate
651 926 792 962 quotannis
804 923 910 951 comitas
924 925 1074 952 centuriam
1088 925 1101 953 ὲ
1113 927 1213 962 populo
1227 934 1387 954 crearentur.
1407 923 1536 964 Dimgyfius
1549 925 1593 953 lib.
1604 935 1631 961 4.
1653 924 1746 953 Livius
1759 924 1804 952 lib.
1816 935 1840 953 2.

444 966 550 999 Verum
564 961 683 991 multum
697 962 759 992 huic
773 962 824 1001 legi
839 962 1011 991 detraxerunt
1024 962 1087 1000 leges
1101 962 1202 991 Valeria
1216 965 1248 991 de
1262 964 1470 1001 provocatione,
1490 963 1524 992 de
1537 963 1631 1000 quibus
1645 963 1724 1001 paulo
1738 970 1809 992 ante.

1094 1016 1236 1052 Terentia
1251 1018 1314 1053 lex.

448 1083 546 1120 Neque
560 1082 645 1112 solum
659 1084 699 1112 hae
714 1081 831 1111 multum
846 1081 1018 1110 detraxerunt
1031 1079 1170 1117 Confidam
1183 1082 1321 1120 potestati,
1342 1089 1438 1111 verum
1452 1089 1516 1111 cum
1525 1080 1573 1118 ipfi
1582 1080 1665 1109 multa
1673 1082 1824 1118 tyrannice,
1845 1079 1994 1112 &licenter
2024 1091 2028 1095 ·
2064 1080 2066 1082 ’

408 1128 529 1159 agerent,
551 1122 649 1160 quippe
662 1130 778 1160 quorum
792 1120 939 1157 imperium
953 1119 1029 1149 nullis
1044 1127 1100 1149 erat
1112 1120 1214 1158 legibus
1227 1120 1477 1158 circumscriptum,
1498 1119 1589 1158 legem
1602 1119 1661 1148 tulit
1675 1120 1710 1147 C.
1724 1118 1856 1147 Terentius
1868 1121 1932 1155 Arsit
1944 1121 1995 1148 tri-

408 1159 486 1187 bunus
504 1159 601 1196 plebis,
623 1170 694 1189 anno
711 1169 807 1188 ccxci.
826 1160 858 1186 L.
877 1158 992 1186 Lucretio
1007 1157 1171 1194 Tricipitino,
1193 1164 1224 1188 T.
1235 1159 1335 1187 Veturio
1348 1161 1453 1187 Gemino
1466 1157 1583 1186 Cicurino
1597 1157 1667 1186 Coss.
1687 1160 1726 1187 Ut
1740 1159 1908 1196 quinqueviri
1922 1168 1993 1187 crea-

408 1206 502 1227 rentur
515 1198 616 1236 legibus
632 1200 665 1227 de
678 1195 812 1232 Confidari
825 1198 942 1234 imperio
954 1197 1113 1230 scribendis,
1133 1207 1168 1225 ne
1181 1198 1228 1234 ipfi
1240 1197 1379 1226 libidinem
1388 1207 1418 1225 ac
1426 1196 1563 1226 licentiam
1571 1196 1642 1224 suam
1651 1196 1767 1234 prolege
1776 1197 1912 1225 haberent.
1931 1196 1995 1224 Dio-

410 1233 489 1271 nrfius
502 1236 547 1264 lib.
563 1247 602 1264 10.
627 1235 718 1264 Livius
733 1235 777 1263 lib.
791 1245 815 1272 3-
830 1237 876 1273 qui
890 1236 1001 1273 quidem
1015 1236 1143 1273 perlatam
1158 1245 1219 1265 eam
1234 1245 1290 1264 non
1306 1235 1382 1265 fuisse
1395 1235 1494 1264 scribit‘
1515 1236 1575 1263 Fuit
1588 1242 1680 1264 tamen
1692 1234 1765 1265 causa
1780 1235 1898 1264 creandis
1904 1235 1994 1272 postea

408 1273 553 1302 decemviris
569 1274 672 1313 legibus
687 1273 831 1303 scribendis
845 1273 980 1309 Confidari
987 1273 1119 1312 potestate.

829 1331 937 1363 Sextia
955 1331 1024 1371 lex,
1048 1343 1108 1378 quae
1128 1337 1174 1365 (ν’
1192 1331 1319 1364 Licinia
1339 1331 1446 1364 Sextia
1459 1327 1585 1365 dicitur.

449 1394 483 1423 Et
503 1393 657 1430 Confielatus
677 1396 785 1433 quidem
802 1396 924 1431 primum
939 1392 999 1421 solis
1013 1392 1127 1429 patriciis
1142 1393 1249 1431 patebat
1264 1416 1271 1426 ,
1294 1393 1385 1429 plebqji
1401 1393 1432 1421 ab
1447 1394 1503 1430 ejus
1518 1393 1650 1430 petitione
1669 1391 1876 1422 excludebantur
1888 1413 1894 1424 ‚
1920 1392 1992 1430 quod

409 1439 477 1468 aegre
492 1431 578 1461 ferens
593 1433 683 1469 plebs,
703 1434 814 1462 tandem
829 1442 876 1470 per
890 1431 1000 1460 tribuno,-
1015 1431 1120 1464 effecit,
1141 1440 1171 1460 ut
1184 1431 1230 1459 fibi
1244 1433 1324 1461 etiam
1341 1441 1402 1461 eum
1419 1441 1512 1468 capere
1528 1431 1629 1460 liceret.
1670 1431 1802 1460 Tulerunt
1814 1431 1887 1459 enim
1901 1429 1991 1467 legem

409 1469 443 1495 C.
459 1470 572 1497 Licinius
583 1470 665 1503 Stolo,
688 1473 718 1500 L.
733 1470 836 1498 Sextius
848 1470 942 1498 tribuni
956 1469 1052 1506 plebis,
1074 1473 1106 1498 L.
1121 1469 1194 1498 Furio
1208 1470 1318 1498 Camillo
1337 1470 1477 1498 Didi-nore
1494 1479 1519 1497 v.
1534 1479 1604 1497 anno
1618 1478 1769 1497 cccxxcw.
1803 1470 1841 1495 Ut
1856 1468 1993 1501 Cotfialum

410 1506 475 1535 alter
489 1517 520 1536 ex
533 1508 611 1544 plebe
624 1516 765 1537 crearetur.
786 1507 876 1536 Livius
890 1509 958 1536 libro
969 1511 995 1535 6.

1101 1547 1235 1580 Genutia
1251 1546 1312 1580 lex.

451 1608 527 1635 Hanc
544 1606 631 1636 secuta
645 1609 681 1637 est
694 1608 819 1640 Genusia,
837 1617 918 1646 quam
934 1608 995 1637 tulit
1010 1608 1042 1636 L.
1057 1608 1181 1636 Genusius
1195 1607 1310 1635 tribunus
1322 1608 1422 1644 plebis,
1442 1607 1478 1634 C.
1490 1607 1583 1634 Marcio
1598 1605 1695 1635 Ruxilio
1714 1615 1755 1633 1v.
1770 1605 1924 1645 Qservilio
1937 1611 1994 1637 Ha.

411 1642 437 1672 la
457 1644 527 1674 Coss,
540 1655 611 1674 anno
623 1656 706 1675 coxr.
725 1648 773 1675 Uti
785 1647 877 1676 liceret
890 1647 986 1676 ambos
999 1646 1115 1682 Conficles
1128 1656 1161 1675 ex
1176 1646 1252 1683 plebe
1267 1647 1358 1674 creari.
1379 1644 1468 1674 Livius
1481 1644 1552 1673 libro
1564 1655 1589 1680 7.

902 1717 979 1745 DE
1019 1716 1509 1744 PRAETORIBUS.

451 1769 493 1797 De
501 1768 646 1804 praloribus
658 1771 745 1806 prima
759 1770 801 1798 lex
817 1769 879 1803 ffiit,
901 1780 980 1808 quam
998 1769 1132 1797 Manutius
1145 1768 1157 1796 ὲ
1172 1769 1212 1796 Μ.
1225 1768 1302 1796 Furio
1316 1768 1426 1796 Camillo
1440 1769 1578 1796 Dichtore
1590 1788 1597 1798 ‚
1617 1777 1688 1795 anno
1701 1766 1782 1795 Urbis
1797 1777 1945 1797 cccxxcvr.
1958 1770 1994 1798 lass

415 1816 469 1835 tam
484 1807 535 1834 efle
548 1815 636 1844 putat,
655 1816 685 1837 ut
693 1817 783 1842 pretor
795 1818 875 1841 unus,
890 1810 934 1846 qui
947 1809 990 1845 jus
1002 1809 1029 1835 in
1043 1807 1117 1835 Urbe
1131 1808 1248 1838 diceret,
1263 1808 1335 1844 quod
1351 1813 1412 1834 ante
1425 1806 1561 1840 Confidam
1575 1814 1672 1832 munus
1684 1804 1780 1837 fuerat.
1791 1807 1915 1841 patricius
1922 1817 1994 1842 creaq

415 1852 494 1874 retur.
512 1845 604 1874 Livius
616 1845 686 1875 libro
697 1850 724 1876 6·
744 1848 768 1875 A
784 1854 838 1884 quo
850 1855 942 1876 tamen
956 1846 1108 1883 magistratu
1118 1865 1125 1877 ,
1146 1848 1172 1874 δε
1188 1845 1282 1882 quibus
1295 1853 1400 1872 comum·
1413 1844 1464 1872 lata
1478 1843 1509 1872 fit
1518 1864 1526 1876 ‚
1546 1852 1602 1872 non
1615 1842 1737 1880 explicat.

1119 1899 1221 1936 Baebia
1238 1901 1301 1935 lex.

414 2002 419 2007 .
452 1967 546 1995 secuta
559 1965 627 1995 hanc
641 1965 678 1995 est
689 1965 788 2001 Baebia,
807 1972 838 1997 ut
848 1965 956 1998 alternis
970 1966 1044 1997 annis
1058 1965 1180 2004 quaterni
1192 1972 1319 2002 praetores
1333 1969 1494 1995 crearentur.
1519 1962 1611 1993 Livius
1623 1961 1692 1991 libro
1701 1971 1749 1998 40·
1777 1961 1860 2000 Festus
1872 1965 1996 1994 nominat

413 2012 439 2031 m
455 2015 521 2034 voce
533 2009 624 2041 Rogat.

1094 2043 1240 2079 Cornelia
1257 2044 1317 2079 lex.

454 2106 495 2133 De
507 2107 687 2143 jurisdifflone
701 2116 847 2147 praetorum
862 2110 893 2137 L.
909 2108 1038 2137 Cornelius
1050 2108 1122 2136 Sulla
1137 2108 1211 2136 Felix
1224 2109 1364 2140 Dictator,
1388 2109 1415 2137 &
1430 2105 1529 2136 Consul
1545 2117 1586 2135 11.
1602 2114 1665 2134 cum
1679 2104 1825 2145 QCacilio
1841 2105 1941 2134 Metello
1951 2104 1996 2133 Pio
2038 2133 2041 2136 Δ

416 2151 486 2170 anno
498 2153 553 2172 IDCI
563 2156 595 2174 xx
602 2157 629 2175 11
640 2148 750 2185 1.legem
760 2147 938 2180 tulit‚nemine
946 2148 1055 2185 quidem
1063 2147 1331 2185 repugnante,multis
1339 2145 1768 2186 tameninvitisquemadmosdum
1777 2143 1866 2173 scribit
1873 2143 1995 2179 Astonius,

417 2188 560 2224 utpraetoses
574 2193 604 2211 ex
613 2186 704 2213 ediffis
718 2186 767 2214 suis
774 2187 907 2224 perpetuis
921 2187 963 2223 jus
977 2187 1104 2215 dicerent.
1126 2187 1194 2222 Qae
1207 2194 1246 2213 res
1258 2193 1316 2213 turn
1324 2185 1438 2222 gratiam
1450 2183 1595 2212 ambitiosis
1605 2182 1763 2218 pratortbus,
1773 2183 1818 2220 qui
1829 2183 1947 2225 variejps
1955 2182 1995 2209 di-

416 2228 476 2247 cere
490 2221 666 2255 assueverant,
684 2223 791 2253 sustulit.
811 2223 936 2253 Solebant
951 2226 1023 2253 enim
1038 2233 1115 2254 antea
1123 2231 1238 2258 pretores
1250 2223 1378 2261 negleffis
1392 2223 1485 2251 edictis
1499 2223 1646 2259 perpetuis,
1666 2230 1696 2250 ut
1711 2221 1820 2259 quisque
1831 2221 1937 2249 avaritia
1950 2224 1997 2248 aut

416 2257 563 2285 ambitione
575 2259 717 2288 ducebatur
727 2283 735 2294 ‚
757 2263 828 2291 varie
839 2263 882 2300 jus
896 2264 999 2292 dicere:
1020 2263 1124 2301 hacque
1135 2262 1237 2291 ratione
1248 2261 1341 2294 fiebat,
1350 2268 1380 2290 ut
1390 2261 1495 2299 lingulis
1505 2261 1579 2288 annis
1592 2269 1662 2288 nova
1672 2260 1758 2288 edieta
1767 2266 1996 2298 proponerentur,
2024 2271 2027 2274 -

416 2295 555 2339 fiPsumque
569 2297 614 2330 jur
626 2297 769 2331 pretorium
788 2300 823 2328 ob
843 2302 995 2330 edictorum
1017 2303 1176 2331 varietatem
1191 2300 1350 2329 turbaretur.
1377 2298 1426 2328 Dio
1440 2299 1486 2328 lib.
1499 2302 1543 2337 36.
1570 2297 1654 2327 Cicero
1672 2298 1814 2336 Philippica
1827 2307 1853 2325 2.
1866 2297 1994 2325 meminit

416 2341 498 2362 etiam
513 2333 590 2370 hujus
604 2333 670 2371 legis
684 2345 691 2361 ε
713 2337 756 2364 Ne
764 2347 856 2371 prator
870 2340 926 2376 plus
941 2350 1023 2378 quam
1037 2350 1062 2368 x.
1077 2340 1132 2368 dies
1145 2339 1177 2368 ab
1192 2338 1266 2368 Urbe
1278 2338 1376 2368 abesset
1380 2359 1389 2373 ‚
1412 2338 1486 2377 quod
1499 2344 1578 2376 caput
1592 2337 1725 2367 existimat
1739 2332 1871 2365 Manutius
1885 2334 1925 2363 vel
1940 2335 1998 2372 pri·
2026 2358 2031 2362 .

415 2381 464 2401 ma:
479 2373 512 2402 de
520 2371 664 2408 prator-ibus
677 2372 729 2411 legi
743 2375 864 2404 additum
875 2396 884 2411 ‚
903 2377 945 2406 vel
957 2379 1045 2415 postea
1059 2378 1144 2408 latum
1161 2377 1242 2406 fuiffe.
1922 2412 1949 2438 D
1974 2409 1997 2438 E
