2075 2734
477 125 538 156 D'z
579 124 1375 159 LunxssAEcuzAnxnuslcirssui
1652 139 1704 177 343

123 181 131 185 ’
164 180 298 208 Caeterum
306 176 672 214 detemporumintervallis‚
690 176 1077 215 quibusistiludireferrentur,
1093 179 1379 219 fidesinambiguoest.
1400 182 1538 220 Siquidem
1548 185 1575 212 in
1583 188 1702 216 carmine

124 217 236 246 &culari
244 215 383 248 Horatius,
403 216 525 244 undenos
534 216 676 252 deciesper
683 225 766 244 annos
779 214 976 248 fierideclarat‚
997 218 1068 254 quod
1085 219 1301 247 &Commentarii
1306 219 1586 258 Qindecjm2170mm‚
1608 226 1634 253 ἃ
1645 225 1703 254 divi

123 255 359 294 Angustiedicssta&
368 253 446 290 ipfius
452 254 565 291 denique
574 252 692 290 Sibyllae,
710 254 782 291 quod
789 253 876 282 adhuc
890 261 976 284 extat,
996 255 1133 283 oraculum
1149 257 1379 286 confirmaverint.
1398 260 1500 288 Contra
1514 270 1580 289 vero
1592 263 1702 291 centeii-

122 303 200 321 mum
209 294 296 321 redire
302 293 360 330 post
366 301 464 320 annum
473 313 480 324 ‚
500 300 555 321 tarn
565 290 678 319 Valerius
684 290 790 321 Antias,
811 300 893 328 quam
902 291 975 318 Titus
981 291 1069 319 Livius
1077 295 1102 321 &
1115 294 1181 321 item
1190 299 1229 322 M.
1240 297 1597 334 Varrotestariperhibentm..
1617 302 1700 339 Qod

120 332 194 360 enim
203 331 390 369 legimusapud
399 329 660 357 Herodianumtrium
668 328 753 366 spatio
759 329 966 358 aetatumiblitos
975 330 1124 361 instaurari,
1146 342 1241 360 vereor
1247 341 1277 361 ut
1284 336 1426 363 emendata
1439 335 1469 364 iit
1483 336 1519 364 ibi
1534 336 1629 369 1e6ti0,
1651 349 1699 367 no·

121 370 255 407 stramque
262 370 298 398 ob
305 370 332 397 id
346 372 361 396 e
369 370 464 396 Graeco
470 368 720 402 interpretationem
730 377 793 396 cum
802 367 1029 405 venialegendam
1038 368 1141 396 censeo
1169 371 1229 397 Nec
1237 379 1326 398 autem
1348 373 1359 406 <
1367 373 1385 400 fi
1394 382 1516 409 tempora
1524 376 1698 412 dinumeres)

121 404 612 446 autquantaintervallaretrofuerint,
631 405 974 443 autquantaeffedebeant,
995 407 1109 433 omnino
1117 406 1234 443 colligas.
1256 410 1369 438 instituti
1378 419 1468 439 autem
1483 414 1565 449 primi
1571 414 1699 447 saculares

121 445 354 484 ludipostexa6tos
362 441 612 480 RegesaP.W1lerio
620 443 754 478 Poplicola,
775 445 819 482 qui
827 445 929 480 primus
937 444 1035 472 Consul
1043 443 1109 475 fuit,
1129 446 1320 474 existimantur.
1341 449 1448 476 Etenim
1458 450 1637 480 laborantibus
1651 463 1697 490 pc-

120 484 233 513 stiientia
241 484 354 514 civibus,
364 481 432 519 apud
439 480 694 519 hancipsam‚quam
704 483 835 513 diximus,
855 492 944 514 aram,
965 482 1068 519 publice
1076 484 1232 518 nuncupatis
1248 485 1331 515 votis,
1351 494 1439 514 atrum
1453 487 1555 516 bovem
1573 489 1634 517 Diti
1646 500 1697 527 pro

120 521 253 551 maribus,
272 520 444 549 concolor-em
453 529 503 556 pro
511 520 645 551 foeminis,
665 520 808 556 juvencam
818 520 1110 555 Proftrpinaemastavit,
1122 521 1255 558 ludosque
1271 524 1296 549 ἃ
1306 522 1461 552 lectisternia
1476 528 1603 555 trinodi-io
1618 528 1699 560 fecit.

121 562 229 588 &aram
238 567 306 587 terra
314 558 378 587 ficut
388 564 449 585 ante
457 558 542 585 fuerat
551 579 557 589 ‚
577 563 735 595 exaggerata
748 558 879 590 occuluit,
899 558 1053 594 inscriptam
1067 559 1146 587 titulo
1158 559 1219 586 isto:
1242 563 1272 586 P.
1287 560 1399 587 Valerius
1416 563 1534 597 Popltcozssz
1548 565 1695 595 frumenta.

117 599 190 626 rium
197 606 323 634 campum
331 595 425 624 Diti&
436 595 579 630 Proserpina
596 596 773 628 consecravit,
795 597 906 625 &ludos
914 596 1005 625 Diu&
1019 597 1162 632 Profivpmae
1177 599 1366 625 Rornanorum
1382 598 1467 627 salutis
1481 610 1546 639 ergo
1560 603 1632 632 fecit.
1651 607 1697 632 Se-

118 637 219 664 cundos
232 643 323 664 autem
332 634 447 663 secundo
456 636 482 662 8<
491 634 711 672 quinquagesimo
717 636 776 672 post
783 636 904 663 Romam
912 635 1051 663 conditam
1060 634 1144 663 fastos
1158 645 1228 663 anno
1239 636 1382 664 admonitu
1395 637 1584 673 Sibyllinorum
1598 644 1695 671 carmi-

117 683 199 706 num,
218 674 300 702 tradit
309 671 536 711 GraeceZqssmm,
557 673 639 701 missis
653 673 888 710 occupatamorbo
895 672 1084 701 civitateleffls
1098 674 1130 701 ad
1143 672 1195 701 hoc
1209 674 1286 706 viris,
1307 675 1352 711 qui
1367 674 1448 702 libros
1463 677 1637 708 consulerent:
1660 691 1694 709 ex

115 721 132 749 q
153 722 229 740 orum
238 711 377 749 responso,
398 712 487 738 denuo
496 711 595 748 regesta
602 710 688 739 humo
695 712 762 748 apud
771 721 842 738 aram
851 711 919 739 hanc
926 711 1007 747 ipsam
1019 732 1026 743 ‚
1040 712 1067 739 in
1075 720 1199 740 extremo
1209 713 1296 749 campi
1306 714 1397 740 Martii
1404 713 1438 740 de
1444 722 1523 742 more
1530 715 1598 744 sacra
1607 721 1631 746 ὃς
1639 718 1696 747 ludi

118 721 245 786 pldsssoluti
260 771 267 782 ‚
294 751 464 786 restitutaque
479 750 610 777 Romanis
623 750 722 778 iterum
736 750 772 777 est
783 749 963 777 incolumitas.
1001 749 1146 778 Consulem
1170 760 1236 778 vero
1254 750 1368 788 scriptor
1388 750 1430 778 hic
1450 762 1534 780 unum
1550 754 1692 789 duntaxat,

116 789 280 825 exemplario
292 788 399 816 fortaffe
412 787 514 815 mendo
526 808 534 820 ,
554 792 595 814 M.
607 787 727 815 Publium
741 787 880 825 Qintium
900 788 1052 815 nominavit
1065 809 1073 820 ‚
1100 797 1163 815 cum
1178 788 1327 824 Cenftrinus
1339 793 1378 815 M.
1393 789 1520 817 Valenum
1536 794 1562 820 S<
1575 794 1692 827 Spurium

112 826 255 866 Virginium
269 825 395 854 Consules
409 826 514 861 prodat.
550 826 685 861 Idemque
697 827 805 857 terrim,
826 828 853 854 ὃς
866 826 933 854 irem
949 834 1056 863 quartos
1070 826 1219 854 Consulum
1233 827 1400 863 temporibus
1414 848 1420 855 .
1441 837 1509 864 quos
1530 832 1556 858 ἃ
1570 833 1694 860 nomina-

114 866 166 892 tim
184 866 249 893 citat
260 863 463 893 authoritatibus
475 861 592 890 Antiatis
607 863 700 891 Valerii
713 885 720 895 ‚
746 863 802 891 Titi
814 863 905 894 Livii,
926 864 1045 892 Varronis
1056 886 1066 894 ‚
1087 863 1182 898 etsom's
1196 886 1203 897 ,
1224 863 1322 902 Agellii
1333 886 1342 897 ‚
1363 867 1390 894 8<
1404 865 1517 893 Hemina
1535 870 1695 905 comprobat

115 902 215 934 factos,
236 903 370 940 etiamque
384 902 605 929 Commentarios
620 901 875 937 quindecimvirum
895 902 972 931 {acris
994 902 1123 930 facssundis
1142 904 1170 930 in
1192 904 1376 931 testimonium
1398 904 1430 931 ad
1444 905 1524 934 ciscit.
1565 909 1601 934 At
1621 909 1694 936 enim

113 943 241 978 quoniam
257 941 372 969 lubricus
390 941 418 967 in
430 939 543 975 propriis
556 940 713 968 nominibus
725 960 732 971 ,
763 942 789 968 &
805 941 871 968 item
890 942 916 969 in
932 950 1108 969 numerorum
1132 943 1204 969 notis
1223 941 1392 970 librariorum
1406 941 1491 978 lapsus
1503 962 1511 974 ‚
1542 945 1633 973 vitiata
1647 947 1693 974 ista

113 981 162 1014 (ni
176 979 270 1014 fallor)
291 979 319 1006 in
332 978 461 1012 Censbrim'
477 979 685 1006 Commentario
699 979 823 1014 reperies.
863 979 1000 1007 Caeterum
1014 980 1089 1006 dirus
1105 978 1235 1018 Augustus
1254 979 1366 1008 abolitos
1385 990 1432 1008 eos
1450 981 1577 1018 paulatim
1599 984 1609 1017 <
1618 983 1693 1012 sicuti

115 1018 226 1054 quidam
241 1017 354 1054 putant)
373 1024 453 1053 atque
467 1016 632 1044 intermissos
647 1017 799 1045 instauravit
813 1037 820 1048 ‚
847 1026 948 1055 magno
970 1018 980 1052 (
988 1025 1018 1045 ut
1030 1016 1120 1045 Livius
1132 1020 1187 1053 ait)
1208 1027 1334 1055 apparatu
1347 1039 1354 1050 ,
1381 1022 1411 1045 L.
1427 1019 1557 1054 Censtrino
1569 1041 1577 1052 ,
1605 1024 1631 1050 &c
1650 1027 1691 1050 M.

110 1055 210 1083 Manlio
223 1054 320 1083 Puellio
333 1054 506 1085 Consulibus,
527 1056 599 1089 Ateio
613 1062 703 1082 autem
718 1054 839 1089 Capitone
851 1056 1022 1084 circumitum
1033 1076 1040 1086 ,
1059 1054 1226 1093 spatiumque
1238 1056 1411 1092 subjiciente,
1431 1058 1513 1086 ritum
1529 1067 1594 1086 vero
1607 1059 1693 1088 sacro-

111 1103 172 1122 rum
189 1093 262 1122 libris
276 1092 450 1121 indicantibus
463 1092 605 1129 Sibyllinis,
646 1094 730 1120 Porro
743 1093 830 1121 sextos
844 1114 852 1125 ‚
878 1093 1001 1121 Chmdius
1021 1093 1046 1120 se
1061 1093 1177 1122 Consule
1196 1104 1235 1122 iv.
1258 1097 1284 1123 ἃ
1307 1097 1338 1122 L.
1355 1095 1464 1122 Vitellio
1485 1097 1554 1133 quali
1567 1099 1692 1136 anticipa-

113 1139 156 1160 tos
174 1132 206 1159 ab
217 1131 352 1169 Augusto,
372 1141 423 1159 nec
434 1131 560 1168 legitimo
573 1132 693 1168 tempori
712 1131 870 1159 reservatos:
891 1133 1013 1168 quamvis
1026 1131 1080 1168 ipse
1095 1133 1122 1160 in
1136 1132 1250 1160 historiis
1269 1131 1319 1160 suis
1338 1133 1481 1169 prodidiss'e
1500 1144 1670 1163 memoretur
1681 1157 1689 1168 ‚

110 1170 272 1198 intermissos
286 1179 332 1197 eos
352 1168 513 1206 Augustum,
534 1169 623 1197 multo
639 1170 697 1206 post
710 1169 910 1205 diligentiffime
924 1179 1057 1198 annorum
1076 1172 1181 1198 ratione
1193 1169 1320 1198 subdueta
1334 1191 1342 1202 ,
1369 1171 1396 1198 in
1411 1172 1536 1199 ordinem
1551 1174 1688 1211 redegisse.

113 1208 203 1246 Qare
217 1218 270 1236 vox
289 1209 371 1235 etiam
386 1207 458 1234 irrisa
470 1208 599 1243 praeconis
619 1208 744 1238 traditur,
766 1208 903 1235 invitantis
918 1217 996 1234 more
1013 1208 1114 1235 lolenni
1133 1209 1167 1236 ad
1181 1208 1258 1235 ludos
1272 1229 1280 1239 ,
1300 1218 1367 1244 quos
1381 1219 1430 1236 nec
1444 1208 1608 1245 spectarisset
1622 1212 1691 1248 quis-

111 1254 191 1281 quam
202 1267 210 1277 ‚
230 1256 281 1273 uec
293 1244 454 1282 speEtaturus
474 1244 537 1271 esset
552 1265 559 1275 ‚
586 1254 649 1272 cum
663 1243 821 1280 superessent
841 1245 927 1272 adhuc
943 1266 950 1277 ‚
970 1247 1014 1281 qui
1027 1245 1208 1281 spectaverant
1220 1265 1227 1276 ,
1251 1248 1283 1273 ’ἃ
1298 1247 1406 1282 quidam
1421 1247 1577 1275 histrionum
1592 1250 1690 1286 produ-

110 1283 148 1310 sti
166 1284 234 1311 olim
248 1304 255 1315 ‚
287 1291 346 1311 tum
368 1291 475 1319 quoque
493 1282 712 1319 producerentur.
752 1283 861 1310 Etenim
887 1281 1077 1318 Stephanionem
1090 1304 1097 1314 ,
1132 1284 1177 1320 qui
1196 1283 1299 1319 primus
1325 1286 1422 1321 togatis
1447 1285 1539 1313 saltare
1559 1287 1690 1320 instituit,

112 1321 248 1359 utriusque
257 1320 416 1356 sacularibus
436 1319 504 1347 ludis
517 1340 524 1351 ‚
558 1321 668 1357 Augusti
688 1320 812 1347 videlicet
831 1323 858 1349 &
878 1321 1003 1351 Claudii,
1039 1321 1137 1349 saltasse
1162 1322 1315 1358 accepimus
1329 1343 1336 1353 ,
1369 1323 1416 1359 qui
1435 1333 1534 1351 inii.
1555 1334 1612 1352 non
1631 1335 1690 1354 am-

108 1359 176 1395 plius
194 1369 278 1388 annos
299 1358 445 1387 interfuere
458 1378 465 1389 ‚
492 1360 614 1394 quamvis
636 1361 662 1386 δε
682 1358 771 1395 postea
789 1358 833 1386 ille
852 1359 898 1386 diu
918 1359 1023 1387 vixerit.
1064 1360 1200 1396 Septimos
1218 1358 1383 1387 Domitianus
1396 1382 1404 1393 ,
1431 1360 1457 1388 se
1475 1371 1538 1389 xiv.
1557 1365 1688 1392 &mui-

108 1398 186 1425 nutio
199 1397 283 1426 Ruffo
299 1396 469 1426 Consulibus,
491 1402 646 1431 computata
657 1404 762 1423 ratione
774 1404 932 1432 temporum
951 1397 983 1424 ad
998 1406 1098 1424 annum
1107 1418 1114 1428 ‚
1133 1407 1188 1424 non
1201 1407 1256 1433 quo
1270 1397 1393 1425 claudius
1412 1400 1535 1434 proxime
1547 1421 1554 1432 ,
1574 1400 1618 1429 sed
1632 1411 1687 1439 quo

107 1435 176 1462 olim
191 1434 314 1472 Augustus
333 1435 460 1462 ediderat.
480 1453 484 1455 -
501 1434 624 1470 Denique
643 1435 671 1461 in
691 1434 860 1462 numifmatis
881 1435 958 1461 variis
977 1436 1046 1470 apud
1069 1436 1243 1463 Laurentium
1264 1436 1383 1462 nostrum
1403 1437 1539 1465 Medicem
1562 1438 1687 1476 stelogra-

106 1472 198 1510 phiam
218 1482 326 1510 quoque
345 1473 421 1500 istam
443 1472 581 1500 vidimus:
608 1472 676 1499 Lud.
689 1476 745 1499 Saec.
758 1476 812 1499 Fec.
826 1476 881 1499 Cos.
897 1482 958 1499 xiv.
988 1476 1052 1500 Haec
1073 1472 1223 1501 Polnianus.
1269 1474 1303 1500 Et
1322 1474 1401 1509 paulo
1419 1475 1496 1510 post:
1527 1476 1687 1505 Centenmo

106 1511 268 1548 decimoque
281 1510 339 1547 post
352 1508 498 1537 Domitiani
517 1510 593 1537 ludos
607 1520 692 1541 anno,
713 1510 863 1537 instauravit
878 1513 904 1538 ἃ
919 1519 964 1537 eas
979 1511 1130 1546 Imperator
1144 1511 1188 1538 ille
1207 1510 1345 1544 Septimius
1362 1516 1472 1539 Severus
1485 1534 1491 1544 ‚
1513 1515 1587 1550 cujus
1603 1517 1685 1542 etiam

106 1558 179 1576 nunc
193 1550 291 1576 Romae
308 1548 505 1585 pulcherrimus
524 1547 656 1584 speetatur
675 1548 842 1586 triumphalis
862 1558 936 1575 arcus
948 1569 955 1579 ,
986 1558 1048 1576 cum
1063 1549 1122 1576 filiis
1141 1554 1268 1576 Antonmo
1288 1551 1315 1577 ἃ
1328 1554 1394 1577 Geta
1407 1570 1416 1579 ,
1441 1551 1544 1577 Chilone
1558 1554 1585 1579 ἃ
1598 1552 1687 1579 Vibone

107 1586 275 1614 Consulibus.
315 1588 391 1627 Qos
410 1586 485 1614 ludos
506 1589 532 1614 ἃ
552 1587 643 1614 vidisse
661 1586 687 1614 se
707 1594 843 1614 memorat
861 1585 1022 1613 Herodianus
1039 1608 1046 1619 ‚
1069 1590 1096 1615 ἃ
1113 1586 1182 1615 Dion
1201 1594 1277 1614 aetate
1296 1586 1340 1614 sua
1360 1588 1445 1616 factos
1465 1590 1606 1617 memoriae
1623 1599 1686 1626 pro-

105 1625 184 1654 didit.
223 1625 283 1652 Post
296 1626 425 1652 Severum
439 1631 519 1660 negat
530 1625 685 1653 instauratos
697 1623 826 1661 Zosimus:
851 1625 980 1662 quoniam
995 1624 1039 1653 hic
1056 1634 1189 1653 annorum
1205 1632 1316 1652 centum
1332 1628 1359 1654 ἃ
1373 1627 1467 1654 decem
1483 1637 1552 1664 pene
1564 1637 1687 1664 receptus

106 1662 266 1691 authoritate
285 1663 401 1690 ambitus
425 1663 453 1690 in
474 1661 648 1690 Consulatum
669 1661 828 1700 Constantini
847 1663 988 1692 Christiani
1014 1664 1142 1701 Principis
1165 1664 1276 1691 tertium
1289 1685 1296 1695 ‚
1331 1667 1358 1693 δ’
1377 1664 1470 1692 Licinti
1483 1685 1492 1695 ,
1522 1674 1603 1701 quem
1624 1667 1687 1694 dein

107 1700 178 1728 bello
197 1700 250 1736 ipse
272 1702 336 1730 vicit
349 1721 357 1732 ‚
390 1700 546 1728 incuariffiet.
587 1701 647 1728 Nos
673 1708 764 1728 tamen
789 1701 858 1737 apud
876 1701 1008 1736 Eusebium
1032 1702 1060 1729 in
1079 1702 1224 1729 Chronieis
1244 1704 1270 1729 ἃ
1289 1702 1442 1738 Eutropium
1458 1704 1485 1730 in
1506 1704 1688 1732 Historiarum

106 1737 153 1767 lib.
163 1749 190 1774 9.
208 1738 322 1775 legimus
337 1738 459 1775 Philippo
471 1739 620 1775 imperante
639 1739 650 1773 (
659 1747 810 1775 quanquam
827 1740 930 1775 primus
943 1739 1018 1766 tuifl'e
1031 1739 1353 1776 Christianuslmperator
1366 1742 1500 1776 creditur)
1510 1741 1685 1770 millesimum

105 1786 206 1805 annum
222 1777 354 1804 Romanae
367 1777 446 1804 Urbis
464 1777 568 1813 ingenti
578 1777 702 1805 ludorum
718 1786 858 1813 apparatu,
878 1779 905 1805 ὃς
919 1777 1131 1813 spestaculorum
1145 1777 1219 1805 fuiss'e
1234 1778 1414 1811 celebratum,
1434 1778 1575 1815 bestiasque
1590 1781 1618 1807 in
1632 1781 1684 1808 cir-

106 1824 141 1843 co
159 1814 365 1843 innumerabiles
383 1815 536 1843 interfectas
548 1835 556 1846 ,
583 1818 610 1843 &-
630 1815 704 1842 ludos
723 1815 751 1843 in
770 1824 869 1852 campo
889 1815 989 1843 Martio
1009 1816 1149 1844 theatrales
1167 1816 1251 1844 tribus
1276 1816 1368 1844 diebus
1392 1826 1423 1844 ac
1443 1817 1564 1846 noctibus
1582 1818 1685 1854 populo

105 1852 281 1890 pervigilante
300 1853 497 1881 ccncelebratos
512 1863 517 1879 ·.
545 1853 639 1889 quibus
655 1852 723 1880 ludis
738 1853 895 1888 *siculanbus
920 1854 1001 1882 etiam
1023 1855 1120 1882 dicitur
1140 1854 1263 1888 Philrppus
1280 1855 1369 1889 junior
1388 1856 1409 1882 is
1429 1856 1474 1892 qui
1492 1864 1628 1892 nunquam
1648 1858 1685 1885 ri-

108 1891 165 1919 fiffie
184 1892 318 1923 creditur,
344 1898 450 1928 patrem
470 1891 621 1928 Philippum
642 1890 775 1919 seniorem
793 1892 954 1928 petulantius
973 1892 1176 1920 cachinnantem
1196 1892 1271 1919 vultu
1299 1893 1390 1920 averso
1414 1892 1551 1920 nutavisse.
1591 1895 1683 1923 Restat

105 1929 146 1957 uti
166 1929 199 1956 de
218 1929 272 1957 ritu
289 1930 403 1966 carptim
423 1929 533 1966 paucula
552 1930 766 1967 perstringamus.
805 1929 963 1958 Instantibus
983 1932 1073 1967 itaque
1093 1930 1160 1957 ludv's
1179 1938 1236 1958 tota
1260 1930 1333 1959 Italia
1358 1940 1492 1967 praecones
1519 1931 1682 1960 missitaban-

104 1973 150 1995 tur
169 1974 348 1995 convocatum
366 1968 403 1994 ad
420 1969 490 1995 ludos
503 1989 511 2000 ‚
545 1969 590 2005 qui
608 1977 659 1995 nec
676 1967 785 2005 speetati
799 1988 806 1999 ‚
837 1978 888 1996 nec
913 1967 1048 2004 spedhmdi
1071 1969 1171 1996 iterum
1199 1968 1297 1995 forent.
1337 1971 1411 1995 Turn
1431 1969 1522 1997 aestatis
1542 1978 1680 2006 tempore,

106 2005 197 2041 paucis
209 2012 350 2041 antequam
365 2004 508 2042 speetacuia
521 2006 666 2034 edebantur
678 2006 770 2033 diebus
782 2027 790 2038 ,
816 2005 1023 2043 Quindecim-iri
1044 2005 1120 2033 sacris
1139 2005 1269 2033 faciundis
1288 2006 1316 2033 in
1336 2006 1472 2042 Capitolio
1486 2027 1492 2037 ‚
1519 2009 1546 2035 &
1562 2008 1681 2037 Palatino

105 2042 213 2079 templo
227 2051 279 2078 pro
290 2042 410 2080 suggestu
422 2044 600 2075 confidentes,
620 2045 739 2080 piamina
753 2045 909 2072 dividebant
920 2044 1034 2080 populo,
1056 2053 1113 2080 quae
1124 2052 1198 2070 erant
1211 2044 1289 2076 rada,
1300 2043 1419 2079 fidphur,
1441 2047 1467 2072 ἃ
1479 2044 1599 2074 bitumen.
1621 2048 1682 2074 Nec

105 2087 199 2108 tamen
220 2081 251 2108 ad
271 2090 302 2108 ea
320 2080 400 2108 iervis
417 2091 524 2119 quoque
542 2083 696 2118 accipienda
715 2083 756 2118 jus
775 2082 870 2110 ullum.
909 2082 1007 2109 Coibat
1032 2089 1121 2108 autem
1141 2081 1255 2118 populus
1268 2102 1275 2113 ‚
1309 2091 1370 2109 cum
1392 2083 1419 2110 in
1439 2092 1495 2119 quae
1514 2083 1591 2119 supra
1609 2093 1681 2113 retu-

105 2118 187 2146 limus
204 2121 276 2150 loca,
297 2125 357 2146 tum
371 2127 496 2155 praeterea
513 2121 541 2148 in
556 2120 642 2148 Diam
655 2121 792 2155 templum,
815 2120 888 2157 quod
902 2128 959 2148 erat
974 2121 1001 2147 in
1015 2120 1152 2147 Aventino
1165 2140 1172 2150 ,
1194 2121 1221 2147 ὃς
1234 2120 1276 2147 cui
1287 2119 1402 2147 triticum
1415 2142 1424 2153 ‚
1441 2120 1503 2157 szba
1517 2141 1524 2152 ‚
1549 2122 1681 2150 hordeum-

103 2166 154 2196 que
172 2158 229 2185 dari
248 2166 317 2184 mos.
356 2159 430 2184 Tum
456 2158 488 2185 ad
514 2159 593 2186 §sistat
617 2159 722 2187 Cereris
749 2159 887 2186 initiorum
913 2156 1048 2195 pervigilia
1076 2156 1180 2185 fiebant.
1220 2157 1274 2184 Ubi
1295 2168 1360 2186 vero
1385 2159 1442 2194 jam
1469 2159 1577 2188 advenit
1603 2160 1682 2189 festus

103 2195 177 2228 dies,
197 2196 317 2224 triduum
330 2214 339 2224 ‚
359 2195 568 2234 trinoffiumque
586 2196 664 2225 sacris
683 2198 780 2226 intenti
795 2218 802 2229 ,
829 2197 856 2223 in
870 2197 926 2233 ripa
939 2196 995 2232 ipsa
1012 2196 1131 2223 maxime
1151 2194 1258 2223 Tiberis
1274 2196 1415 2234 agitabant.
1453 2196 1579 2235 Sacrficm
1600 2206 1681 2231 vero,

103 2232 196 2270 Jovi,
215 2233 308 2266 ‚lunoni
321 2253 328 2264 ‚
349 2232 478 2267 Apollini,
498 2238 617 2268 Latona,
645 2235 731 2262 Dianae
746 2257 753 2267 ‚
780 2242 957 2272 praetereaquc
976 2233 1062 2261 Parciae
1076 2254 1083 2265 ,
1112 2236 1139 2262 ὃ(
1153 2242 1215 2270 quas
1228 2229 1327 2263 vocant
1346 2234 1447 2272 Ilythias
1463 2255 1471 2267 ‚
1497 2244 1558 2264 tum
1579 2237 1681 2268 Cereri,

106 2274 135 2300 ὃ(
148 2270 222 2303 Diti,
244 2273 271 2299 ἃ
286 2270 429 2306 Profi’rpinae
443 2269 654 2307 suscipiebantur.
694 2275 779 2311 Igitur
792 2272 906 2300 secunda
918 2274 1010 2308 primae
1023 2272 1110 2299 noctis
1128 2271 1194 2299 hora
1212 2273 1336 2310 Princeps
1355 2273 1409 2309 ipse
1424 2274 1508 2301 tribus
1526 2276 1576 2302 aris
1595 2276 1627 2303 ad
1647 2276 1682 2302 ri-

105 2318 169 2346 pam
183 2310 303 2337 fluminis
318 2309 444 2337 extructis
459 2330 466 2340 ‚
493 2311 607 2338 totidem
623 2320 705 2348 agnos
719 2332 726 2343 ‚
754 2313 780 2340 ὅτ.
795 2320 846 2338 una
860 2309 1064 2347 Qindecimriri
1083 2309 1262 2338 immolabant
1274 2331 1282 2342 ‚
1302 2314 1327 2340 &
1341 2310 1466 2348 sanguine
1486 2313 1596 2340 imbutis
1615 2314 1681 2344 aris,

105 2347 167 2375 caesa
181 2347 352 2375 vietimarum
369 2356 483 2383 corpora
495 2348 710 2378 concremabant.
750 2349 908 2376 Construeta
927 2356 1016 2375 autem
1032 2347 1108 2375 scena
1127 2349 1154 2375 in
1169 2348 1265 2376 theatri
1281 2359 1388 2376 morem
1401 2370 1408 2379 ,
1438 2349 1539 2377 lumina
1560 2354 1585 2378 Sc
1608 2352 1683 2387 ignes

104 2386 229 2418 accendi,
250 2388 278 2415 &
290 2386 386 2422 hymni
402 2386 529 2418 concini,
556 2386 588 2414 ad
602 2385 673 2414 hunc
686 2387 763 2416 usum
776 2395 840 2415 tunc
853 2387 972 2414 maxime
991 2386 1135 2423 compositi
1149 2406 1157 2418 ,
1184 2388 1213 2416 δι
1227 2387 1294 2415 item
1315 2387 1460 2425 spee'tacula
1479 2390 1521 2416 edi
1542 2388 1683 2416 solenniter

1593 2426 1683 2459 solita,
