2075 2734
29 0 89 40 tima*

22 269 28 339 ’ξ

23 349 26 364 l

21 474 25 550 ἓ

21 551 26 584 t

443 86 1393 124 DsCasen'Ausririos-z,&c.cdxxi·
1647 111 1701 142 729

113 140 206 178 averiis
225 145 257 175 ab
273 146 396 183 equitum
411 145 523 182 'aspestu
545 144 690 175 dimidiata*
705 141 854 185 altitudine.
866 142 898 169 ad
916 141 1114 185 longitudinem
1134 145 1202 182 signi
1222 146 1348 184 cujusque
1361 169 1368 180 ‚
1395 158 1429 176 eo
1443 151 1514 185 quod
1530 153 1704 184 multitudine

113 179 195 216 etiam
211 185 326 213 dimidio
340 185 479 221 pacior&
490 184 649 221 plerumque
662 182 721 209 fiint
734 181 752 208 ii
767 189 868 209 caetcris
886 181 1014 215 partibus.
1054 183 1241 218 Qamobrem
1257 194 1319 212 cum
1334 187 1469 224 inaequahs
1481 191 1571 219 existat
1586 191 1700 228 saepenu-

102 234 194 255 Vmero
208 224 329 250 virorum
343 222 507 254 multitudo,
527 221 663 257 contingit
676 228 706 248 ut
723 218 830 254 semper
842 219 1014 261 adaequentur
1026 218 1170 249 secundum
1187 222 1384 259 longitudinem
1400 234 1488 262 partes
1505 238 1600 257 omnes
1615 231 1650 258 ob
1663 231 1699 259 al-

106 261 231 291 titudinis
245 261 437 289 differentiam.
456 259 563 296 -Rursus
576 258 767 295 quinquaginta
781 257 882 293 pedum
897 256 1038 300 intervallo
1053 257 1084 285 ab
1099 259 1131 286 iis
1145 260 1262 297 utrit‘que
1276 262 1398 291 distantes
1413 285 1420 295 ,
1448 267 1583 303 oppofitos
1599 267 1698 297 trimis:

104 295 200 328 'locant
210 295 357 336 principes:
379 299 456 326 verfis
468 305 558 325 autem
571 297 602 324 iis
615 305 720 333 quoque
735 296 762 322 in
775 292 899 331 praedieta
913 294 1051 323 intervalla
1064 296 1120 324 duae
1134 296 1172 325 hae
1183 299 1362 334 praeficiuntur
1377 302 1473 339 ssrigae,
1495 306 1571 333 initia
1585 307 1696 342 quidem

22 366 25 375 1
64 338 67 341 “
109 338 142 366 ab
156 339 250 366 eadem
266 337 338 365 recta
351 337 418 368 linea
435 337 580 372 capientes,
599 334 736 372 aditusque
749 333 943 374 sicuttequnites:
964 333 996 361 ab
1011 334 1131 361 distantia
1148 336 1271 365 videlicet
1285 339 1423 375 centipede
1439 360 1446 369 ,
1469 350 1527 378 quae
1541 352 1602 372 ante
1615 344 1698 372 mbu-

23 388 25 396 ι
64 371 68 375 ’
109 386 153 403 nos
165 377 201 404 est
216 387 220 403 :
243 376 387 403 desinentes
400 382 489 402 autem
501 375 532 401 rin
545 373 612 401 latus
626 373 771 409 castrorum
787 371 893 398 trtbums
906 371 1061 408 oppositum
1076 393 1082 403 .
1105 374 1177 409 quod
1192 374 1224 402 ab
1239 376 1316 403 initio
1329 378 1518 414 proposuimus
1539 382 1694 418 oppofitum

109 414 160 442 effe
175 415 225 443 toti
241 411 386 441 castrorum
400 413 504 440 fornix.
520 411 590 439 *1³0st
599 410 720 445 principes
734 409 854 446 {imiliter
866 410 970 437 averlos
984 411 1200 447 contingentibus
1213 412 1239 439 se
1254 413 1344 450 figuris
1358 415 1448 445 locant
1462 416 1578 455 hastatos.
1607 421 1693 449 Cum-

109 461 162 488 que
178 453 273 480 decem
286 451 357 487 ligna
369 449 480 477 habeant
495 460 527 478 ex
541 450 627 485 prima
641 449 770 476 divifione
784 448 868 485 striga:
880 456 976 475 omnes
988 468 996 479 ‚
1024 449 1139 485 contigit
1153 459 1194 477 eas
1213 460 1309 479 omnes
1330 454 1411 481 etiam
1434 454 1605 492 longitudine
1618 467 1694 494 pares

108 490 181 524 fieri,
201 498 344 526 earumque
355 487 483 515 sectiones
497 509 503 519 ,
523 488 670 524 postremas
687 488 796 524 inquam
811 487 907 522 parteis
925 485 958 513 ad
972 485 1039 514 latus
1052 486 1112 514 valli
1132 488 1284 523 oppofitnm
1301 491 1430 527 adaequari
1445 505 1450 520 ·.
1472 495 1503 522 ad
1519 496 1591 531 quod
1608 497 1692 525 etiam

110 528 203 555 ultima
220 534 352 555 vertentes
367 526 438 562 ligna
453 527 678 554 castrametantur.
716 523 874 561 Abhastatis
888 522 975 552 rursus
991 524 1182 560 quinquaointa
1195 525 1374 563 relinquentes
1387 531 1486 566 pedum
1498 532 1627 568 spatium,
1648 534 1693 562 so-

109 566 215 593 ciorum
229 565 329 601 equites
343 564 375 591 iis
392 564 527 600 oppositos
541 564 630 592 locant
643 564 778 591 sumentes
793 563 900 589 initium
916 561 948 588 ab
969 562 1063 589 eadem
1079 563 1151 589 reeta
1168 563 1249 595 linea,
1272 566 1470 604 defluentesque
1482 570 1509 597 in
1527 571 1600 598 idem
1614 571 1691 600 latus.

109 603 153 630 Est
168 610 258 630 autem
264 602 390 636 sociorum
403 601 541 630 multitudo
555 603 678 640 peditum
692 622 699 633 ³
719 608 750 628 ut
762 609 823 629 ante
837 600 891 627 dixi
905 621 914 631 ‚
931 608 978 636 par
991 599 1139 637 legionibus
1155 602 1287 630 Romanis
1299 623 1307 634 ‚
1329 606 1543 635 extraordinariis
1560 610 1689 640 duntaxat

107 641 233 675 inferior,
254 642 375 678 equitum
390 641 471 678 duplo
485 640 573 677 major
589 640 673 668 ablata
684 639 782 667 horum
798 647 905 675 quoque
915 639 943 665 in
957 639 1180 666 extraordinarios
1194 640 1273 667 tertia
1285 650 1359 677 parte
1373 663 1380 673 ‚
1401 643 1436 670 ob
1450 645 1476 672 id
1490 644 1588 674 horum
1602 649 1689 676 etiam

106 678 275 707 altitudinem
288 687 414 716 augentes
427 681 603 716 proportione
616 687 632 711 ,·
643 680 672 706 in
685 677 948 706 castrametationum
963 676 1045 714 figura
1063 685 1195 705 conantur
1207 677 1407 716 longitudinem
1427 691 1534 720 quoque
1554 686 1691 715 Romanis

106 716 255 754 legionibus
263 718 410 754 adaequare.
441 748 444 751 ,
1090 753 1095 758 .
1112 754 1117 758 ¹

146 755 285 782 Confectis
298 764 387 782 autem
401 755 527 782 omnibus
540 756 656 792 quinque
671 756 720 790 viis
732 775 740 786 ,
763 752 850 781 aversa
863 752 966 782 rui-sun
988 752 1024 795 ab¹
1035 753 1167 795 equitibus
1181 761 1285 791 ponunt
1300 754 1435 784 fecialium
1456 760 1577 794 peditum
1596 761 1668 798 signa
1679 783 1689 795 ,

71 813 75 816 .
104 801 235 830 augentes
248 793 417 821 altitudinem
432 793 464 820 ad
476 794 632 829 portionem
647 793 746 820 vailum
762 791 1006 827 respicientia‚tran
1019 796 1179 828 verlurnque
1192 800 1325 830 utrunque
1339 794 1414 822 latus.
1435 797 1485 823 Per
1500 798 1597 835 lingula
1607 802 1688 837 tigna,

104 832 216 867 prima,
237 841 294 868 quae
306 831 365 864 sunt
376 831 408 858 ab
424 837 535 868 utraque
548 839 623 867 parte
636 851 646 862 ‚
667 829 833 858 tabernacula
848 838 968 863 prchpes
986 831 1112 856 ordinum
1131 831 1253 867 capiunt,
1273 831 1404 869 simulque
1414 835 1570 869 praedictum
1588 838 1616 865 in
1630 847 1691 866 mo-

107 869 174 896 dum
186 869 371 897 intercalantes
389 877 436 905 pcr
448 868 559 905 lingulas
571 869 668 904 parteis
681 868 781 896 sextam
797 875 917 894 turmam
931 868 945 894 a
960 868 1050 904 quinta
1062 888 1071 899 ‚
1093 868 1174 903 pedes
1186 869 1377 906 quinquaginta
1390 871 1551 901 submovent
1565 894 1572 905 ‚
1593 876 1689 903 itidem

113 908 141 935 ὃς
155 908 276 943 peditum
291 907 397 934 ordines
410 927 417 938 ‚
438 907 506 933 adeo
518 927 525 938 ‚
546 913 576 932 ut
589 906 634 934 fiat
650 906 814 948 hic-quoque
823 904 888 932 alius
902 914 950 942 per
960 907 1063 933 medias
1073 905 1192 948 legiones
1201 907 1322 935 tranfixus
1331 909 1489 938 transversus
1497 912 1626 948 utiquead
1635 914 1692 941 stri-

79 956 82 958 *
107 953 170 981 gas,
190 945 233 972 sed
251 944 414 982 aequidissans
427 941 590 979 ssn-abunorum
605 945 726 973 tentoriis
739 945 781 973 via
793 964 801 976 ,
822 952 904 981 quam
920 952 1018 972 vocant
1036 952 1193 981 quintanam
1205 964 1213 974 .
1234 954 1267 972 eo
1289 947 1362 983 quod
1375 948 1434 983 post
1448 949 1567 986 quinque
1581 951 1689 979 ordines

105 983 262 1011 traducitur.

146 1024 234 1049 Locus
248 1022 292 1058 qui
304 1020 601 1057 tribunos-umtentoriis
619 1021 631 1049 ὲ
645 1029 720 1058 parte
732 1021 873 1058 posteriori
887 1019 1004 1056 subjacet
1019 1042 1024 1053 .
1051 1027 1131 1058 atque
1143 1021 1248 1059 utrique
1262 1023 1331 1059 parti
1345 1024 1501 1059 Imperatoris
1517 1026 1687 1056 tabernaculo

105 1058 223 1095 adjacet,
244 1062 341 1096 partim
356 1060 441 1092 foro‚.
451 1062 549 1096 partim
563 1060 693 1099 quaestori,
715 1060 823 1097 ejusque
835 1059 1032 1087 commeatibus
1045 1059 1195 1094 deputatur.

145 1097 187 1125 Ab
201 1097 298 1125 ultimo
311 1098 445 1135 utriusque
456 1100 539 1134 partis
550 1098 710 1126 tmbunorum
723 1099 841 1126 tentorio
855 1099 867 1124 a
881 1105 956 1134 parte
969 1097 1108 1133 posteriori
1122 1097 1192 1134 quasi
1207 1098 1339 1127 inflexum
1353 1106 1473 1128 tenentes
1487 1103 1613 1132 ordinem
1630 1106 1691 1132 νει-ε’

107 1133 148 1162 fiis
162 1136 277 1163 tentoria
290 1137 563 1164 extraordinariorum
578 1138 699 1173 equitum
713 1135 804 1167 eleffl,
825 1138 852 1164 ὅ(
865 1136 974 1171 quidam
984 1135 1124 1175 voluntarii
1139 1136 1166 1162 in
1173 1137 1286 1173 gratiam
1293 1139 1429 1172 Confidam
1446 1140 1606 1173 militantes,
1629 1152 1688 1170 ver-

105 1172 146 1200 sus
160 1172 302 1201 transversa
316 1174 373 1201 valli
388 1174 469 1202 latera
482 1174 602 1203 locantur
617 1185 625 1201 ι
644 1174 792 1211 ῑΡείὶαῐιῑεε
803 1173 913 1211 quidam
927 1173 959 1200 ad
975 1171 1109 1212 quaestorros
1123 1183 1292 1203 commeatus
1307 1196 1313 1207 ,
1334 1176 1443 1212 quidam
1461 1186 1536 1214 parte
1550 1180 1630 1208 altera
1647 1181 1687 1208 fo-

102 1219 166 1239 rum
181 1211 278 1246 versus,
297 1211 456 1249 Plerumque
467 1216 557 1241 'autem
572 1213 720 1250 contingit,
743 1221 772 1240 ut
784 1221 839 1240 non
854 1213 872 1239 ii
883 1211 968 1239 solum
985 1210 1160 1239 contubernia
1172 1211 1285 1240 habeant
1298 1215 1446 1251 propinqua
1460 1217 1622 1251 Conficlibus,
1643 1228 1688 1247 vc-

103 1258 165 1277 rum
181 1250 264 1277 etiam
276 1257 306 1278 ut
318 1250 460 1283 incedente
472 1252 604 1285 exercitu,
623 1258 702 1288 atque
715 1251 743 1279 in
756 1251 856 1278 caeteris
869 1249 954 1277 ufibus
969 1251 1038 1277 circa
1050 1249 1196 1285 Consulem,
1205 1250 1395 1291 quaestoremque
1409 1253 1588 1288 diversemur,
1597 1255 1687 1294 eisque

103 1295 213 1323 operam
226 1296 373 1324 curamque
386 1289 553 1325 impendant.
1500 1299 1503 1303 '

144 1326 322 1360 Apponuntur
335 1326 366 1354 iis
379 1327 478 1355 vallum
490 1327 652 1364 speEtantes,
672 1328 717 1365 qui
728 1327 843 1355 eundem
857 1327 977 1364 praebent
989 1324 1066 1354 usum
1081 1326 1287 1367 pedites‚quem·
1301 1329 1421 1365 praediffi
1435 1328 1545 1368 equites,
1559 1331 1686 1368 deinceps

103 1371 170 1389 vero
185 1365 307 1398 pervium
324 1363 480 1401 relinquitur
494 1366 606 1401 ipatium
619 1366 763 1394 latitudinis
783 1374 893 1393 centum
907 1366 1007 1402 pedum
1022 1384 1029 1395 ‚
1049 1365 1213 1401 aequidistans
1225 1385 1232 1396 ,
1252 1365 1410 1393 tribunorum
1425 1370 1546 1396 tentoriis
1562 1369 1630 1397 ultra
1645 1370 1687 1398 fo-

101 1409 163 1428 rum
170 1400 331 1434 pretorium,
350 1401 553 1442 quaestoriumque
565 1403 727 1439 prodfflstum
742 1412 789 1440 per
807 1413 903 1431 omnes
921 1402 1064 1431 antedictas
1082 1401 1142 1429 valli
1151 1403 1258 1442 *parteis
1271 1424 1278 1434 .
1299 1405 1332 1431 ad
1346 1405 1421 1440 cujus
1435 1405 1502 1434 latus
1516 1406 1632 1443 superius
1644 1408 1686 1437 so-

101 1438 206 1466 ciorum
221 1440 322 1476 equites
335 1442 537 1470 extraordinarii
548 1442 778 1473 castrametantur,
799 1441 945 1477 specstantes
958 1441 1048 1468 forum
1056 1448 1211 1482 patmum:
1232 1442 1463 1479 quaestoriumque.

138 1477 182 1504 Ad
189 1478 278 1504 media
285 1477 382 1504 horum
397 1479 514 1517 equitum
525 1479 699 1507 contubernia
726 1482 752 1508 &
761 1480 792 1506 ad
804 1479 889 1515 ipsum
898 1478 1010 1513 praetorii
1024 1478 1115 1505 locum
1131 1481 1251 1505 traniltus
1265 1479 1425 1516 relinquitur
1432 1481 1623 1519 quinquaginta
1635 1493 1683 1520 pe-

103 1514 181 1546 dum,
196 1515 295 1543 ducens
306 1516 337 1542 ad
345 1517 473 1551 posterius
485 1516 619 1554 castrorum
633 1517 713 1548 latus,
730 1518 825 1544 ordine
838 1518 870 1544 ad
885 1517 972 1544 rec'tos
984 1515 1094 1553 angulos
1107 1516 1206 1551 positus
1217 1517 1348 1551 praedictae
1362 1517 1463 1553 plateae.
1488 1520 1537 1546 His
1550 1522 1683 1556 equitibus

102 1551 188 1615 ruril'us
197 1554 279 1580 averli
291 1561 426 1589 ponuntur
432 1555 570 1584 auxiliares
583 1555 785 1584 extraordinarii
796 1555 899 1591 pedites
917 1554 1014 1582 vallum
1023 1553 1184 1591 ipestantes,
1198 1554 1377 1592 posteriusque
1385 1557 1466 1583 totius
1479 1557 1686 1587 castrametatio-

101 1597 142 1616 nis
164 1597 228 1617 atus.

140 1629 245 1655 Vacuus
257 1634 347 1656 autem
360 1629 449 1662 locus,
468 1631 514 1667 qui
530 1640 562 1658 ex
574 1639 686 1668 utraque
696 1631 794 1659 horum
809 1638 884 1667 parte
897 1630 1025 1667 superest,
1046 1629 1134 1657 versus
1146 1629 1293 1659 transversa
1306 1630 1387 1660 latera
1401 1631 1476 1660 datur
1491 1634 1620 1664 externis,
1640 1635 1682 1664 iiss

105 1673 157 1701 que
171 1667 216 1702 qui
230 1675 280 1702 pro
295 1674 420 1703 tempore
431 1667 495 1696 flacii
508 1669 672 1696 advenerint.

141 1705 191 1731 His
205 1704 240 1731 sic
254 1703 280 1730 se
292 1704 461 1737 habentibus,
481 1714 540 1734 tota
552 1707 662 1742 quidem
677 1706 823 1733 castrorum
838 1707 928 1734 fortna
942 1706 1057 1733 efficitur
1073 1706 1202 1744 quadrata
1216 1708 1295 1744 aequis
1308 1707 1441 1736 lateribus.

140 1742 308 1769 Particulares
321 1752 411 1771 autem
426 1744 517 1781 figurae
529 1751 585 1771 tam
598 1743 868 1782 sestionisstrtgarum
877 1764 884 1773 ‚
905 1753 985 1781 quam
999 1743 1105 1781 reliquae
1118 1744 1308 1780 dispositionis,
1318 1746 1378 1774 urbi
1390 1745 1554 1775 fimillimam
1563 1744 1681 1785 speciem

96 1786 150 1814 prae
161 1779 187 1806 ie
200 1780 298 1808 ferunt.

112 1814 115 1817 “
137 1816 238 1846 Vallum
252 1818 265 1845 ὲ
279 1820 402 1847 tentoriis
412 1829 461 1856 per
474 1820 567 1848 omnia
579 1819 659 1848 latera
673 1820 803 1848 ducentos
813 1819 975 1849 submovent
988 1819 1085 1857 pedes,
1104 1821 1176 1858 quod
1185 1830 1300 1851 vamum
1316 1821 1414 1850 multas
1427 1822 1486 1860 ipsis
1499 1826 1685 1855 commodus-⁴

98 1860 136 1883 tes
149 1856 258 1891 praebet.
912 1860 916 1863 '

138 1893 182 1920 Est
195 1896 266 1922 enim
283 1895 359 1923 rebus
372 1894 400 1922 in
412 1894 490 1931 castra
501 1897 680 1932 importandis
693 1897 916 1934 exportandisque
925 1896 1002 1925 valde
1013 1904 1178 1932 oportunum
1188 1919 1195 1930 ,
1216 1898 1324 1934 quando
1338 1898 1446 1936 singuli,
1469 1908 1498 1928 ut
1506 1909 1614 1938 quaeque
1625 1903 1682 1931 stri-

97 1938 192 1967 garum
204 1933 325 1968 proxima
334 1934 369 1960 est
377 1954 383 1964 ‚
391 1934 418 1962 in
425 1933 477 1962 hoc
486 1943 600 1962 vacuum
609 1935 782 1971 egrediuntur
790 1956 796 1966 ‚
805 1945 891 1972 neque
899 1937 925 1962 in
933 1944 1016 1962 unum
1026 1935 1212 1964 concursantes
1225 1936 1396 1967 subvertunt,
1410 1937 1565 1975 calcantque
1578 1940 1603 1967 se
1612 1942 1681 1969 invi-

48 1976 54 1978 ·
98 1977 172 1996 cem:
189 1979 299 2008 quaeque
311 1971 424 2004 habent,
444 1980 488 2000 aut
495 1972 604 2008 abigunt
612 1982 721 2008 pecora,
735 1973 887 2010 praedasque
897 1982 929 2001 ex
942 1971 1059 1999 hostibus
1071 1972 1123 1999 huc
1130 1974 1305 2004 deducentes,
1320 1981 1379 2002 tuto
1386 1985 1432 2011 per
1441 1978 1550 2003 noctem
1559 1977 1679 2012 servant,

98 2007 125 2034 &
133 2009 204 2044 quod
212 2010 374 2044 praecipuum
384 2010 420 2036 est
428 2029 435 2039 ,
446 2010 464 2036 fi
471 2010 554 2038 noftu
562 2010 641 2038 hostis
651 2010 832 2047 aggrediatur,
846 2020 932 2047 neque
940 2011 1008 2047 ignis
1016 2030 1023 2040 ‚
1034 2019 1120 2046 neque
1127 2010 1212 2038 telum
1219 2012 1342 2047 pervenit
1349 2013 1380 2040 ad
1389 2012 1458 2048 ipsos
1465 2034 1472 2045 ,
1481 2023 1577 2049 praeter
1584 2017 1679 2045 admo-

97 2044 163 2072 dum
176 2055 247 2078 ram,
262 2054 341 2083 atque
352 2049 465 2075 innocua
478 2048 564 2075 ferme
578 2056 689 2084 propter
703 2048 919 2084 magnitudinem
933 2048 1073 2078 distantiae,
1089 2049 1210 2076 tentoriis
1224 2048 1367 2084 praesertim
1382 2051 1572 2087 circumjeftis.

135 2084 205 2112 Data
218 2085 300 2122 igitur
314 2085 485 2114 multitudine
491 2085 623 2120 peditum,
643 2084 806 2125 equitumque
820 2094 965 2123 utrumque
979 2087 1005 2113 in
1022 2086 1136 2113 modum
1150 2107 1158 2118 ,
1179 2086 1231 2114 five
1245 2096 1358 2123 quatuor
1373 2088 1416 2116 seu
1430 2090 1546 2127 quinque
1559 2092 1676 2122 millium

96 2121 209 2158 singulas
222 2122 339 2160 legiones
353 2123 461 2152 faciant:
480 2124 601 2152 similiter
615 2127 642 2153 &
656 2126 794 2162 lignorum
809 2124 963 2155 altitudine,
983 2123 1205 2161 longitudineque
1217 2135 1248 2152 ac
1261 2125 1433 2154 multitudine
1446 2130 1565 2157 conceffir
1578 2141 1582 2157 :
1604 2134 1630 2160 ὃς
1643 2133 1676 2160 ad

96 2159 151 2187 haec
165 2161 291 2189 distantiis
303 2162 445 2194 itinerum,
464 2162 666 2200 platearumque
681 2172 732 2190 nec
744 2171 800 2189 non
813 2162 939 2191 omnibus
952 2162 1008 2190 aliis
1022 2163 1148 2190 concess'ts
1161 2183 1169 2195 ,
1198 2163 1274 2191 facile
1290 2165 1326 2191 est
1342 2165 1490 2194 volentibus
1509 2168 1675 2198 confiderare

97 2206 177 2235 quarn
191 2199 222 2226 fit
235 2199 307 2227 locus
322 2209 415 2235 capax,
436 2201 568 2237 castraque
581 2210 662 2238 quam
677 2200 775 2237 ampla.
1479 2203 1483 2206 '

136 2238 217 2274 Qiod
226 2237 244 2265 fi
252 2237 393 2274 aliquando
407 2238 522 2266 abundet
535 2238 668 2267 sociorum
684 2238 844 2271 multitudo,
860 2239 912 2267 five
919 2238 946 2267 hi
954 2239 985 2267 ab
995 2238 1071 2267 initio
1085 2238 1163 2276 nstra
1172 2238 1254 2268 secuti
1267 2240 1331 2273 fiat,
1346 2240 1398 2269 five
1403 2243 1493 2279 postea
1504 2252 1553 2280 per
1560 2245 1676 2274 occafio-

96 2283 158 2302 nem
167 2276 333 2303 accefferint:
350 2277 367 2303 ii
376 2277 484 2312 quidem
495 2277 592 2313 quiper
599 2277 763 2306 occasionem
772 2277 939 2309 accesserint,
951 2287 981 2305 ea
989 2278 1070 2305 etiam
1079 2287 1137 2314 quae
1145 2279 1213 2306 circa
1217 2279 1362 2312 pratariam
1377 2279 1438 2308 sunt
1445 2301 1453 2314 ,
1467 2282 1571 2318 replent
1579 2282 1660 2319 spatia
1667 2305 1675 2315 .

95 2312 237 2350 forumque
247 2317 273 2342 ὃ(
281 2312 437 2353 quaestorium
444 2315 603 2343 contrahunt
611 2317 638 2343 in
645 2325 730 2344 unum
739 2336 746 2347 ,
758 2322 872 2353 cogente
886 2316 1017 2353 temporis
1031 2316 1195 2344 neceffirate:
1215 2318 1246 2344 iis
1255 2327 1331 2349 vero,
1350 2318 1455 2355 quiuna
1462 2329 1523 2348 curn
1534 2322 1651 2349 exercitu
1663 2321 1678 2350 ὲ

94 2352 223 2389 principio
233 2353 352 2383 exime,
367 2352 386 2379 st
398 2352 429 2380 fit
437 2352 571 2382 abundans
579 2354 739 2388 multitudo,
753 2354 853 2384 addunt
862 2354 970 2392 strigam
979 2363 1060 2385 unam
1070 2354 1102 2384 ab
1116 2362 1228 2391 utraque
1240 2364 1316 2392 parte
1326 2357 1511 2389 Romanarum
1521 2358 1660 2396 legionum
1669 2380 1678 2393 ,

93 2389 179 2419 versus
193 2389 337 2422 transversa
349 2390 439 2420 latera.
1003 2393 1012 2394 ’
1134 2393 1159 2422 Ζ
1171 2401 1186 2421 z
1197 2401 1214 2422 z
1223 2401 1239 2423 z
1417 2396 1425 2397 ’
1579 2399 1680 2436 ΟιηιιὶιἼ
