2075 2734
385 86 437 121 560
652 75 1702 111 AvnrxqumA-runRonrNARuMLm.v11>1.

423 130 465 156 Sic
480 137 540 155 eam
555 126 676 164 Jqfephus
691 126 799 164 Scaliger
813 126 978 154 emendavit.
1016 125 1095 153 Extat
1106 125 1175 162 apud
1186 123 1284 160 festum
1301 123 1329 151 in
1342 133 1408 152 voce
1424 122 1534 158 Occtficm
1547 143 1554 154 ‚
1576 122 1619 150 ubi
1633 130 1709 151 notat
1721 124 1823 161 occificm
1836 125 1849 154 ὲ
1863 132 1960 156 necato

384 165 531 199 distingui&
547 165 702 202 quibusdam
716 186 723 196 ,
745 165 816 201 quod
829 164 942 191 alterum
959 164 972 190 ἐι
985 164 1112 192 caedendo
1125 184 1132 195 ‚
1152 172 1232 199 atque
1253 162 1307 189 ictu
1323 162 1365 190 tiat
1376 183 1384 192 ‚
1405 162 1520 189 alterum
1534 161 1587 189 sine
1602 161 1666 188 ictu.
1706 164 1868 192 Sententiam
1884 165 1961 199 hujus

385 205 449 239 legis
462 200 539 230 habet
555 203 650 230 lems
664 204 708 230 lib.
718 213 742 229 2.
757 211 865 238 cap-54.
881 203 907 229 in
921 202 1064 230 Catholicis
1081 201 1216 237 fulgurum
1226 222 1234 233 ‚
1256 201 1300 227 ubi
1314 200 1402 227 scribit
1412 220 1418 229 ,
1440 200 1581 227 hominem
1596 200 1632 227 ita
1646 201 1829 231 exanimatum
1849 201 1963 230 cremari

386 242 423 268 fas
437 251 491 268 non
505 241 571 273 esse,
591 242 671 269 condi
684 248 773 268 autem
790 248 859 268 terra
873 240 900 268 in
918 250 950 268 eo
965 240 1041 272 loco,
1062 239 1108 267 ubi
1123 239 1237 267 fulmine
1250 238 1382 274 percuss'us
1396 245 1466 270 erat,
1485 237 1615 275 religione
1628 238 1705 266 tradi.

955 293 1023 325 Lex·
1046 293 1157 324 Numae
1176 290 1213 323 de
1230 290 1411 338 parricidis.

428 350 458 376 ΕΙ
480 350 565 385 QJIS
585 349 776 376 HOMINEM
797 349 967 376 LIBERUM
989 348 1072 374 DOL¹
1089 353 1091 358 ‘
1114 346 1243 373 SCIENS
1264 347 1392 373 MORTI
1411 348 1506 375 DUIT
1521 365 1528 377 ‚
1557 347 1765 375 PARRichA
1786 347 1890 374 ESTO.
1910 348 1965 375 SEI

387 389 432 415 IM
456 387 677 414 IMV’RUDENS
698 388 737 413 PE
760 388 867 413 DQLA)
892 387 997 414 MALO
1021 385 1189 415 OCCISIT,
1211 385 1286 410 PRO
1308 384 1442 412 CAPITE
1461 385 1609 412 OCCISEI
1625 405 1632 416 ‚
1651 385 1702 412 ET
1723 385 1861 412 NATEIS
1881 385 1967 422 EJUS

390 426 433 452 IN
454 424 658 452 CONCIONE
680 425 853 452 ARIETEM
874 424 1018 451 SUBICIT
1042 428 1058 450 ‘.
1528 443 1535 454 ,
1630 438 1637 441 -

427 463 510 490 Extat
525 461 601 498 hujus
616 463 680 500 legis
695 462 878 499 fragmentum
894 461 962 498 apud
976 459 1076 495 Festum
1090 481 1098 492 ,
1125 461 1153 487 in
1171 469 1238 488 voce
1252 458 1335 494 parici
1349 458 1474 498 questore,-
1484 481 1492 493 ,
1511 460 1582 498 quod
1597 467 1688 489 tamen
1711 459 1792 488 aitera
1806 468 1881 497 parte
1895 460 1968 490 auxit

390 499 512 538 Joftphm
526 499 634 537 Scaliger
649 510 680 528 ex
693 500 801 528 schediis
812 499 953 528 Set-viantis.

428 542 456 565 St
468 538 524 576 quis
538 537 664 565 hominem
677 538 812 573 liberum]
841 540 879 566 Ex
895 537 944 565 hac
957 537 1015 574 lege
1028 537 1122 574 probat
1139 535 1223 571 Festus
1234 557 1241 568 ‚
1262 537 1406 574 antiquitus
1416 534 1569 571 parricidam
1582 537 1684 565 dietum
1699 535 1773 564 fuisse
1785 557 1793 569 ‚
1812 545 1868 565 non
1880 545 1945 565 eum

393 577 440 613 qui
457 584 594 612 parentem
611 577 747 605 occidiffet
757 597 764 608 ,
784 577 827 604 led
841 578 886 614 qui
899 576 1111 614 qualemcunque
1122 575 1274 602 hominem.

429 614 525 650 Dum]
549 615 601 642 Pro
612 616 669 647 det,
689 616 804 651 antique.
1419 634 1422 637 -

430 651 563 680 Parricida
576 652 650 689 esto]
671 653 799 692 Josephus
817 651 926 689 Scaliger
942 660 1033 684 notat,
1054 651 1121 679 hanc
1134 650 1274 679 clausulam
1290 651 1317 678 in
1332 652 1409 679 omni
1423 660 1452 678 re
1470 649 1575 687 capitali
1588 650 1702 687 pofitam
1716 650 1790 679 fuiss‘e
1802 672 1811 683 ,
1833 653 1860 681 &
1874 651 1972 690 fignifi-

392 700 452 718 care
465 691 553 764 id]em,
576 693 647 728 quod
657 713 663 722 ,
683 691 777 726 capital
787 689 849 728 esto,
869 692 903 719 de
918 700 967 728 qua
980 690 1105 728 loquendi
1120 690 1247 718 formain
1259 699 1291 717 xi
1301 700 1322 718 1.
1336 689 1431 717 tabulis
1447 689 1576 718 dicemus.

432 731 479 755 Im.
523 730 574 756 Pro
587 739 653 756 erem.

431 770 465 793 Se
477 766 530 793 dolo
545 767 637 802 malm]
660 767 689 794 1d
702 767 738 795 est
772 767 825 795 sine
838 767 901 794 dolo
915 767 995 795 mab.

432 804 475 831 Sei
489 807 526 831 'tm
545 804 687 838 imprudens
701 806 730 840 se
743 805 796 832 dolo
814 805 909 840 malm]
950 809 1027 833 Hanc
1042 811 1144 841 partem
1159 805 1330 833 concinnavit
1344 803 1469 840 Just-phur
1481 803 1590 841 Scaliger
1609 813 1641 832 ex
1655 802 1763 831 schediis
1778 804 1923 835 Servianis,
1944 805 1973 833 in

394 843 490 880 quibus
503 843 552 874 ait,
573 842 649 878 hujus
663 843 729 879 legis
744 844 911 870 mentionem
927 844 963 870 ita
977 844 1047 872 fieri:
1069 845 1107 871 Ut
1122 843 1140 870 si
1155 845 1213 880 quis
1226 840 1382 880 imprudens
1396 842 1538 870 hominem
1553 842 1703 874 occidisset‚
1723 851 1773 878 pro
1787 843 1873 878 capite
1885 842 1973 874 occifi,

395 883 423 909 &
437 881 505 908 natis
518 881 574 916 ejus
588 880 615 908 in
628 883 758 909 concione
770 882 881 908 arietem
895 881 1011 911 offerret.

435 918 555 945 Arietem
571 918 702 955 fiaebicito.]
743 919 830 945 Subici
845 919 910 944 aries
927 920 1024 946 dicitur
1039 941 1045 950 ,
1066 921 1151 956 inquit
1169 918 1250 955 Festus
1261 939 1268 948 ,
1290 928 1371 956 quem
1385 919 1443 955 quis
1457 919 1511 955 agit
1525 939 1532 949 ,
1552 925 1582 944 ut
1594 927 1643 955 pro
1657 917 1682 944 se
1695 918 1808 944 caedatur
1823 938 1830 949 ‚
1851 924 1881 944 ut
1895 918 1932 945 ait
1945 919 1981 945 in·

398 956 458 984 eod.
471 955 516 983 lib.
531 955 676 990 Antistius,
706 957 777 993 quod
793 956 823 982 fit
836 975 842 985 ,
867 964 895 983 ut
909 957 945 983 ait
960 957 1062 984 Cmcius
1080 957 1123 984 lib.
1144 958 1178 984 de
1193 957 1285 984 officio
1302 956 1479 993 jurisconlulti
1493 977 1502 987 ‚
1524 955 1649 992 exemplo
1663 954 1862 983 Atheniensium
1877 976 1884 987 ,
1903 955 1974 992 apud

396 1003 463 1032 quos
473 994 596 1030 expiandi
611 997 695 1032 gratia
708 995 774 1022 aries
790 993 898 1030 inigitur
915 994 946 1020 ab
961 1004 1008 1026 eo,
1030 996 1075 1032 qui
1087 994 1168 1022 scelus
1181 994 1286 1022 admisit
1299 1004 1385 1030 poenae
1399 994 1543 1030 pendendae
1556 993 1628 1023 loco.

997 1046 1063 1078 Lex
1079 1047 1189 1078 Numae
1208 1045 1245 1078 de
1262 1045 1382 1093 pellice.

438 1101 583 1129 PELLEX
604 1103 714 1130 ARAM
734 1102 900 1140 JUNONIS
922 1102 975 1129 NE
996 1102 1191 1129 TANGITO:
1207 1103 1238 1129 SI
1259 1101 1420 1129 TANGET
1433 1121 1440 1132 ,
1465 1101 1614 1139 JUNONI
1641 1102 1820 1128 CRINIBUS
1846 1101 1975 1130 DEMIS·

399 1140 450 1167 SIS
471 1141 615 1167 AGNUM
636 1140 842 1167 FOEMINAM
863 1140 1028 1167 CAEDITO.

439 1177 555 1204 Pellnem
566 1199 572 1209 ‚
593 1179 630 1206 ait
641 1176 740 1214 Festus,
760 1178 874 1214 antiquis
887 1179 995 1214 proprie
1009 1178 1108 1204 dictam
1123 1177 1174 1205 effe
1187 1186 1245 1204 eam
1254 1197 1262 1209 ,
1282 1186 1340 1214 quae
1353 1187 1465 1205 uxorem
1478 1177 1586 1205 habenti
1599 1176 1724 1215 nupserit.
1744 1177 1796 1205 Cui
1809 1178 1901 1214 generi
1917 1187 1976 1206 mu-

397 1215 494 1243 lierum
510 1225 589 1252 poena
603 1216 743 1243 constituta
756 1215 787 1243 fit
798 1215 868 1248 haec,
889 1225 969 1252 quam
981 1216 1166 1247 recitavimus,
1194 1216 1292 1242 Numae
1304 1216 1369 1252 lege.
1398 1214 1510 1251 Jacobus
1524 1216 1658 1242 Raevardus
1673 1214 1742 1242 libro
1753 1215 1875 1251 singulari
1887 1216 1920 1244 de
1933 1225 1979 1243 au-

399 1253 526 1281 thoritate
533 1253 694 1289 prudentum
704 1253 806 1285 scribit,
820 1264 851 1281 ex
859 1254 986 1289 totojure
995 1252 1126 1287 Papiriano
1134 1253 1212 1288 hujus
1219 1254 1294 1280 unius
1304 1253 1367 1290 legis
1379 1254 1501 1290 reliquias
1514 1261 1602 1281 extare
1610 1254 1636 1280 in
1646 1252 1717 1279 libris
1728 1252 1978 1288 juriaconsultorum

399 1292 468 1327 apud
480 1291 588 1317 Paulum
597 1312 602 1321 ,
614 1291 659 1318 ubi
666 1291 700 1319 lic
707 1291 834 1328 scriptum
844 1292 885 1319 fit:
895 1293 1010 1319 Granius
1019 1292 1124 1320 Flaccus
1136 1301 1163 1318 m
1172 1291 1239 1319 libro
1247 1293 1280 1319 de
1287 1292 1346 1328 jure
1365 1293 1492 1329 'apiriano
1498 1291 1587 1319 scribit
1595 1312 1601 1322 ‚
1612 1291 1726 1317 Pellicem
1734 1291 1876 1327 nuncvulgo
1885 1290 1979 1321 vocari,

400 1338 454 1367 qua
466 1339 521 1356 cam
536 1339 561 1356 eo
575 1329 614 1356 cui
628 1340 692 1356 uxor
696 1328 748 1366 fit,
767 1339 849 1364 corpus
861 1328 971 1363 mec‘eat.
992 1331 1024 1357 Et
1032 1330 1194 1367 hanclegem
1204 1330 1238 1357 fic
1252 1331 1456 1366 interpretatur,
1473 1330 1558 1356 Pellex
1571 1340 1644 1356 aram
1651 1328 1757 1360 sunonis
1764 1338 1799 1354 ne
1806 1328 1904 1365 tangito
1913 1328 1978 1364 (vel,

402 1367 635 1403 quemadmodum
645 1369 765 1394 Rae-nardo
772 1367 873 1403 placet,
893 1370 918 1396 δί
928 1377 1029 1396 veteres
1039 1368 1229 1405 loquebantur,
1248 1369 1345 1406 tagito)
1360 1368 1386 1395 id
1395 1369 1447 1396 est:
1465 1368 1549 1396 Pellex
1558 1367 1621 1394 nulli
1631 1368 1687 1394 viro
1696 1376 1806 1394 uxorem
1816 1366 1978 1394 habentina-

403 1403 472 1433 bito:
489 1406 506 1433 fi
515 1404 645 1441 nupserit.
660 1405 776 1433 crinibus
783 1406 899 1434 demissis
908 1426 914 1437 ,
925 1407 995 1442 quod
1004 1407 1110 1433 tristitiae
1118 1407 1222 1443 fignum
1231 1415 1299 1437 erat,
1313 1406 1407 1438 lunoni
1413 1415 1514 1443 agnum
1523 1405 1665 1433 foeminam
1675 1406 1783 1437 caedito,
1792 1405 1844 1432 five
1852 1405 1979 1434 mactato.

951 1460 1019 1491 Lex
1037 1459 1147 1490 Numa
1160 1457 1198 1490 de
1213 1459 1322 1505 opimis
1331 1458 1448 1505 spoliis.

444 1518 587 1553 QUOVIS
607 1519 779 1546 AUSPICIO
800 1519 934 1545 CLASSE
954 1518 1178 1544 PROCINCTA
1198 1517 1342 1543 OPEIMA
1362 1517 1494 1544 SPOLIA
1513 1516 1751 1543 CAP1UNTOR.
1790 1517 1901 1554 JOVEI
1922 1518 1977 1544 FE·

404 1555 554 1582 RETRIO
574 1557 705 1583 BOVEM
727 1557 891 1582 CAEDITO.
911 1556 1004 1591 QUEI
1025 1555 1148 1585 CEPIT,
1170 1555 1264 1581 AERIS
1286 1553 1471 1582 DUCENTA
1491 1555 1637 1581 DARIER
1658 1553 1875 1580 OPORTETO.

445 1593 622 1621 SECUNDA
642 1594 772 1621 SPOLIA
793 1594 835 1620 IN
857 1594 1000 1620 MARTIS
1020 1593 1130 1620 ARAM
1150 1593 1191 1618 IN
1213 1593 1344 1619 CAMPO
1358 1611 1366 1623 ,
1404 1585 1675 1618 SOLITAURILIA
1703 1591 1810 1618 UTRA
1837 1592 1981 1619 VOLUE-

409 1631 494 1662 R1T‚
516 1632 678 1658 CAEDITm.

445 1670 589 1696 TERTIA
611 1669 741 1696 SPQLIA
760 1670 861 1706 JANO
882 1669 1052 1702 QUIRINO
1073 1669 1216 1696 AGNUM
1238 1667 1382 1695 MAREM
1401 1667 1557 1695 CAEDITO
1577 1667 1745 1694 CENTUM
1766 1666 1856 1702 QJEI
1876 1668 1981 1696 CEPE-

404 1707 471 1735 RIT
494 1707 541 1733 ET
561 1708 646 1734 AERE
667 1708 782 1734 DATO.
1322 1720 1325 1724 ·

444 1746 523 1772 Hanc
536 1744 626 1782 legem
640 1752 792 1782 repetemus
805 1744 874 1774 libro
887 1746 920 1773 de
931 1744 1039 1773 Militia.

981 1802 1051 1834 Lex
1071 1801 1182 1833 Numa
1204 1800 1242 1833 de
1260 1796 1397 1843 pollui‘lu.

444 1855 579 1882 PISCEIS
599 1855 691 1890 QUEI
718 1856 934 1891 SQUAMOSEI
961 1856 1047 1882 NON
1075 1855 1178 1881 SUNT
1195 1875 1203 1886 ‚
1236 1854 1303 1881 NEI
1325 1852 1563 1880 POLLUCETO.
1586 1851 1815 1888 'SQJAMOSOS
1835 1851 1982 1879 OMNEIS

406 1893 569 1920 PRAETER
589 1894 746 1921 SCARUM
766 1894 1005 1921 POLLUCETO.
1344 1916 1347 1917 γ

448 1931 490 1959 Sic
503 1931 570 1958 hane
584 1930 671 1968 legem
687 1931 810 1968 Jost‘phus
821 1930 930 1969 Scizlrger
943 1931 1056 1958 restituit
1069 1939 1100 1957 ex
1115 1929 1194 1966 Cassio
1209 1929 1338 1962 Hemina,
1360 1929 1434 1965 cujus
1449 1928 1503 1956 haec
1517 1927 1576 1955 sunt
1588 1927 1655 1963 apud
1673 1925 1786 1954 Plinium
1794 1926 1873 1954 verba
1885 1925 1930 1955 lib.
1939 1937 1983 1964 32.

409 1970 494 2004 capite
504 1968 626 1997 secundo.
647 1973 733 1997 Numa
747 1970 881 1997 constituit
895 1990 901 2001 ‚
923 1977 952 1997 ut
968 1969 1049 2006 pisces
1062 1989 1069 2000 ,
1090 1970 1135 2005 qui
1147 1968 1277 2005 squamofi
1292 1978 1346 1996 non
1359 1967 1443 1995 essent
1453 1988 1461 1999 ‚
1481 1967 1509 1994 ni
1521 1965 1685 2003 pollucerent
1698 1985 1706 1996 ‚
1728 1965 1888 2007 parslmonia
1906 1974 1982 1993 com-

410 2015 532 2039 mentus,
554 2008 593 2035 uti
607 2009 730 2035 convivia
744 2008 848 2044 publica
862 2010 888 2036 δε
902 2008 1018 2043 privata,
1039 2016 1163 2043 cenaeque
1175 2008 1207 2034 ad
1222 2007 1367 2042 pulvinaria
1384 2005 1484 2033 facilius
1498 2010 1732 2040 compararentur:
1753 2012 1780 2030 ni
1793 2024 1799 2033 .
1822 2005 1865 2039 qui
1877 2003 1910 2030 ad
1925 2004 1982 2040 pol..

410 2041 511 2071 lustum
527 2053 648 2073 emerent
660 2067 666 2075 ,
690 2047 778 2082 pretio
797 2047 886 2073 minus
899 2054 1037 2083 parcerent
1050 2054 1132 2082 eaque
1148 2053 1393 2081 praemercarentur.
1422 2043 1555 2081 Significat
1568 2050 1657 2069 autem
1668 2040 1802 2074 pollucere,
1823 2042 1856 2068 de
1869 2041 1982 2078 piscibus

410 2079 555 2110 libamenta
568 2085 624 2111 Diis
634 2083 740 2111 offerre.
779 2084 878 2111 Festus:
900 2084 1024 2110 Pollucere
1036 2093 1127 2110 merces
1141 2083 1211 2114 Diis,
1231 2093 1294 2121 quas
1305 2083 1379 2109 liceat
1388 2104 1396 2115 ‚
1413 2082 1472 2109 sunt
1486 2080 1526 2108 far
1540 2101 1546 2111 ,
1567 2079 1690 2116 polenta,
1713 2080 1803 2106 vinum
1813 2100 1819 2110 ,
1840 2081 1914 2116 panis
1931 2079 1982 2107 fer-

411 2127 558 2150 mentatus,
579 2121 734 2158 ficuspaffa‚
755 2118 841 2153 suilla}
860 2121 968 2153 bubula,
989 2122 1098 2159 agnina,
1119 2121 1198 2152 casei,
1219 2121 1314 2153 ovilla,
1334 2120 1412 2151 alica,
1432 2118 1544 2150 sesama,
1565 2121 1591 2147 ὅτ
1604 2118 1710 2149 oleum,
1730 2117 1825 2154 pisca,
1846 2117 1981 2155 quibusest

411 2154 534 2193 squama,
554 2166 649 2193 praeter
664 2161 777 2188 scarum.
796 2160 905 2188 Herculi
919 2168 1009 2188 autem
1024 2160 1118 2187 omnia
1131 2159 1273 2191 esculenta,
1294 2161 1320 2188 ὃς
1334 2158 1482 2196 poculenta.
1503 2160 1567 2186 Haec
1580 2155 1672 2192 Festus.

1012 2213 1080 2244 Lex
1094 2213 1204 2245 Numae
1226 2211 1264 2245 de
1277 2214 1361 2245 vino.

449 2267 548 2293 VINO
568 2267 708 2295 ROGUM
728 2270 780 2296 NE
801 2270 1048 2299 RESPERGITO.

451 2304 531 2332 Extat
542 2303 596 2332 haec
609 2304 651 2332 lex
664 2307 732 2340 apud
747 2307 862 2335 [¹l1nium
876 2309 921 2336 lib.
938 2319 979 2344 14·
1002 2318 1060 2346 cap.
1080 2319 1118 2336 12.
1134 2309 1183 2337 rubi
1204 2309 1238 2336 fic
1252 2307 1341 2336 scribit
1354 2316 1361 2333 ε
1381 2305 1517 2334 Romulum
1529 2305 1597 2334 la&e
1610 2314 1666 2333 non
1680 2305 1742 2333 vino
1755 2302 1842 2331 libasse
1854 2323 1861 2334 ‚
1880 2302 1982 2330 indicio

411 2340 470 2371 sunt
484 2340 553 2372 sacra
571 2342 603 2370 ab
617 2352 650 2370 eo
669 2344 784 2373 instituta
799 2364 806 2376 ‚
828 2355 884 2382 quae
900 2346 980 2376 hodie
996 2348 1147 2377 custodiunt
1160 2357 1280 2378 morem.
1317 2348 1406 2376 Numa
1422 2345 1498 2382 Regis
1512 2344 1664 2374 Posthumia
1679 2342 1724 2372 lex
1737 2342 1773 2370 est
1788 2351 1795 2368 :
1822 2343 1882 2369 Vmo
1894 2350 1983 2378 rogum

1951 2387 1982 2405 nc
