<?xml version="1.0" encoding="UTF-8"?>
<!DOCTYPE html PUBLIC "-//W3C//DTD XHTML 1.0 Transitional//EN"
    "http://www.w3.org/TR/xhtml1/DTD/xhtml1-transitional.dtd">
<html xmlns="http://www.w3.org/1999/xhtml" xml:lang="en" lang="en">
 <head>
  <title>
</title>
<meta http-equiv="Content-Type" content="text/html;charset=utf-8" />
  <meta name='ocr-system' content='tesseract 3.04.00' />
  <meta name='ocr-capabilities' content='ocr_page ocr_carea ocr_par ocr_line ocrx_word'/>
</head>
<body>
  <div class='ocr_page' id='page_1' title='image "./johannisrosinian00rosi/johannisrosinian00rosi_0848.png"; bbox 0 0 2075 2734; ppageno 0'>
   <div class='ocr_carea' id='block_1_1' title="bbox 375 107 431 143">
    <p class='ocr_par' dir='ltr' id='par_1_1' title="bbox 375 107 431 143">
     <span class='ocr_line' id='line_1_1' title="bbox 375 107 431 143; baseline -0.071 0"><span class='ocrx_word' id='word_1_1' title='bbox 375 107 431 143; x_wconf 75' lang='lat'>834</span> 
     </span>
    </p>
   </div>
   <div class='ocr_carea' id='block_1_2' title="bbox 352 145 1171 1982">
    <p class='ocr_par' dir='ltr' id='par_1_2' title="bbox 352 145 1171 1982">
     <span class='ocr_line' id='line_1_2' title="bbox 378 145 1150 181; baseline -0.009 -6"><span class='ocrx_word' id='word_1_2' title='bbox 378 151 459 177; x_wconf 85' lang='lat' dir='ltr'>minus</span> <span class='ocrx_word' id='word_1_3' title='bbox 466 165 473 177; x_wconf 93' lang='lat'>,</span> <span class='ocrx_word' id='word_1_4' title='bbox 485 147 600 181; x_wconf 80' lang='lat' dir='ltr'>quamsua</span> <span class='ocrx_word' id='word_1_5' title='bbox 606 147 691 172; x_wconf 79' lang='lat' dir='ltr'>virtute</span> <span class='ocrx_word' id='word_1_6' title='bbox 698 162 704 174; x_wconf 84' lang='lat'>‚</span> <span class='ocrx_word' id='word_1_7' title='bbox 714 146 797 171; x_wconf 81' lang='lat' dir='ltr'>clarus:</span> <span class='ocrx_word' id='word_1_8' title='bbox 810 145 848 170; x_wconf 85' lang='lat' dir='ltr'>sed</span> <span class='ocrx_word' id='word_1_9' title='bbox 857 145 999 173; x_wconf 78' lang='lat' dir='ltr'>,adversante</span> <span class='ocrx_word' id='word_1_10' title='bbox 1005 146 1150 178; x_wconf 80' lang='lat' dir='ltr'>locupletum</span> 
     </span>
     <span class='ocr_line' id='line_1_3' title="bbox 352 178 1151 214; baseline -0.008 -7"><span class='ocrx_word' id='word_1_11' title='bbox 352 201 359 211; x_wconf 80' lang='grc'><em>,</em></span> <span class='ocrx_word' id='word_1_12' title='bbox 379 189 467 214; x_wconf 87' lang='lat' dir='ltr'>magno</span> <span class='ocrx_word' id='word_1_13' title='bbox 477 188 578 206; x_wconf 87' lang='lat' dir='ltr'>numero</span> <span class='ocrx_word' id='word_1_14' title='bbox 586 197 592 208; x_wconf 88' lang='lat'>,</span> <span class='ocrx_word' id='word_1_15' title='bbox 604 186 660 203; x_wconf 85' lang='lat' dir='ltr'>cum</span> <span class='ocrx_word' id='word_1_16' title='bbox 669 179 865 203; x_wconf 86' lang='lat' dir='ltr'>excitaricivilem</span> <span class='ocrx_word' id='word_1_17' title='bbox 874 178 1013 202; x_wconf 83' lang='lat' dir='ltr'>discordiam</span> <span class='ocrx_word' id='word_1_18' title='bbox 1021 179 1046 202; x_wconf 88' lang='lat'>&amp;</span> <span class='ocrx_word' id='word_1_19' title='bbox 1053 184 1151 201; x_wconf 87' lang='lat' dir='ltr'>conten-</span> 
     </span>
     <span class='ocr_line' id='line_1_4' title="bbox 378 208 1153 242; baseline -0.009 -3"><span class='ocrx_word' id='word_1_20' title='bbox 378 214 473 239; x_wconf 82' lang='lat' dir='ltr'>tionem</span> <span class='ocrx_word' id='word_1_21' title='bbox 479 212 568 237; x_wconf 87' lang='lat' dir='ltr'>videret</span> <span class='ocrx_word' id='word_1_22' title='bbox 575 229 582 240; x_wconf 91' lang='lat'><em>‚</em></span> <span class='ocrx_word' id='word_1_23' title='bbox 589 211 641 235; x_wconf 88' lang='lat' dir='ltr'>otio</span> <span class='ocrx_word' id='word_1_24' title='bbox 648 218 671 234; x_wconf 86' lang='lat' dir='ltr'>ac</span> <span class='ocrx_word' id='word_1_25' title='bbox 677 210 839 242; x_wconf 78' lang='lat' dir='ltr'>tranquillitati</span> <span class='ocrx_word' id='word_1_26' title='bbox 846 210 935 233; x_wconf 90' lang='lat' dir='ltr'>civium</span> <span class='ocrx_word' id='word_1_27' title='bbox 941 209 1073 235; x_wconf 84' lang='lat' dir='ltr'>consulens,</span> <span class='ocrx_word' id='word_1_28' title='bbox 1081 208 1153 233; x_wconf 86' lang='lat' dir='ltr'>susce—</span> 
     </span>
     <span class='ocr_line' id='line_1_5' title="bbox 380 240 1152 278; baseline -0.008 -8"><span class='ocrx_word' id='word_1_29' title='bbox 380 252 445 278; x_wconf 85' lang='lat' dir='ltr'>ptam</span> <span class='ocrx_word' id='word_1_30' title='bbox 457 252 508 269; x_wconf 82' lang='lat' dir='ltr'>rem</span> <span class='ocrx_word' id='word_1_31' title='bbox 517 245 607 274; x_wconf 85' lang='lat' dir='ltr'>abjecit.</span> <span class='ocrx_word' id='word_1_32' title='bbox 619 250 647 266; x_wconf 89' lang='lat' dir='ltr'>ex</span> <span class='ocrx_word' id='word_1_33' title='bbox 654 249 703 273; x_wconf 94' lang='lat' dir='ltr'>quo</span> <span class='ocrx_word' id='word_1_34' title='bbox 710 243 822 274; x_wconf 82' lang='lat' dir='ltr'>Sapientis</span> <span class='ocrx_word' id='word_1_35' title='bbox 828 249 963 272; x_wconf 81' lang='lat' dir='ltr'>cognomen</span> <span class='ocrx_word' id='word_1_36' title='bbox 970 241 1001 265; x_wconf 83' lang='lat' dir='ltr'>est</span> <span class='ocrx_word' id='word_1_37' title='bbox 1008 240 1152 265; x_wconf 65' lang='lat' dir='ltr'>consecutus.</span> 
     </span>
     <span class='ocr_line' id='line_1_6' title="bbox 380 272 1155 305; baseline -0.008 -3"><span class='ocrx_word' id='word_1_38' title='bbox 380 278 498 302; x_wconf 74' lang='lat' dir='ltr'>Liciniam</span> <span class='ocrx_word' id='word_1_39' title='bbox 504 277 578 300; x_wconf 87' lang='lat' dir='ltr'>secuta</span> <span class='ocrx_word' id='word_1_40' title='bbox 585 274 616 298; x_wconf 85' lang='lat' dir='ltr'>est</span> <span class='ocrx_word' id='word_1_41' title='bbox 622 274 734 297; x_wconf 83' lang='lat' dir='ltr'>Flaminia</span> <span class='ocrx_word' id='word_1_42' title='bbox 743 290 749 301; x_wconf 93' lang='lat'>,</span> <span class='ocrx_word' id='word_1_43' title='bbox 756 272 770 297; x_wconf 75' lang='grc' dir='ltr'>Ξι</span> <span class='ocrx_word' id='word_1_44' title='bbox 776 275 805 298; x_wconf 91' lang='lat' dir='ltr'>C.</span> <span class='ocrx_word' id='word_1_45' title='bbox 813 274 930 297; x_wconf 84' lang='lat' dir='ltr'>Flaminio</span> <span class='ocrx_word' id='word_1_46' title='bbox 937 272 1033 297; x_wconf 86' lang='lat' dir='ltr'>tribuno</span> <span class='ocrx_word' id='word_1_47' title='bbox 1041 272 1116 305; x_wconf 82' lang='lat' dir='ltr'>plebis</span> <span class='ocrx_word' id='word_1_48' title='bbox 1122 273 1155 296; x_wconf 88' lang='lat' dir='ltr'>la·</span> 
     </span>
     <span class='ocr_line' id='line_1_7' title="bbox 381 303 1153 341; baseline -0.006 -8"><span class='ocrx_word' id='word_1_49' title='bbox 381 315 411 337; x_wconf 83' lang='lat' dir='ltr'>ta,</span> <span class='ocrx_word' id='word_1_50' title='bbox 419 316 492 341; x_wconf 88' lang='lat' dir='ltr'>quam</span> <span class='ocrx_word' id='word_1_51' title='bbox 499 308 581 332; x_wconf 90' lang='lat' dir='ltr'>decem</span> <span class='ocrx_word' id='word_1_52' title='bbox 589 306 655 331; x_wconf 81' lang='lat' dir='ltr'>annis</span> <span class='ocrx_word' id='word_1_53' title='bbox 662 308 749 330; x_wconf 88' lang='lat' dir='ltr'>anteII.</span> <span class='ocrx_word' id='word_1_54' title='bbox 757 305 848 329; x_wconf 88' lang='lat' dir='ltr'>bellum</span> <span class='ocrx_word' id='word_1_55' title='bbox 854 306 976 332; x_wconf 84' lang='lat' dir='ltr'>Punicum,</span> <span class='ocrx_word' id='word_1_56' title='bbox 984 305 1059 329; x_wconf 89' lang='lat' dir='ltr'>invito</span> <span class='ocrx_word' id='word_1_57' title='bbox 1066 303 1153 331; x_wconf 85' lang='lat' dir='ltr'>senatu,</span> 
     </span>
     <span class='ocr_line' id='line_1_8' title="bbox 380 336 1154 368; baseline -0.008 -3"><span class='ocrx_word' id='word_1_58' title='bbox 380 340 452 365; x_wconf 72' lang='lat' dir='ltr'>Fabio</span> <span class='ocrx_word' id='word_1_59' title='bbox 460 338 596 364; x_wconf 80' lang='lat' dir='ltr'>Verrucoffo</span> <span class='ocrx_word' id='word_1_60' title='bbox 605 354 611 364; x_wconf 82' lang='lat'>‚</span> <span class='ocrx_word' id='word_1_61' title='bbox 618 337 705 361; x_wconf 88' lang='lat' dir='ltr'>iterum</span> <span class='ocrx_word' id='word_1_62' title='bbox 712 336 815 364; x_wconf 89' lang='lat' dir='ltr'>consule,</span> <span class='ocrx_word' id='word_1_63' title='bbox 823 337 848 360; x_wconf 87' lang='lat' dir='ltr'>in</span> <span class='ocrx_word' id='word_1_64' title='bbox 856 337 938 368; x_wconf 83' lang='lat' dir='ltr'>primis</span> <span class='ocrx_word' id='word_1_65' title='bbox 945 336 1069 364; x_wconf 80' lang='lat' dir='ltr'>refisteure,</span> <span class='ocrx_word' id='word_1_66' title='bbox 1075 343 1154 360; x_wconf 87' lang='lat' dir='ltr'>tamen</span> 
     </span>
     <span class='ocr_line' id='line_1_9' title="bbox 379 368 1156 404; baseline -0.006 -8"><span class='ocrx_word' id='word_1_67' title='bbox 379 372 483 404; x_wconf 81' lang='lat' dir='ltr'>pertulit,</span> <span class='ocrx_word' id='word_1_68' title='bbox 490 371 519 395; x_wconf 87' lang='lat' dir='ltr'>de</span> <span class='ocrx_word' id='word_1_69' title='bbox 525 377 580 402; x_wconf 86' lang='lat' dir='ltr'>agro</span> <span class='ocrx_word' id='word_1_70' title='bbox 587 370 688 396; x_wconf 82' lang='lat' dir='ltr'>Gallico,</span> <span class='ocrx_word' id='word_1_71' title='bbox 695 369 719 392; x_wconf 65' lang='grc' dir='ltr'>ὃς</span> <span class='ocrx_word' id='word_1_72' title='bbox 725 369 811 392; x_wconf 86' lang='lat' dir='ltr'>Piceno</span> <span class='ocrx_word' id='word_1_73' title='bbox 819 369 909 392; x_wconf 88' lang='lat' dir='ltr'>viritim</span> <span class='ocrx_word' id='word_1_74' title='bbox 916 368 1054 392; x_wconf 90' lang='lat' dir='ltr'>dividendo.</span> <span class='ocrx_word' id='word_1_75' title='bbox 1063 368 1114 392; x_wconf 87' lang='lat' dir='ltr'>Post</span> <span class='ocrx_word' id='word_1_76' title='bbox 1121 376 1156 391; x_wconf 87' lang='lat' dir='ltr'>ca-</span> 
     </span>
     <span class='ocr_line' id='line_1_10' title="bbox 381 399 1156 435; baseline -0.005 -8"><span class='ocrx_word' id='word_1_77' title='bbox 381 410 445 435; x_wconf 83' lang='lat' dir='ltr'>ptam</span> <span class='ocrx_word' id='word_1_78' title='bbox 453 409 530 426; x_wconf 80' lang='lat' dir='ltr'>autem</span> <span class='ocrx_word' id='word_1_79' title='bbox 537 401 703 432; x_wconf 79' lang='lat' dir='ltr'>Carthaginem</span> <span class='ocrx_word' id='word_1_80' title='bbox 709 401 739 424; x_wconf 91' lang='lat' dir='ltr'>de</span> <span class='ocrx_word' id='word_1_81' title='bbox 747 402 806 432; x_wconf 85' lang='lat' dir='ltr'>agris</span> <span class='ocrx_word' id='word_1_82' title='bbox 812 401 838 424; x_wconf 91' lang='lat' dir='ltr'>in</span> <span class='ocrx_word' id='word_1_83' title='bbox 845 399 920 424; x_wconf 81' lang='lat' dir='ltr'>Africa</span> <span class='ocrx_word' id='word_1_84' title='bbox 927 399 1061 424; x_wconf 84' lang='lat' dir='ltr'>dividendis</span> <span class='ocrx_word' id='word_1_85' title='bbox 1068 399 1156 424; x_wconf 85' lang='lat' dir='ltr'>Rubria</span> 
     </span>
     <span class='ocr_line' id='line_1_11' title="bbox 381 431 1156 464; baseline -0.005 -5"><span class='ocrx_word' id='word_1_86' title='bbox 381 436 420 459; x_wconf 85' lang='lat' dir='ltr'>lex</span> <span class='ocrx_word' id='word_1_87' title='bbox 426 436 469 458; x_wconf 85' lang='lat' dir='ltr'>lata</span> <span class='ocrx_word' id='word_1_88' title='bbox 476 434 508 458; x_wconf 84' lang='lat' dir='ltr'>est</span> <span class='ocrx_word' id='word_1_89' title='bbox 514 451 520 461; x_wconf 95' lang='lat'>‚</span> <span class='ocrx_word' id='word_1_90' title='bbox 536 434 601 457; x_wconf 87' lang='lat' dir='ltr'>Livia</span> <span class='ocrx_word' id='word_1_91' title='bbox 608 440 663 456; x_wconf 85' lang='lat' dir='ltr'>vero</span> <span class='ocrx_word' id='word_1_92' title='bbox 671 431 701 456; x_wconf 90' lang='lat' dir='ltr'>de</span> <span class='ocrx_word' id='word_1_93' title='bbox 707 439 730 456; x_wconf 81' lang='lat' dir='ltr'>x.</span> <span class='ocrx_word' id='word_1_94' title='bbox 737 433 793 456; x_wconf 90' lang='lat' dir='ltr'>vitis</span> <span class='ocrx_word' id='word_1_95' title='bbox 800 449 806 459; x_wconf 92' lang='lat'><em>‚</em></span> <span class='ocrx_word' id='word_1_96' title='bbox 821 433 864 464; x_wconf 90' lang='lat' dir='ltr'>qui</span> <span class='ocrx_word' id='word_1_97' title='bbox 871 432 1010 456; x_wconf 88' lang='lat' dir='ltr'>dividerent.</span> <span class='ocrx_word' id='word_1_98' title='bbox 1018 439 1116 463; x_wconf 82' lang='lat' dir='ltr'>quarum</span> <span class='ocrx_word' id='word_1_99' title='bbox 1124 432 1156 455; x_wconf 89' lang='lat' dir='ltr'>le-</span> 
     </span>
     <span class='ocr_line' id='line_1_12' title="bbox 400 463 1156 490; baseline -0.004 0"><span class='ocrx_word' id='word_1_100' title='bbox 400 474 440 490; x_wconf 90' lang='lat' dir='ltr'>um</span> <span class='ocrx_word' id='word_1_101' title='bbox 449 467 474 490; x_wconf 90' lang='lat' dir='ltr'>in</span> <span class='ocrx_word' id='word_1_102' title='bbox 481 466 555 489; x_wconf 87' lang='lat' dir='ltr'>tabula</span> <span class='ocrx_word' id='word_1_103' title='bbox 563 472 622 489; x_wconf 81' lang='lat' dir='ltr'>aenea</span> <span class='ocrx_word' id='word_1_104' title='bbox 630 464 780 488; x_wconf 86' lang='lat' dir='ltr'>mentionem</span> <span class='ocrx_word' id='word_1_105' title='bbox 787 464 931 488; x_wconf 81' lang='lat' dir='ltr'>invenimus.</span> <span class='ocrx_word' id='word_1_106' title='bbox 943 465 981 488; x_wconf 88' lang='lat' dir='ltr'>Ti.</span> <span class='ocrx_word' id='word_1_107' title='bbox 993 463 1108 488; x_wconf 81' lang='lat' dir='ltr'>Gracchus</span> <span class='ocrx_word' id='word_1_108' title='bbox 1117 464 1156 487; x_wconf 88' lang='lat' dir='ltr'>tri-</span> 
     </span>
     <span class='ocr_line' id='line_1_13' title="bbox 400 495 1156 530; baseline -0.005 -8"><span class='ocrx_word' id='word_1_109' title='bbox 400 505 458 522; x_wconf 86' lang='lat' dir='ltr'>unus</span> <span class='ocrx_word' id='word_1_110' title='bbox 466 497 542 530; x_wconf 83' lang='lat' dir='ltr'>plebis</span> <span class='ocrx_word' id='word_1_111' title='bbox 548 498 576 521; x_wconf 88' lang='lat' dir='ltr'>ali</span> <span class='ocrx_word' id='word_1_112' title='bbox 596 502 638 520; x_wconf 90' lang='lat' dir='ltr'>uot</span> <span class='ocrx_word' id='word_1_113' title='bbox 644 495 695 527; x_wconf 80' lang='lat' dir='ltr'>post</span> <span class='ocrx_word' id='word_1_114' title='bbox 702 497 768 519; x_wconf 83' lang='lat' dir='ltr'>annis</span> <span class='ocrx_word' id='word_1_115' title='bbox 773 495 851 527; x_wconf 79' lang='lat' dir='ltr'>legem</span> <span class='ocrx_word' id='word_1_116' title='bbox 859 496 962 527; x_wconf 85' lang='lat' dir='ltr'>pertulit,</span> <span class='ocrx_word' id='word_1_117' title='bbox 973 496 1036 524; x_wconf 82' lang='lat' dir='ltr'>cujus</span> <span class='ocrx_word' id='word_1_118' title='bbox 1043 495 1156 519; x_wconf 78' lang='lat' dir='ltr'>sementia</span> 
     </span>
     <span class='ocr_line' id='line_1_14' title="bbox 382 527 1158 561; baseline -0.005 -7"><span class='ocrx_word' id='word_1_119' title='bbox 382 530 430 554; x_wconf 75' lang='lat' dir='ltr'>haec</span> <span class='ocrx_word' id='word_1_120' title='bbox 436 536 490 553; x_wconf 85' lang='lat' dir='ltr'>erat:</span> <span class='ocrx_word' id='word_1_121' title='bbox 499 529 515 553; x_wconf 85' lang='lat' dir='ltr'>fi</span> <span class='ocrx_word' id='word_1_122' title='bbox 522 529 576 561; x_wconf 84' lang='lat' dir='ltr'>quis</span> <span class='ocrx_word' id='word_1_123' title='bbox 599 529 659 552; x_wconf 89' lang='lat' dir='ltr'>lium</span> <span class='ocrx_word' id='word_1_124' title='bbox 665 528 839 557; x_wconf 83' lang='lat' dir='ltr'>emancipatum</span> <span class='ocrx_word' id='word_1_125' title='bbox 846 527 968 554; x_wconf 86' lang='lat' dir='ltr'>haberet‚ei</span> <span class='ocrx_word' id='word_1_126' title='bbox 975 527 1101 551; x_wconf 75' lang='lat' dir='ltr'>dimidiam</span> <span class='ocrx_word' id='word_1_127' title='bbox 1108 534 1158 559; x_wconf 83' lang='lat' dir='ltr'>par-</span> 
     </span>
     <span class='ocr_line' id='line_1_15' title="bbox 382 558 1158 593; baseline -0.004 -8"><span class='ocrx_word' id='word_1_128' title='bbox 382 568 431 585; x_wconf 85' lang='lat' dir='ltr'>tem</span> <span class='ocrx_word' id='word_1_129' title='bbox 441 564 462 585; x_wconf 93' lang='lat' dir='ltr'>D</span> <span class='ocrx_word' id='word_1_130' title='bbox 473 561 581 593; x_wconf 79' lang='lat' dir='ltr'>jugerum</span> <span class='ocrx_word' id='word_1_131' title='bbox 587 560 711 584; x_wconf 72' lang='lat' dir='ltr'>attribuere</span> <span class='ocrx_word' id='word_1_132' title='bbox 717 558 798 591; x_wconf 68' lang='lat' dir='ltr'>ponet:</span> <span class='ocrx_word' id='word_1_133' title='bbox 805 562 847 583; x_wconf 87' lang='lat'>111.</span> <span class='ocrx_word' id='word_1_134' title='bbox 854 559 897 583; x_wconf 87' lang='lat' dir='ltr'>viri</span> <span class='ocrx_word' id='word_1_135' title='bbox 905 560 963 591; x_wconf 85' lang='lat' dir='ltr'>agris</span> <span class='ocrx_word' id='word_1_136' title='bbox 970 559 1104 583; x_wconf 85' lang='lat' dir='ltr'>dividendis</span> <span class='ocrx_word' id='word_1_137' title='bbox 1109 559 1158 590; x_wconf 88' lang='lat' dir='ltr'>ple-</span> 
     </span>
     <span class='ocr_line' id='line_1_16' title="bbox 381 590 1158 624; baseline -0.004 -7"><span class='ocrx_word' id='word_1_138' title='bbox 381 592 408 617; x_wconf 89' lang='lat' dir='ltr'>bi</span> <span class='ocrx_word' id='word_1_139' title='bbox 415 599 584 620; x_wconf 83' lang='lat' dir='ltr'>crearentur‚ne</span> <span class='ocrx_word' id='word_1_140' title='bbox 591 592 644 624; x_wconf 88' lang='lat' dir='ltr'>quis</span> <span class='ocrx_word' id='word_1_141' title='bbox 651 598 732 623; x_wconf 80' lang='lat' dir='ltr'>agrum</span> <span class='ocrx_word' id='word_1_142' title='bbox 738 590 751 614; x_wconf 64' lang='lat'>5</span> <span class='ocrx_word' id='word_1_143' title='bbox 757 591 855 614; x_wconf 87' lang='lat' dir='ltr'>111.viris</span> <span class='ocrx_word' id='word_1_144' title='bbox 862 598 979 622; x_wconf 85' lang='lat' dir='ltr'>acceptum</span> <span class='ocrx_word' id='word_1_145' title='bbox 986 591 1104 615; x_wconf 87' lang='lat' dir='ltr'>venderet.</span> <span class='ocrx_word' id='word_1_146' title='bbox 1111 591 1158 614; x_wconf 78' lang='lat' dir='ltr'>haec</span> 
     </span>
     <span class='ocr_line' id='line_1_17' title="bbox 383 622 1159 654; baseline -0.004 -5"><span class='ocrx_word' id='word_1_147' title='bbox 383 626 422 649; x_wconf 89' lang='lat' dir='ltr'>lex</span> <span class='ocrx_word' id='word_1_148' title='bbox 429 631 508 649; x_wconf 87' lang='lat' dir='ltr'>utrum</span> <span class='ocrx_word' id='word_1_149' title='bbox 515 623 597 648; x_wconf 87' lang='lat' dir='ltr'>servata</span> <span class='ocrx_word' id='word_1_150' title='bbox 604 623 630 647; x_wconf 84' lang='lat' dir='ltr'>fit</span> <span class='ocrx_word' id='word_1_151' title='bbox 637 640 643 651; x_wconf 86' lang='lat'>‚</span> <span class='ocrx_word' id='word_1_152' title='bbox 652 631 688 650; x_wconf 88' lang='lat' dir='ltr'>an,</span> <span class='ocrx_word' id='word_1_153' title='bbox 696 622 774 647; x_wconf 89' lang='lat' dir='ltr'>occiso</span> <span class='ocrx_word' id='word_1_154' title='bbox 781 622 887 650; x_wconf 89' lang='lat' dir='ltr'>Tiberio,</span> <span class='ocrx_word' id='word_1_155' title='bbox 895 623 1007 654; x_wconf 55' lang='lat' dir='ltr'>negledfl,</span> <span class='ocrx_word' id='word_1_156' title='bbox 1015 631 1094 653; x_wconf 86' lang='lat' dir='ltr'>parurn</span> <span class='ocrx_word' id='word_1_157' title='bbox 1102 629 1159 646; x_wconf 87' lang='lat' dir='ltr'>con-</span> 
     </span>
     <span class='ocr_line' id='line_1_18' title="bbox 384 654 1160 686; baseline -0.004 -6"><span class='ocrx_word' id='word_1_158' title='bbox 384 657 433 680; x_wconf 81' lang='lat' dir='ltr'>stat.</span> <span class='ocrx_word' id='word_1_159' title='bbox 440 656 549 680; x_wconf 78' lang='lat' dir='ltr'>servatam</span> <span class='ocrx_word' id='word_1_160' title='bbox 556 657 587 680; x_wconf 83' lang='lat' dir='ltr'>ait</span> <span class='ocrx_word' id='word_1_161' title='bbox 594 655 726 679; x_wconf 80' lang='lat' dir='ltr'>Plutarchus</span> <span class='ocrx_word' id='word_1_162' title='bbox 735 671 740 681; x_wconf 85' lang='lat'>‚</span> <span class='ocrx_word' id='word_1_163' title='bbox 749 654 930 686; x_wconf 89' lang='lat' dir='ltr'>idquesenatum</span> <span class='ocrx_word' id='word_1_164' title='bbox 938 655 1042 681; x_wconf 75' lang='lat' dir='ltr'>voluisse,</span> <span class='ocrx_word' id='word_1_165' title='bbox 1053 661 1078 678; x_wconf 94' lang='lat' dir='ltr'>ut</span> <span class='ocrx_word' id='word_1_166' title='bbox 1085 654 1160 685; x_wconf 79' lang='lat' dir='ltr'>plebis</span> 
     </span>
     <span class='ocr_line' id='line_1_19' title="bbox 384 685 1160 719; baseline -0.004 -7"><span class='ocrx_word' id='word_1_167' title='bbox 384 688 455 712; x_wconf 87' lang='lat' dir='ltr'>dolor</span> <span class='ocrx_word' id='word_1_168' title='bbox 462 705 468 715; x_wconf 87' lang='lat'>,</span> <span class='ocrx_word' id='word_1_169' title='bbox 477 688 568 712; x_wconf 89' lang='lat' dir='ltr'>Tiberii</span> <span class='ocrx_word' id='word_1_170' title='bbox 575 694 652 711; x_wconf 86' lang='lat' dir='ltr'>morte</span> <span class='ocrx_word' id='word_1_171' title='bbox 659 685 773 719; x_wconf 86' lang='lat' dir='ltr'>susceptus</span> <span class='ocrx_word' id='word_1_172' title='bbox 781 703 787 713; x_wconf 89' lang='lat'>‚</span> <span class='ocrx_word' id='word_1_173' title='bbox 795 687 919 710; x_wconf 83' lang='lat' dir='ltr'>leniretur:</span> <span class='ocrx_word' id='word_1_174' title='bbox 930 687 1061 717; x_wconf 69' lang='lat' dir='ltr'>neglestam</span> <span class='ocrx_word' id='word_1_175' title='bbox 1068 686 1160 709; x_wconf 86' lang='lat' dir='ltr'>videtur</span> 
     </span>
     <span class='ocr_line' id='line_1_20' title="bbox 385 717 1159 750; baseline -0.003 -7"><span class='ocrx_word' id='word_1_176' title='bbox 385 721 467 744; x_wconf 86' lang='lat' dir='ltr'>Livius</span> <span class='ocrx_word' id='word_1_177' title='bbox 473 718 589 743; x_wconf 77' lang='lat' dir='ltr'>tradidisse</span> <span class='ocrx_word' id='word_1_178' title='bbox 595 736 602 747; x_wconf 85' lang='lat'>‚</span> <span class='ocrx_word' id='word_1_179' title='bbox 609 719 697 743; x_wconf 88' lang='lat' dir='ltr'>cumin</span> <span class='ocrx_word' id='word_1_180' title='bbox 703 719 809 750; x_wconf 81' lang='lat' dir='ltr'>epitome</span> <span class='ocrx_word' id='word_1_181' title='bbox 816 735 822 745; x_wconf 90' lang='lat'>‚</span> <span class='ocrx_word' id='word_1_182' title='bbox 830 725 962 742; x_wconf 76' lang='lat' dir='ltr'>renovatam</span> <span class='ocrx_word' id='word_1_183' title='bbox 969 719 981 741; x_wconf 71' lang='grc' dir='ltr'>ὲ</span> <span class='ocrx_word' id='word_1_184' title='bbox 990 720 1047 746; x_wconf 75' lang='lat' dir='ltr'>Caio</span> <span class='ocrx_word' id='word_1_185' title='bbox 1055 735 1061 744; x_wconf 91' lang='lat'>,</span> <span class='ocrx_word' id='word_1_186' title='bbox 1069 717 1159 742; x_wconf 87' lang='lat' dir='ltr'>Tiberii</span> 
     </span>
     <span class='ocr_line' id='line_1_21' title="bbox 383 748 1160 788; baseline -0.003 -13"><span class='ocrx_word' id='word_1_187' title='bbox 383 752 452 775; x_wconf 73' lang='lat' dir='ltr'>fratre</span> <span class='ocrx_word' id='word_1_188' title='bbox 459 768 466 779; x_wconf 83' lang='grc'>,</span> <span class='ocrx_word' id='word_1_189' title='bbox 474 751 584 788; x_wconf 62' lang='lat' dir='ltr'>scrigtum</span> <span class='ocrx_word' id='word_1_190' title='bbox 591 751 626 774; x_wconf 85' lang='lat' dir='ltr'>fit.</span> <span class='ocrx_word' id='word_1_191' title='bbox 634 758 669 774; x_wconf 83' lang='lat' dir='ltr'>res</span> <span class='ocrx_word' id='word_1_192' title='bbox 676 751 706 774; x_wconf 88' lang='lat' dir='ltr'>ita</span> <span class='ocrx_word' id='word_1_193' title='bbox 713 751 838 775; x_wconf 86' lang='lat' dir='ltr'>conveniet</span> <span class='ocrx_word' id='word_1_194' title='bbox 845 767 852 777; x_wconf 86' lang='lat'>,</span> <span class='ocrx_word' id='word_1_195' title='bbox 861 750 878 774; x_wconf 86' lang='lat' dir='ltr'>fi</span> <span class='ocrx_word' id='word_1_196' title='bbox 885 751 908 774; x_wconf 67' lang='grc' dir='ltr'>ὅς</span> <span class='ocrx_word' id='word_1_197' title='bbox 916 748 1024 774; x_wconf 83' lang='lat' dir='ltr'>servatam</span> <span class='ocrx_word' id='word_1_198' title='bbox 1033 767 1038 777; x_wconf 87' lang='lat'><em>‚</em></span> <span class='ocrx_word' id='word_1_199' title='bbox 1046 750 1160 773; x_wconf 71' lang='lat' dir='ltr'>leniendae</span> 
     </span>
     <span class='ocr_line' id='line_1_22' title="bbox 385 781 1161 816; baseline -0.004 -9"><span class='ocrx_word' id='word_1_200' title='bbox 385 784 460 816; x_wconf 79' lang='lat' dir='ltr'>plebis</span> <span class='ocrx_word' id='word_1_201' title='bbox 467 784 545 810; x_wconf 81' lang='lat' dir='ltr'>causta,</span> <span class='ocrx_word' id='word_1_202' title='bbox 552 783 635 815; x_wconf 87' lang='lat' dir='ltr'>primis</span> <span class='ocrx_word' id='word_1_203' title='bbox 642 782 693 814; x_wconf 80' lang='lat' dir='ltr'>post</span> <span class='ocrx_word' id='word_1_204' title='bbox 699 781 791 805; x_wconf 88' lang='lat' dir='ltr'>Tiberii</span> <span class='ocrx_word' id='word_1_205' title='bbox 799 782 921 805; x_wconf 86' lang='lat' dir='ltr'>interitum</span> <span class='ocrx_word' id='word_1_206' title='bbox 928 783 993 806; x_wconf 83' lang='lat' dir='ltr'>annis</span> <span class='ocrx_word' id='word_1_207' title='bbox 1001 799 1007 809; x_wconf 89' lang='lat'>‚</span> <span class='ocrx_word' id='word_1_208' title='bbox 1015 783 1039 805; x_wconf 84' lang='lat'>&amp;</span> <span class='ocrx_word' id='word_1_209' title='bbox 1048 782 1122 812; x_wconf 81' lang='lat' dir='ltr'>postea</span> <span class='ocrx_word' id='word_1_210' title='bbox 1130 783 1161 804; x_wconf 79' lang='lat' dir='ltr'>ita</span> 
     </span>
     <span class='ocr_line' id='line_1_23' title="bbox 386 813 1161 847; baseline -0.004 -8"><span class='ocrx_word' id='word_1_211' title='bbox 386 816 515 847; x_wconf 68' lang='lat' dir='ltr'>negleetam</span> <span class='ocrx_word' id='word_1_212' title='bbox 523 815 643 839; x_wconf 82' lang='lat' dir='ltr'>credamus</span> <span class='ocrx_word' id='word_1_213' title='bbox 650 831 657 842; x_wconf 87' lang='lat'>‚</span> <span class='ocrx_word' id='word_1_214' title='bbox 664 820 688 837; x_wconf 88' lang='lat' dir='ltr'>ut</span> <span class='ocrx_word' id='word_1_215' title='bbox 695 813 792 837; x_wconf 91' lang='lat' dir='ltr'>eandem</span> <span class='ocrx_word' id='word_1_216' title='bbox 800 814 868 841; x_wconf 85' lang='lat' dir='ltr'>Caius</span> <span class='ocrx_word' id='word_1_217' title='bbox 875 814 958 837; x_wconf 81' lang='lat' dir='ltr'>reserre</span> <span class='ocrx_word' id='word_1_218' title='bbox 964 813 1113 837; x_wconf 74' lang='lat' dir='ltr'>necessarium</span> <span class='ocrx_word' id='word_1_219' title='bbox 1120 813 1161 836; x_wconf 90' lang='lat' dir='ltr'>du-</span> 
     </span>
     <span class='ocr_line' id='line_1_24' title="bbox 385 844 1160 878; baseline -0.004 -7"><span class='ocrx_word' id='word_1_220' title='bbox 385 848 454 871; x_wconf 79' lang='lat' dir='ltr'>xerit.</span> <span class='ocrx_word' id='word_1_221' title='bbox 465 847 530 878; x_wconf 88' lang='lat' dir='ltr'>quod</span> <span class='ocrx_word' id='word_1_222' title='bbox 544 847 568 870; x_wconf 71' lang='grc' dir='ltr'>δι</span> <span class='ocrx_word' id='word_1_223' title='bbox 579 847 630 869; x_wconf 84' lang='lat' dir='ltr'>aliis</span> <span class='ocrx_word' id='word_1_224' title='bbox 640 852 689 869; x_wconf 89' lang='lat' dir='ltr'>non</span> <span class='ocrx_word' id='word_1_225' title='bbox 700 845 777 876; x_wconf 81' lang='lat' dir='ltr'>paucis</span> <span class='ocrx_word' id='word_1_226' title='bbox 784 845 808 868; x_wconf 91' lang='lat' dir='ltr'>in</span> <span class='ocrx_word' id='word_1_227' title='bbox 815 845 905 877; x_wconf 85' lang='lat' dir='ltr'>legibus</span> <span class='ocrx_word' id='word_1_228' title='bbox 913 844 956 869; x_wconf 85' lang='lat' dir='ltr'>effe</span> <span class='ocrx_word' id='word_1_229' title='bbox 963 845 1049 869; x_wconf 64' lang='lat' dir='ltr'>factum</span> <span class='ocrx_word' id='word_1_230' title='bbox 1057 845 1160 868; x_wconf 85' lang='lat' dir='ltr'>animad-</span> 
     </span>
     <span class='ocr_line' id='line_1_25' title="bbox 385 876 1161 910; baseline -0.005 -8"><span class='ocrx_word' id='word_1_231' title='bbox 385 880 453 902; x_wconf 89' lang='lat' dir='ltr'>verti.</span> <span class='ocrx_word' id='word_1_232' title='bbox 469 879 536 902; x_wconf 81' lang='lat' dir='ltr'>Tulit</span> <span class='ocrx_word' id='word_1_233' title='bbox 543 879 566 901; x_wconf 82' lang='lat'>&amp;</span> <span class='ocrx_word' id='word_1_234' title='bbox 573 881 611 909; x_wconf 85' lang='lat' dir='ltr'>Sp.</span> <span class='ocrx_word' id='word_1_235' title='bbox 621 877 725 901; x_wconf 81' lang='lat' dir='ltr'>Thorius</span> <span class='ocrx_word' id='word_1_236' title='bbox 731 877 809 908; x_wconf 86' lang='lat' dir='ltr'>legem</span> <span class='ocrx_word' id='word_1_237' title='bbox 819 894 825 904; x_wconf 91' lang='lat'>,</span> <span class='ocrx_word' id='word_1_238' title='bbox 840 885 883 908; x_wconf 84' lang='lat' dir='ltr'>qua</span> <span class='ocrx_word' id='word_1_239' title='bbox 891 877 1084 910; x_wconf 74' lang='lat' dir='ltr'>agrumpublicum</span> <span class='ocrx_word' id='word_1_240' title='bbox 1092 876 1161 899; x_wconf 63' lang='lat' dir='ltr'>vetii—</span> 
     </span>
     <span class='ocr_line' id='line_1_26' title="bbox 381 908 1162 941; baseline -0.001 -10"><span class='ocrx_word' id='word_1_241' title='bbox 381 911 431 941; x_wconf 73' lang='lat' dir='ltr'>gali</span> <span class='ocrx_word' id='word_1_242' title='bbox 437 911 525 933; x_wconf 75' lang='lat' dir='ltr'>levavit</span> <span class='ocrx_word' id='word_1_243' title='bbox 532 920 539 932; x_wconf 90' lang='lat'><em>:</em></span> <span class='ocrx_word' id='word_1_244' title='bbox 552 918 620 941; x_wconf 78' lang='lat' dir='ltr'>quam</span> <span class='ocrx_word' id='word_1_245' title='bbox 628 910 730 938; x_wconf 61' lang='lat' dir='ltr'>vitiosam</span> <span class='ocrx_word' id='word_1_246' title='bbox 737 908 763 932; x_wconf 65' lang='lat' dir='ltr'>(r</span> <span class='ocrx_word' id='word_1_247' title='bbox 770 910 872 932; x_wconf 75' lang='lat' dir='ltr'>inutilem</span> <span class='ocrx_word' id='word_1_248' title='bbox 879 910 964 932; x_wconf 86' lang='lat' dir='ltr'>Cicero</span> <span class='ocrx_word' id='word_1_249' title='bbox 971 909 1067 940; x_wconf 84' lang='lat' dir='ltr'>appellat</span> <span class='ocrx_word' id='word_1_250' title='bbox 1075 909 1099 931; x_wconf 90' lang='lat' dir='ltr'>in</span> <span class='ocrx_word' id='word_1_251' title='bbox 1107 910 1162 931; x_wconf 84' lang='lat' dir='ltr'>Bru·</span> 
     </span>
     <span class='ocr_line' id='line_1_27' title="bbox 386 939 1160 973; baseline -0.005 -8"><span class='ocrx_word' id='word_1_252' title='bbox 386 949 413 965; x_wconf 78' lang='lat' dir='ltr'>to</span> <span class='ocrx_word' id='word_1_253' title='bbox 419 948 466 972; x_wconf 81' lang='lat' dir='ltr'>cap.</span> <span class='ocrx_word' id='word_1_254' title='bbox 472 949 480 967; x_wconf 86' lang='lat'>3</span> <span class='ocrx_word' id='word_1_255' title='bbox 487 946 508 965; x_wconf 83' lang='lat'>6.</span> <span class='ocrx_word' id='word_1_256' title='bbox 518 945 571 973; x_wconf 80' lang='lat' dir='ltr'>quia</span> <span class='ocrx_word' id='word_1_257' title='bbox 578 940 659 964; x_wconf 84' lang='lat' dir='ltr'>nocuit</span> <span class='ocrx_word' id='word_1_258' title='bbox 666 941 753 964; x_wconf 77' lang='lat' dir='ltr'>aerario.</span> <span class='ocrx_word' id='word_1_259' title='bbox 763 942 893 970; x_wconf 84' lang='lat' dir='ltr'>Sequuntur</span> <span class='ocrx_word' id='word_1_260' title='bbox 900 940 985 964; x_wconf 82' lang='lat' dir='ltr'>eodem</span> <span class='ocrx_word' id='word_1_261' title='bbox 993 941 1022 963; x_wconf 92' lang='lat' dir='ltr'>de</span> <span class='ocrx_word' id='word_1_262' title='bbox 1029 946 1113 970; x_wconf 83' lang='lat' dir='ltr'>genere</span> <span class='ocrx_word' id='word_1_263' title='bbox 1120 939 1160 962; x_wconf 87' lang='lat' dir='ltr'>tri-</span> 
     </span>
     <span class='ocr_line' id='line_1_28' title="bbox 386 971 1161 1000; baseline -0.005 -3"><span class='ocrx_word' id='word_1_264' title='bbox 386 973 484 997; x_wconf 70' lang='lat' dir='ltr'>buniciae</span> <span class='ocrx_word' id='word_1_265' title='bbox 492 973 550 1000; x_wconf 76' lang='lat' dir='ltr'>duae,</span> <span class='ocrx_word' id='word_1_266' title='bbox 559 973 629 999; x_wconf 81' lang='lat' dir='ltr'>Titia,</span> <span class='ocrx_word' id='word_1_267' title='bbox 637 971 733 995; x_wconf 80' lang='lat' dir='ltr'>Marcia:</span> <span class='ocrx_word' id='word_1_268' title='bbox 742 971 813 996; x_wconf 78' lang='lat' dir='ltr'>Titia,</span> <span class='ocrx_word' id='word_1_269' title='bbox 822 972 970 994; x_wconf 81' lang='lat' dir='ltr'>M.Antonio</span> <span class='ocrx_word' id='word_1_270' title='bbox 978 977 1077 998; x_wconf 74' lang='lat' dir='ltr'>oratore,</span> <span class='ocrx_word' id='word_1_271' title='bbox 1086 973 1161 993; x_wconf 76' lang='lat' dir='ltr'>A.11o-</span> 
     </span>
     <span class='ocr_line' id='line_1_29' title="bbox 386 1001 1160 1034; baseline -0.006 -5"><span class='ocrx_word' id='word_1_272' title='bbox 386 1006 474 1029; x_wconf 78' lang='lat' dir='ltr'>ssumio</span> <span class='ocrx_word' id='word_1_273' title='bbox 486 1003 575 1028; x_wconf 82' lang='lat' dir='ltr'>Albino</span> <span class='ocrx_word' id='word_1_274' title='bbox 582 1003 637 1027; x_wconf 70' lang='lat' dir='ltr'>coss.</span> <span class='ocrx_word' id='word_1_275' title='bbox 645 1001 715 1026; x_wconf 65' lang='lat' dir='ltr'>asex.</span> <span class='ocrx_word' id='word_1_276' title='bbox 723 1002 790 1026; x_wconf 86' lang='lat' dir='ltr'>Titio</span> <span class='ocrx_word' id='word_1_277' title='bbox 797 1003 847 1024; x_wconf 85' lang='lat' dir='ltr'>lata.</span> <span class='ocrx_word' id='word_1_278' title='bbox 862 1003 945 1025; x_wconf 88' lang='lat' dir='ltr'>Marcia</span> <span class='ocrx_word' id='word_1_279' title='bbox 954 1019 960 1030; x_wconf 80' lang='grc'><em>,</em></span> <span class='ocrx_word' id='word_1_280' title='bbox 967 1002 1053 1034; x_wconf 84' lang='lat' dir='ltr'>quibus</span> <span class='ocrx_word' id='word_1_281' title='bbox 1060 1001 1160 1025; x_wconf 87' lang='lat' dir='ltr'>consuli-</span> 
     </span>
     <span class='ocr_line' id='line_1_30' title="bbox 387 1033 1160 1065; baseline -0.006 -5"><span class='ocrx_word' id='word_1_282' title='bbox 387 1036 430 1060; x_wconf 87' lang='lat' dir='ltr'>bus</span> <span class='ocrx_word' id='word_1_283' title='bbox 437 1037 551 1059; x_wconf 80' lang='lat' dir='ltr'>incertum</span> <span class='ocrx_word' id='word_1_284' title='bbox 560 1052 566 1061; x_wconf 87' lang='lat'>,</span> <span class='ocrx_word' id='word_1_285' title='bbox 575 1043 587 1057; x_wconf 72' lang='lat' dir='ltr'>a</span> <span class='ocrx_word' id='word_1_286' title='bbox 593 1037 620 1058; x_wconf 94' lang='lat' dir='ltr'>L.</span> <span class='ocrx_word' id='word_1_287' title='bbox 628 1034 717 1057; x_wconf 88' lang='lat' dir='ltr'>Marcio</span> <span class='ocrx_word' id='word_1_288' title='bbox 723 1033 841 1064; x_wconf 84' lang='lat' dir='ltr'>Philippo.</span> <span class='ocrx_word' id='word_1_289' title='bbox 857 1033 893 1056; x_wconf 83' lang='lat' dir='ltr'>Est</span> <span class='ocrx_word' id='word_1_290' title='bbox 900 1034 971 1057; x_wconf 84' lang='lat' dir='ltr'>etiam</span> <span class='ocrx_word' id='word_1_291' title='bbox 978 1035 1066 1065; x_wconf 78' lang='lat' dir='ltr'>agrariae</span> <span class='ocrx_word' id='word_1_292' title='bbox 1074 1033 1160 1059; x_wconf 68' lang='lat' dir='ltr'>Plotiae,</span> 
     </span>
     <span class='ocr_line' id='line_1_31' title="bbox 387 1063 1159 1097; baseline -0.005 -6"><span class='ocrx_word' id='word_1_293' title='bbox 387 1070 412 1092; x_wconf 64' lang='lat' dir='ltr'>(Sc</span> <span class='ocrx_word' id='word_1_294' title='bbox 424 1068 503 1091; x_wconf 78' lang='lat' dir='ltr'>Flavia:</span> <span class='ocrx_word' id='word_1_295' title='bbox 511 1066 603 1090; x_wconf 85' lang='lat' dir='ltr'>mentio</span> <span class='ocrx_word' id='word_1_296' title='bbox 609 1065 669 1097; x_wconf 76' lang='lat' dir='ltr'>apud</span> <span class='ocrx_word' id='word_1_297' title='bbox 676 1066 817 1089; x_wconf 89' lang='lat' dir='ltr'>Ciceronem</span> <span class='ocrx_word' id='word_1_298' title='bbox 825 1063 866 1088; x_wconf 75' lang='lat' dir='ltr'>lib.</span> <span class='ocrx_word' id='word_1_299' title='bbox 875 1067 892 1088; x_wconf 89' lang='lat'>1.</span> <span class='ocrx_word' id='word_1_300' title='bbox 899 1065 925 1088; x_wconf 88' lang='lat' dir='ltr'>ad</span> <span class='ocrx_word' id='word_1_301' title='bbox 934 1066 1050 1089; x_wconf 85' lang='lat' dir='ltr'>Atticum.</span> <span class='ocrx_word' id='word_1_302' title='bbox 1059 1072 1129 1097; x_wconf 79' lang='lat' dir='ltr'>quam</span> <span class='ocrx_word' id='word_1_303' title='bbox 1137 1071 1159 1087; x_wconf 90' lang='lat' dir='ltr'>u-</span> 
     </span>
     <span class='ocr_line' id='line_1_32' title="bbox 386 1096 1162 1130; baseline -0.005 -8"><span class='ocrx_word' id='word_1_304' title='bbox 386 1106 494 1130; x_wconf 79' lang='lat' dir='ltr'>tramque</span> <span class='ocrx_word' id='word_1_305' title='bbox 500 1097 566 1121; x_wconf 76' lang='lat' dir='ltr'>fuisse</span> <span class='ocrx_word' id='word_1_306' title='bbox 573 1096 928 1127; x_wconf 81' lang='lat' dir='ltr'>tribuniciam‚constat.utraque</span> <span class='ocrx_word' id='word_1_307' title='bbox 935 1103 1011 1120; x_wconf 79' lang='lat' dir='ltr'>autem</span> <span class='ocrx_word' id='word_1_308' title='bbox 1018 1097 1109 1120; x_wconf 89' lang='lat' dir='ltr'>videtur</span> <span class='ocrx_word' id='word_1_309' title='bbox 1116 1096 1162 1119; x_wconf 85' lang='lat' dir='ltr'>hoc</span> 
     </span>
     <span class='ocr_line' id='line_1_33' title="bbox 387 1127 1162 1161; baseline -0.005 -7"><span class='ocrx_word' id='word_1_310' title='bbox 387 1129 482 1154; x_wconf 75' lang='lat' dir='ltr'>sanxisse</span> <span class='ocrx_word' id='word_1_311' title='bbox 490 1148 496 1157; x_wconf 82' lang='lat'>,</span> <span class='ocrx_word' id='word_1_312' title='bbox 504 1137 529 1154; x_wconf 90' lang='lat' dir='ltr'>ut</span> <span class='ocrx_word' id='word_1_313' title='bbox 537 1130 573 1153; x_wconf 90' lang='lat' dir='ltr'>vel</span> <span class='ocrx_word' id='word_1_314' title='bbox 581 1130 637 1161; x_wconf 84' lang='lat' dir='ltr'>agri,</span> <span class='ocrx_word' id='word_1_315' title='bbox 643 1136 704 1160; x_wconf 83' lang='lat' dir='ltr'>quos</span> <span class='ocrx_word' id='word_1_316' title='bbox 711 1127 723 1151; x_wconf 68' lang='lat' dir='ltr'>a</span> <span class='ocrx_word' id='word_1_317' title='bbox 731 1128 808 1152; x_wconf 86' lang='lat' dir='ltr'>senatu</span> <span class='ocrx_word' id='word_1_318' title='bbox 816 1128 944 1159; x_wconf 83' lang='lat' dir='ltr'>locupletes</span> <span class='ocrx_word' id='word_1_319' title='bbox 950 1127 1066 1155; x_wconf 83' lang='lat' dir='ltr'>emissent,</span> <span class='ocrx_word' id='word_1_320' title='bbox 1074 1127 1162 1151; x_wconf 82' lang='lat' dir='ltr'>reddita</span> 
     </span>
     <span class='ocr_line' id='line_1_34' title="bbox 387 1159 1161 1194; baseline -0.005 -8"><span class='ocrx_word' id='word_1_321' title='bbox 387 1161 549 1194; x_wconf 77' lang='lat' dir='ltr'>possess&#39;otibus</span> <span class='ocrx_word' id='word_1_322' title='bbox 558 1161 653 1192; x_wconf 76' lang='lat' dir='ltr'>pecunia</span> <span class='ocrx_word' id='word_1_323' title='bbox 661 1177 666 1187; x_wconf 83' lang='grc'>,</span> <span class='ocrx_word' id='word_1_324' title='bbox 681 1160 743 1192; x_wconf 83' lang='lat' dir='ltr'>plebi</span> <span class='ocrx_word' id='word_1_325' title='bbox 751 1159 955 1184; x_wconf 85' lang='lat' dir='ltr'>distribuerentur:</span> <span class='ocrx_word' id='word_1_326' title='bbox 969 1161 1006 1183; x_wconf 92' lang='lat' dir='ltr'>vel</span> <span class='ocrx_word' id='word_1_327' title='bbox 1014 1159 1029 1183; x_wconf 85' lang='lat' dir='ltr'>fi</span> <span class='ocrx_word' id='word_1_328' title='bbox 1038 1160 1161 1183; x_wconf 89' lang='lat' dir='ltr'>neminem</span> 
     </span>
     <span class='ocr_line' id='line_1_35' title="bbox 388 1191 1162 1225; baseline -0.005 -7"><span class='ocrx_word' id='word_1_329' title='bbox 388 1201 465 1218; x_wconf 87' lang='lat' dir='ltr'>vetere</span> <span class='ocrx_word' id='word_1_330' title='bbox 477 1192 613 1225; x_wconf 78' lang='lat' dir='ltr'>poss&#39;effione</span> <span class='ocrx_word' id='word_1_331' title='bbox 622 1193 714 1216; x_wconf 84' lang='lat' dir='ltr'>moveri</span> <span class='ocrx_word' id='word_1_332' title='bbox 727 1191 815 1215; x_wconf 86' lang='lat' dir='ltr'>senatus</span> <span class='ocrx_word' id='word_1_333' title='bbox 822 1191 904 1218; x_wconf 87' lang='lat' dir='ltr'>vellet,</span> <span class='ocrx_word' id='word_1_334' title='bbox 918 1192 1012 1223; x_wconf 86' lang='lat' dir='ltr'>aliiagri</span> <span class='ocrx_word' id='word_1_335' title='bbox 1020 1199 1043 1214; x_wconf 84' lang='lat' dir='ltr'>ea</span> <span class='ocrx_word' id='word_1_336' title='bbox 1052 1193 1162 1222; x_wconf 83' lang='lat' dir='ltr'>pecunia,</span> 
     </span>
     <span class='ocr_line' id='line_1_36' title="bbox 389 1223 1162 1258; baseline -0.006 -8"><span class='ocrx_word' id='word_1_337' title='bbox 389 1233 439 1258; x_wconf 75' lang='lat' dir='ltr'>quae</span> <span class='ocrx_word' id='word_1_338' title='bbox 452 1233 481 1249; x_wconf 78' lang='lat' dir='ltr'>ex</span> <span class='ocrx_word' id='word_1_339' title='bbox 493 1225 562 1249; x_wconf 91' lang='lat' dir='ltr'>novis</span> <span class='ocrx_word' id='word_1_340' title='bbox 574 1223 724 1255; x_wconf 74' lang='lat' dir='ltr'>veffigalibus</span> <span class='ocrx_word' id='word_1_341' title='bbox 731 1231 770 1255; x_wconf 75' lang='lat' dir='ltr'>per</span> <span class='ocrx_word' id='word_1_342' title='bbox 776 1224 969 1255; x_wconf 85' lang='lat' dir='ltr'>quinquennium</span> <span class='ocrx_word' id='word_1_343' title='bbox 976 1224 1124 1255; x_wconf 79' lang='lat' dir='ltr'>reciperetur,</span> <span class='ocrx_word' id='word_1_344' title='bbox 1140 1229 1162 1245; x_wconf 90' lang='lat' dir='ltr'>e-</span> 
     </span>
     <span class='ocr_line' id='line_1_37' title="bbox 388 1254 1163 1287; baseline -0.005 -6"><span class='ocrx_word' id='word_1_345' title='bbox 388 1263 517 1284; x_wconf 87' lang='lat' dir='ltr'>merentur,</span> <span class='ocrx_word' id='word_1_346' title='bbox 524 1256 674 1287; x_wconf 50' lang='lat' dir='ltr'>&amp;plebique</span> <span class='ocrx_word' id='word_1_347' title='bbox 681 1263 749 1287; x_wconf 85' lang='lat' dir='ltr'>agros</span> <span class='ocrx_word' id='word_1_348' title='bbox 756 1263 805 1279; x_wconf 89' lang='lat' dir='ltr'>non</span> <span class='ocrx_word' id='word_1_349' title='bbox 813 1254 1108 1285; x_wconf 83' lang='lat' dir='ltr'>haberet‚partirentur.hoc</span> <span class='ocrx_word' id='word_1_350' title='bbox 1115 1261 1163 1277; x_wconf 91' lang='lat' dir='ltr'>cer-</span> 
     </span>
     <span class='ocr_line' id='line_1_38' title="bbox 389 1286 1162 1318; baseline -0.005 -5"><span class='ocrx_word' id='word_1_351' title='bbox 389 1296 413 1313; x_wconf 89' lang='lat' dir='ltr'>te</span> <span class='ocrx_word' id='word_1_352' title='bbox 424 1288 514 1313; x_wconf 89' lang='lat' dir='ltr'>videtur</span> <span class='ocrx_word' id='word_1_353' title='bbox 521 1289 546 1311; x_wconf 86' lang='lat' dir='ltr'>in</span> <span class='ocrx_word' id='word_1_354' title='bbox 554 1288 627 1311; x_wconf 84' lang='lat' dir='ltr'>Flavia</span> <span class='ocrx_word' id='word_1_355' title='bbox 640 1287 752 1318; x_wconf 86' lang='lat' dir='ltr'>scriptum</span> <span class='ocrx_word' id='word_1_356' title='bbox 759 1286 825 1310; x_wconf 80' lang='lat' dir='ltr'>fuiss&#39;e</span> <span class='ocrx_word' id='word_1_357' title='bbox 832 1304 838 1313; x_wconf 89' lang='lat'><em>‚</em></span> <span class='ocrx_word' id='word_1_358' title='bbox 852 1293 876 1310; x_wconf 91' lang='lat' dir='ltr'>ut</span> <span class='ocrx_word' id='word_1_359' title='bbox 884 1294 912 1309; x_wconf 80' lang='lat' dir='ltr'>ex</span> <span class='ocrx_word' id='word_1_360' title='bbox 919 1286 1015 1318; x_wconf 82' lang='lat' dir='ltr'>epistola</span> <span class='ocrx_word' id='word_1_361' title='bbox 1023 1287 1049 1310; x_wconf 88' lang='lat' dir='ltr'>ad</span> <span class='ocrx_word' id='word_1_362' title='bbox 1058 1287 1162 1309; x_wconf 85' lang='lat' dir='ltr'>Atticum</span> 
     </span>
     <span class='ocr_line' id='line_1_39' title="bbox 388 1317 1163 1350; baseline -0.006 -5"><span class='ocrx_word' id='word_1_363' title='bbox 388 1321 451 1345; x_wconf 79' lang='lat' dir='ltr'>llb.1.</span> <span class='ocrx_word' id='word_1_364' title='bbox 460 1321 514 1344; x_wconf 83' lang='lat' dir='ltr'>licet</span> <span class='ocrx_word' id='word_1_365' title='bbox 521 1320 645 1347; x_wconf 75' lang='lat' dir='ltr'>conjicere,</span> <span class='ocrx_word' id='word_1_366' title='bbox 655 1319 680 1342; x_wconf 88' lang='lat' dir='ltr'>in</span> <span class='ocrx_word' id='word_1_367' title='bbox 688 1319 730 1342; x_wconf 79' lang='lat' dir='ltr'>alia</span> <span class='ocrx_word' id='word_1_368' title='bbox 737 1326 801 1345; x_wconf 84' lang='lat' dir='ltr'>vero,</span> <span class='ocrx_word' id='word_1_369' title='bbox 809 1326 859 1349; x_wconf 76' lang='lat' dir='ltr'>qutc</span> <span class='ocrx_word' id='word_1_370' title='bbox 866 1325 916 1341; x_wconf 84' lang='lat' dir='ltr'>ante</span> <span class='ocrx_word' id='word_1_371' title='bbox 924 1318 1094 1350; x_wconf 75' lang='lat' dir='ltr'>hancproxima</span> <span class='ocrx_word' id='word_1_372' title='bbox 1101 1317 1132 1341; x_wconf 82' lang='lat' dir='ltr'>est</span> <span class='ocrx_word' id='word_1_373' title='bbox 1141 1325 1163 1340; x_wconf 89' lang='lat' dir='ltr'>e-</span> 
     </span>
     <span class='ocr_line' id='line_1_40' title="bbox 388 1348 1164 1384; baseline -0.005 -8"><span class='ocrx_word' id='word_1_374' title='bbox 388 1352 479 1384; x_wconf 79' lang='lat' dir='ltr'>pistola.</span> <span class='ocrx_word' id='word_1_375' title='bbox 497 1351 598 1375; x_wconf 78' lang='lat' dir='ltr'>Flaviani</span> <span class='ocrx_word' id='word_1_376' title='bbox 611 1350 709 1374; x_wconf 77' lang='lat' dir='ltr'>eandem</span> <span class='ocrx_word' id='word_1_377' title='bbox 716 1350 762 1374; x_wconf 82' lang='lat' dir='ltr'>fere</span> <span class='ocrx_word' id='word_1_378' title='bbox 771 1367 776 1377; x_wconf 85' lang='lat'>‚</span> <span class='ocrx_word' id='word_1_379' title='bbox 789 1357 839 1382; x_wconf 70' lang='lat' dir='ltr'>qua:</span> <span class='ocrx_word' id='word_1_380' title='bbox 846 1349 978 1377; x_wconf 69' lang='lat' dir='ltr'>fuitffiotia,</span> <span class='ocrx_word' id='word_1_381' title='bbox 993 1351 1078 1374; x_wconf 82' lang='lat' dir='ltr'>cicero</span> <span class='ocrx_word' id='word_1_382' title='bbox 1087 1348 1164 1372; x_wconf 77' lang='lat' dir='ltr'>scribit</span> 
     </span>
     <span class='ocr_line' id='line_1_41' title="bbox 388 1380 1163 1414; baseline -0.005 -6"><span class='ocrx_word' id='word_1_383' title='bbox 388 1383 441 1408; x_wconf 80' lang='lat' dir='ltr'>else.</span> <span class='ocrx_word' id='word_1_384' title='bbox 449 1391 478 1407; x_wconf 86' lang='lat' dir='ltr'>ex</span> <span class='ocrx_word' id='word_1_385' title='bbox 486 1390 535 1414; x_wconf 89' lang='lat' dir='ltr'>quo</span> <span class='ocrx_word' id='word_1_386' title='bbox 543 1390 592 1406; x_wconf 87' lang='lat' dir='ltr'>non</span> <span class='ocrx_word' id='word_1_387' title='bbox 599 1382 736 1406; x_wconf 78' lang='lat' dir='ltr'>dissimilem</span> <span class='ocrx_word' id='word_1_388' title='bbox 744 1380 864 1413; x_wconf 88' lang='lat' dir='ltr'>utriusque</span> <span class='ocrx_word' id='word_1_389' title='bbox 872 1380 1008 1405; x_wconf 77' lang='lat' dir='ltr'>sententiam</span> <span class='ocrx_word' id='word_1_390' title='bbox 1016 1380 1090 1405; x_wconf 79' lang='lat' dir='ltr'>suiffe,</span> <span class='ocrx_word' id='word_1_391' title='bbox 1098 1380 1163 1404; x_wconf 81' lang='lat' dir='ltr'>facile</span> 
     </span>
     <span class='ocr_line' id='line_1_42' title="bbox 388 1412 1164 1447; baseline -0.005 -8"><span class='ocrx_word' id='word_1_392' title='bbox 388 1414 546 1447; x_wconf 82' lang='lat' dir='ltr'>cognoscitur.</span> <span class='ocrx_word' id='word_1_393' title='bbox 554 1414 592 1438; x_wconf 90' lang='lat' dir='ltr'>sed</span> <span class='ocrx_word' id='word_1_394' title='bbox 599 1413 708 1441; x_wconf 76' lang='lat' dir='ltr'>flaviam,</span> <span class='ocrx_word' id='word_1_395' title='bbox 714 1421 765 1445; x_wconf 79' lang='lat' dir='ltr'>qua:</span> <span class='ocrx_word' id='word_1_396' title='bbox 773 1414 909 1445; x_wconf 73' lang='lat' dir='ltr'>QMetello</span> <span class='ocrx_word' id='word_1_397' title='bbox 917 1414 999 1437; x_wconf 81' lang='lat' dir='ltr'>Celere</span> <span class='ocrx_word' id='word_1_398' title='bbox 1006 1414 1029 1437; x_wconf 71' lang='grc' dir='ltr'>ὃ(</span> <span class='ocrx_word' id='word_1_399' title='bbox 1038 1412 1164 1436; x_wconf 81' lang='lat' dir='ltr'>L.Afranio</span> 
     </span>
     <span class='ocr_line' id='line_1_43' title="bbox 389 1443 1162 1478; baseline -0.005 -7"><span class='ocrx_word' id='word_1_400' title='bbox 389 1446 445 1472; x_wconf 81' lang='lat' dir='ltr'>coss‘.</span> <span class='ocrx_word' id='word_1_401' title='bbox 451 1446 596 1478; x_wconf 84' lang='lat' dir='ltr'>promulgata</span> <span class='ocrx_word' id='word_1_402' title='bbox 603 1445 642 1472; x_wconf 78' lang='lat' dir='ltr'>est,</span> <span class='ocrx_word' id='word_1_403' title='bbox 650 1453 689 1468; x_wconf 91' lang='lat' dir='ltr'>cur</span> <span class='ocrx_word' id='word_1_404' title='bbox 696 1445 829 1468; x_wconf 82' lang='lat' dir='ltr'>existimem</span> <span class='ocrx_word' id='word_1_405' title='bbox 837 1444 880 1468; x_wconf 80' lang='lat' dir='ltr'>effe</span> <span class='ocrx_word' id='word_1_406' title='bbox 887 1445 1005 1475; x_wconf 84' lang='lat' dir='ltr'>perlatam,</span> <span class='ocrx_word' id='word_1_407' title='bbox 1014 1444 1075 1468; x_wconf 89' lang='lat' dir='ltr'>nihil</span> <span class='ocrx_word' id='word_1_408' title='bbox 1081 1443 1162 1468; x_wconf 85' lang='lat' dir='ltr'>habeo.</span> 
     </span>
     <span class='ocr_line' id='line_1_44' title="bbox 389 1476 1162 1509; baseline -0.006 -6"><span class='ocrx_word' id='word_1_409' title='bbox 389 1479 496 1503; x_wconf 67' lang='lat' dir='ltr'>Distator</span> <span class='ocrx_word' id='word_1_410' title='bbox 503 1484 600 1509; x_wconf 86' lang='lat' dir='ltr'>quoque</span> <span class='ocrx_word' id='word_1_411' title='bbox 606 1477 664 1507; x_wconf 83' lang='lat' dir='ltr'>Sylla</span> <span class='ocrx_word' id='word_1_412' title='bbox 672 1493 677 1502; x_wconf 88' lang='lat'>,</span> <span class='ocrx_word' id='word_1_413' title='bbox 686 1477 738 1507; x_wconf 73' lang='lat' dir='ltr'>lege</span> <span class='ocrx_word' id='word_1_414' title='bbox 744 1477 795 1502; x_wconf 77' lang='lat' dir='ltr'>lata,</span> <span class='ocrx_word' id='word_1_415' title='bbox 803 1477 891 1499; x_wconf 86' lang='lat' dir='ltr'>multos</span> <span class='ocrx_word' id='word_1_416' title='bbox 898 1483 963 1506; x_wconf 82' lang='lat' dir='ltr'>agros</span> <span class='ocrx_word' id='word_1_417' title='bbox 970 1478 994 1499; x_wconf 85' lang='lat' dir='ltr'>in</span> <span class='ocrx_word' id='word_1_418' title='bbox 1003 1479 1038 1498; x_wconf 80' lang='lat' dir='ltr'>Etr</span> <span class='ocrx_word' id='word_1_419' title='bbox 1044 1477 1090 1499; x_wconf 82' lang='lat' dir='ltr'>uria</span> <span class='ocrx_word' id='word_1_420' title='bbox 1099 1476 1162 1499; x_wconf 89' lang='lat' dir='ltr'>rnili-</span> 
     </span>
     <span class='ocr_line' id='line_1_45' title="bbox 391 1506 1162 1534; baseline -0.006 0"><span class='ocrx_word' id='word_1_421' title='bbox 391 1510 454 1534; x_wconf 85' lang='lat' dir='ltr'>tibus</span> <span class='ocrx_word' id='word_1_422' title='bbox 460 1509 506 1533; x_wconf 91' lang='lat' dir='ltr'>suis</span> <span class='ocrx_word' id='word_1_423' title='bbox 512 1508 597 1531; x_wconf 83' lang='lat' dir='ltr'>divilit.</span> <span class='ocrx_word' id='word_1_424' title='bbox 605 1507 749 1531; x_wconf 78' lang='lat' dir='ltr'>Scriboniam</span> <span class='ocrx_word' id='word_1_425' title='bbox 757 1506 905 1530; x_wconf 79' lang='lat' dir='ltr'>tribuniciam</span> <span class='ocrx_word' id='word_1_426' title='bbox 914 1510 940 1530; x_wconf 88' lang='lat' dir='ltr'>C.</span> <span class='ocrx_word' id='word_1_427' title='bbox 951 1507 1062 1530; x_wconf 82' lang='lat' dir='ltr'>Curionis</span> <span class='ocrx_word' id='word_1_428' title='bbox 1070 1507 1113 1529; x_wconf 81' lang='lat' dir='ltr'>filii</span> <span class='ocrx_word' id='word_1_429' title='bbox 1121 1514 1162 1529; x_wconf 90' lang='lat' dir='ltr'>no-</span> 
     </span>
     <span class='ocr_line' id='line_1_46' title="bbox 392 1537 1161 1571; baseline -0.007 -6"><span class='ocrx_word' id='word_1_430' title='bbox 392 1542 475 1567; x_wconf 80' lang='lat' dir='ltr'>minat,</span> <span class='ocrx_word' id='word_1_431' title='bbox 483 1546 582 1571; x_wconf 74' lang='lat' dir='ltr'>eamque</span> <span class='ocrx_word' id='word_1_432' title='bbox 590 1539 684 1562; x_wconf 79' lang='lat' dir='ltr'>viariam</span> <span class='ocrx_word' id='word_1_433' title='bbox 691 1539 842 1569; x_wconf 79' lang='lat' dir='ltr'>appellat‚nec</span> <span class='ocrx_word' id='word_1_434' title='bbox 849 1537 985 1561; x_wconf 83' lang='lat' dir='ltr'>dislimilem</span> <span class='ocrx_word' id='word_1_435' title='bbox 992 1538 1080 1568; x_wconf 70' lang='lat' dir='ltr'>agraria:</span> <span class='ocrx_word' id='word_1_436' title='bbox 1088 1538 1161 1564; x_wconf 83' lang='lat' dir='ltr'>Rulli,</span> 
     </span>
     <span class='ocr_line' id='line_1_47' title="bbox 391 1569 1162 1601; baseline -0.006 -5"><span class='ocrx_word' id='word_1_437' title='bbox 391 1577 427 1596; x_wconf 78' lang='lat' dir='ltr'>M.</span> <span class='ocrx_word' id='word_1_438' title='bbox 434 1570 595 1601; x_wconf 83' lang='lat' dir='ltr'>coeliusepist.</span> <span class='ocrx_word' id='word_1_439' title='bbox 603 1570 706 1594; x_wconf 80' lang='lat' dir='ltr'>fam.1ib.</span> <span class='ocrx_word' id='word_1_440' title='bbox 714 1570 762 1593; x_wconf 65' lang='lat' dir='ltr'>mc</span> <span class='ocrx_word' id='word_1_441' title='bbox 776 1569 878 1593; x_wconf 82' lang='lat' dir='ltr'>Ultimus</span> <span class='ocrx_word' id='word_1_442' title='bbox 885 1570 995 1600; x_wconf 72' lang='lat' dir='ltr'>agrariam</span> <span class='ocrx_word' id='word_1_443' title='bbox 1002 1570 1080 1600; x_wconf 74' lang='lat' dir='ltr'>legem</span> <span class='ocrx_word' id='word_1_444' title='bbox 1087 1575 1162 1600; x_wconf 85' lang='lat' dir='ltr'>pertu-</span> 
     </span>
     <span class='ocr_line' id='line_1_48' title="bbox 390 1600 1161 1633; baseline -0.008 -5"><span class='ocrx_word' id='word_1_445' title='bbox 390 1605 420 1628; x_wconf 85' lang='lat' dir='ltr'>lit</span> <span class='ocrx_word' id='word_1_446' title='bbox 427 1607 455 1627; x_wconf 87' lang='lat' dir='ltr'>C.</span> <span class='ocrx_word' id='word_1_447' title='bbox 463 1603 536 1626; x_wconf 72' lang='lat' dir='ltr'>Caesar</span> <span class='ocrx_word' id='word_1_448' title='bbox 544 1603 569 1625; x_wconf 91' lang='lat' dir='ltr'>in</span> <span class='ocrx_word' id='word_1_449' title='bbox 577 1603 655 1633; x_wconf 79' lang='lat' dir='ltr'>primo</span> <span class='ocrx_word' id='word_1_450' title='bbox 663 1600 792 1624; x_wconf 78' lang='lat' dir='ltr'>consulatu:</span> <span class='ocrx_word' id='word_1_451' title='bbox 804 1608 847 1632; x_wconf 79' lang='lat' dir='ltr'>qua</span> <span class='ocrx_word' id='word_1_452' title='bbox 856 1601 965 1623; x_wconf 59' lang='lat' dir='ltr'>Stellatem</span> <span class='ocrx_word' id='word_1_453' title='bbox 972 1608 1071 1633; x_wconf 67' lang='lat' dir='ltr'>campum</span> <span class='ocrx_word' id='word_1_454' title='bbox 1080 1617 1086 1627; x_wconf 80' lang='lat'><strong>,</strong></span> <span class='ocrx_word' id='word_1_455' title='bbox 1093 1601 1161 1632; x_wconf 71' lang='lat' dir='ltr'>maja-</span> 
     </span>
     <span class='ocr_line' id='line_1_49' title="bbox 391 1631 1162 1664; baseline -0.005 -6"><span class='ocrx_word' id='word_1_456' title='bbox 391 1635 449 1659; x_wconf 62' lang='lat' dir='ltr'>ribus</span> <span class='ocrx_word' id='word_1_457' title='bbox 456 1636 597 1664; x_wconf 56' lang='lat' dir='ltr'>maffia-atum</span> <span class='ocrx_word' id='word_1_458' title='bbox 605 1650 611 1660; x_wconf 69' lang='lat'>7</span> <span class='ocrx_word' id='word_1_459' title='bbox 622 1635 685 1655; x_wconf 82' lang='lat' dir='ltr'>utait</span> <span class='ocrx_word' id='word_1_460' title='bbox 693 1633 806 1655; x_wconf 76' lang='lat' dir='ltr'>Suetonius</span> <span class='ocrx_word' id='word_1_461' title='bbox 819 1632 857 1662; x_wconf 86' lang='lat' dir='ltr'>Jul</span> <span class='ocrx_word' id='word_1_462' title='bbox 874 1640 911 1655; x_wconf 80' lang='lat'>20.</span> <span class='ocrx_word' id='word_1_463' title='bbox 921 1636 943 1655; x_wconf 75' lang='lat'>6.</span> <span class='ocrx_word' id='word_1_464' title='bbox 958 1631 1066 1663; x_wconf 71' lang='lat' dir='ltr'>&amp;agrum</span> <span class='ocrx_word' id='word_1_465' title='bbox 1076 1636 1162 1663; x_wconf 79' lang='lat' dir='ltr'><em>Campa-</em></span> 
     </span>
     <span class='ocr_line' id='line_1_50' title="bbox 391 1663 1163 1696; baseline -0.006 -7"><span class='ocrx_word' id='word_1_466' title='bbox 391 1675 445 1690; x_wconf 81' lang='lat' dir='ltr'>num</span> <span class='ocrx_word' id='word_1_467' title='bbox 453 1682 459 1692; x_wconf 83' lang='lat'>‚</span> <span class='ocrx_word' id='word_1_468' title='bbox 473 1667 503 1688; x_wconf 84' lang='lat' dir='ltr'>ad</span> <span class='ocrx_word' id='word_1_469' title='bbox 509 1664 602 1695; x_wconf 70' lang='lat' dir='ltr'>sitbfidm</span> <span class='ocrx_word' id='word_1_470' title='bbox 613 1663 749 1696; x_wconf 72' lang='lat' dir='ltr'>&#39;Rfipublicae</span> <span class='ocrx_word' id='word_1_471' title='bbox 755 1663 883 1694; x_wconf 62' lang='lat' dir='ltr'>vestigalem</span> <span class='ocrx_word' id='word_1_472' title='bbox 890 1663 990 1685; x_wconf 61' lang='lat' dir='ltr'>rentium</span> <span class='ocrx_word' id='word_1_473' title='bbox 999 1679 1004 1689; x_wconf 90' lang='lat'><em>‚</em></span> <span class='ocrx_word' id='word_1_474' title='bbox 1018 1664 1093 1692; x_wconf 71' lang='lat' dir='ltr'>divisit</span> <span class='ocrx_word' id='word_1_475' title='bbox 1101 1670 1163 1685; x_wconf 74' lang='lat' dir='ltr'>extra</span> 
     </span>
     <span class='ocr_line' id='line_1_51' title="bbox 387 1693 1162 1728; baseline -0.006 -8"><span class='ocrx_word' id='word_1_476' title='bbox 387 1700 468 1728; x_wconf 71' lang='lat' dir='ltr'>[briem</span> <span class='ocrx_word' id='word_1_477' title='bbox 476 1697 504 1719; x_wconf 81' lang='lat' dir='ltr'>ad</span> <span class='ocrx_word' id='word_1_478' title='bbox 510 1704 550 1719; x_wconf 75' lang='lat' dir='ltr'>xx.</span> <span class='ocrx_word' id='word_1_479' title='bbox 559 1695 652 1718; x_wconf 70' lang='lat' dir='ltr'>millibm</span> <span class='ocrx_word' id='word_1_480' title='bbox 658 1706 663 1717; x_wconf 83' lang='grc' dir='ltr'><em>ι</em></span> <span class='ocrx_word' id='word_1_481' title='bbox 669 1696 743 1717; x_wconf 81' lang='lat' dir='ltr'>ivium</span> <span class='ocrx_word' id='word_1_482' title='bbox 751 1711 757 1721; x_wconf 84' lang='lat'>,</span> <span class='ocrx_word' id='word_1_483' title='bbox 764 1694 840 1725; x_wconf 57' lang='lat' dir='ltr'>quibua</span> <span class='ocrx_word' id='word_1_484' title='bbox 847 1695 1018 1726; x_wconf 71' lang='lat' dir='ltr'>terniplurefijue</span> <span class='ocrx_word' id='word_1_485' title='bbox 1025 1694 1086 1717; x_wconf 68' lang='lat' dir='ltr'>liberi</span> <span class='ocrx_word' id='word_1_486' title='bbox 1092 1693 1162 1721; x_wconf 73' lang='lat' dir='ltr'>effint,</span> 
     </span>
     <span class='ocr_line' id='line_1_52' title="bbox 392 1724 1163 1757; baseline -0.006 -4"><span class='ocrx_word' id='word_1_487' title='bbox 392 1729 512 1753; x_wconf 84' lang='lat' dir='ltr'>Postremo</span> <span class='ocrx_word' id='word_1_488' title='bbox 525 1728 580 1750; x_wconf 89' lang='lat' dir='ltr'>loco</span> <span class='ocrx_word' id='word_1_489' title='bbox 591 1727 647 1751; x_wconf 85' lang='lat' dir='ltr'>duas</span> <span class='ocrx_word' id='word_1_490' title='bbox 659 1729 683 1749; x_wconf 76' lang='lat'>9.</span> <span class='ocrx_word' id='word_1_491' title='bbox 696 1725 778 1750; x_wconf 86' lang='lat' dir='ltr'>Clodii</span> <span class='ocrx_word' id='word_1_492' title='bbox 790 1725 878 1749; x_wconf 89' lang='lat' dir='ltr'>tribuni</span> <span class='ocrx_word' id='word_1_493' title='bbox 891 1724 1163 1757; x_wconf 76' lang='lat' dir='ltr'>plebislegesconstirue·</span> 
     </span>
     <span class='ocr_line' id='line_1_53' title="bbox 393 1756 1165 1792; baseline -0.006 -8"><span class='ocrx_word' id='word_1_494' title='bbox 393 1769 446 1786; x_wconf 88' lang='lat' dir='ltr'>mus</span> <span class='ocrx_word' id='word_1_495' title='bbox 454 1778 460 1788; x_wconf 84' lang='lat'><strong>,</strong></span> <span class='ocrx_word' id='word_1_496' title='bbox 471 1768 522 1792; x_wconf 72' lang='lat' dir='ltr'>quse</span> <span class='ocrx_word' id='word_1_497' title='bbox 530 1759 599 1785; x_wconf 78' lang='lat' dir='ltr'>adius</span> <span class='ocrx_word' id='word_1_498' title='bbox 606 1757 726 1790; x_wconf 85' lang='lat' dir='ltr'>publicum</span> <span class='ocrx_word' id='word_1_499' title='bbox 734 1758 843 1781; x_wconf 84' lang='lat' dir='ltr'>videntur</span> <span class='ocrx_word' id='word_1_500' title='bbox 850 1758 979 1788; x_wconf 82' lang='lat' dir='ltr'>pertinere:</span> <span class='ocrx_word' id='word_1_501' title='bbox 993 1764 1062 1780; x_wconf 87' lang='lat' dir='ltr'>unam</span> <span class='ocrx_word' id='word_1_502' title='bbox 1071 1774 1076 1783; x_wconf 87' lang='lat'><em>‚</em></span> <span class='ocrx_word' id='word_1_503' title='bbox 1086 1756 1165 1780; x_wconf 82' lang='lat' dir='ltr'>utfin-</span> 
     </span>
     <span class='ocr_line' id='line_1_54' title="bbox 394 1787 1171 1822; baseline -0.009 -5"><span class='ocrx_word' id='word_1_504' title='bbox 394 1796 505 1817; x_wconf 85' lang='lat' dir='ltr'>mentum</span> <span class='ocrx_word' id='word_1_505' title='bbox 512 1791 602 1822; x_wconf 86' lang='lat' dir='ltr'>populo</span> <span class='ocrx_word' id='word_1_506' title='bbox 609 1807 616 1817; x_wconf 83' lang='grc'>,</span> <span class='ocrx_word' id='word_1_507' title='bbox 623 1790 690 1822; x_wconf 89' lang='lat' dir='ltr'>quod</span> <span class='ocrx_word' id='word_1_508' title='bbox 698 1796 762 1812; x_wconf 82' lang='lat' dir='ltr'>antea</span> <span class='ocrx_word' id='word_1_509' title='bbox 768 1789 836 1813; x_wconf 86' lang='lat' dir='ltr'>semis</span> <span class='ocrx_word' id='word_1_510' title='bbox 844 1789 892 1811; x_wconf 74' lang='lat' dir='ltr'>aeris</span> <span class='ocrx_word' id='word_1_511' title='bbox 899 1796 922 1812; x_wconf 77' lang='lat' dir='ltr'>ac</span> <span class='ocrx_word' id='word_1_512' title='bbox 929 1787 1051 1811; x_wconf 78' lang='lat' dir='ltr'>trientibus</span> <span class='ocrx_word' id='word_1_513' title='bbox 1059 1789 1083 1811; x_wconf 89' lang='lat' dir='ltr'>in</span> <span class='ocrx_word' id='word_1_514' title='bbox 1090 1787 1171 1819; x_wconf 74' lang='lat' dir='ltr'>singu-&#39;</span> 
     </span>
     <span class='ocr_line' id='line_1_55' title="bbox 394 1817 1167 1853; baseline -0.009 -5"><span class='ocrx_word' id='word_1_515' title='bbox 394 1826 431 1848; x_wconf 87' lang='lat' dir='ltr'>los</span> <span class='ocrx_word' id='word_1_516' title='bbox 439 1824 536 1847; x_wconf 86' lang='lat' dir='ltr'>modios</span> <span class='ocrx_word' id='word_1_517' title='bbox 543 1821 643 1848; x_wconf 76' lang='lat' dir='ltr'>dabatur,</span> <span class='ocrx_word' id='word_1_518' title='bbox 651 1822 720 1853; x_wconf 79' lang='lat' dir='ltr'>gratis</span> <span class='ocrx_word' id='word_1_519' title='bbox 727 1820 817 1844; x_wconf 79' lang='lat' dir='ltr'>daretur</span> <span class='ocrx_word' id='word_1_520' title='bbox 825 1827 830 1842; x_wconf 73' lang='lat'>1</span> <span class='ocrx_word' id='word_1_521' title='bbox 838 1817 908 1849; x_wconf 50' lang='lat' dir='ltr'>Quam</span> <span class='ocrx_word' id='word_1_522' title='bbox 917 1820 994 1851; x_wconf 78' lang='lat' dir='ltr'>legem</span> <span class='ocrx_word' id='word_1_523' title='bbox 1002 1820 1025 1842; x_wconf 60' lang='grc' dir='ltr'>δέ</span> <span class='ocrx_word' id='word_1_524' title='bbox 1034 1822 1061 1842; x_wconf 92' lang='lat' dir='ltr'>L.</span> <span class='ocrx_word' id='word_1_525' title='bbox 1069 1820 1167 1842; x_wconf 85' lang='lat' dir='ltr'>Saturni-</span> 
     </span>
     <span class='ocr_line' id='line_1_56' title="bbox 394 1850 1167 1881; baseline -0.01 -1"><span class='ocrx_word' id='word_1_526' title='bbox 394 1864 438 1880; x_wconf 87' lang='lat' dir='ltr'>nus</span> <span class='ocrx_word' id='word_1_527' title='bbox 446 1856 470 1879; x_wconf 87' lang='lat' dir='ltr'>in</span> <span class='ocrx_word' id='word_1_528' title='bbox 477 1854 594 1879; x_wconf 82' lang='lat' dir='ltr'>tribunatu</span> <span class='ocrx_word' id='word_1_529' title='bbox 601 1853 661 1876; x_wconf 88' lang='lat' dir='ltr'>ferre</span> <span class='ocrx_word' id='word_1_530' title='bbox 667 1858 763 1876; x_wconf 78' lang='lat' dir='ltr'>conatus</span> <span class='ocrx_word' id='word_1_531' title='bbox 769 1858 822 1875; x_wconf 86' lang='lat' dir='ltr'>crat:</span> <span class='ocrx_word' id='word_1_532' title='bbox 831 1853 898 1874; x_wconf 81' lang='lat' dir='ltr'>altera</span> <span class='ocrx_word' id='word_1_533' title='bbox 905 1850 949 1874; x_wconf 82' lang='lat' dir='ltr'>suit</span> <span class='ocrx_word' id='word_1_534' title='bbox 956 1851 984 1874; x_wconf 89' lang='lat' dir='ltr'>de</span> <span class='ocrx_word' id='word_1_535' title='bbox 991 1851 1098 1881; x_wconf 82' lang='lat' dir='ltr'>collegiis</span> <span class='ocrx_word' id='word_1_536' title='bbox 1105 1850 1167 1874; x_wconf 84' lang='lat' dir='ltr'>resti-</span> 
     </span>
     <span class='ocr_line' id='line_1_57' title="bbox 395 1881 1169 1917; baseline -0.006 -6"><span class='ocrx_word' id='word_1_537' title='bbox 395 1887 488 1911; x_wconf 83' lang='lat' dir='ltr'>tuendis</span> <span class='ocrx_word' id='word_1_538' title='bbox 496 1904 501 1913; x_wconf 82' lang='lat'>,</span> <span class='ocrx_word' id='word_1_539' title='bbox 510 1894 560 1917; x_wconf 77' lang='lat' dir='ltr'>quae</span> <span class='ocrx_word' id='word_1_540' title='bbox 567 1892 653 1909; x_wconf 83' lang='lat' dir='ltr'>novem</span> <span class='ocrx_word' id='word_1_541' title='bbox 662 1891 712 1908; x_wconf 82' lang='lat' dir='ltr'>ante</span> <span class='ocrx_word' id='word_1_542' title='bbox 719 1885 784 1908; x_wconf 81' lang='lat' dir='ltr'>annis</span> <span class='ocrx_word' id='word_1_543' title='bbox 791 1883 887 1907; x_wconf 72' lang='lat' dir='ltr'>Caecilio</span> <span class='ocrx_word' id='word_1_544' title='bbox 895 1883 919 1905; x_wconf 65' lang='grc' dir='ltr'>ὅ(</span> <span class='ocrx_word' id='word_1_545' title='bbox 928 1883 1016 1906; x_wconf 77' lang='lat' dir='ltr'>Marcio</span> <span class='ocrx_word' id='word_1_546' title='bbox 1023 1881 1077 1905; x_wconf 64' lang='lat' dir='ltr'>coss‘.</span> <span class='ocrx_word' id='word_1_547' title='bbox 1086 1881 1169 1906; x_wconf 79' lang='lat' dir='ltr'>sublata</span> 
     </span>
     <span class='ocr_line' id='line_1_58' title="bbox 395 1913 1168 1949; baseline -0.005 -7"><span class='ocrx_word' id='word_1_548' title='bbox 395 1920 494 1943; x_wconf 82' lang='lat' dir='ltr'>fuerant:</span> <span class='ocrx_word' id='word_1_549' title='bbox 510 1916 595 1949; x_wconf 86' lang='lat' dir='ltr'>quibus</span> <span class='ocrx_word' id='word_1_550' title='bbox 603 1917 645 1940; x_wconf 84' lang='lat' dir='ltr'>alia</span> <span class='ocrx_word' id='word_1_551' title='bbox 651 1923 748 1947; x_wconf 81' lang='lat' dir='ltr'>quoque</span> <span class='ocrx_word' id='word_1_552' title='bbox 755 1933 761 1943; x_wconf 88' lang='lat'>,</span> <span class='ocrx_word' id='word_1_553' title='bbox 770 1923 820 1947; x_wconf 75' lang='lat' dir='ltr'>qua:</span> <span class='ocrx_word' id='word_1_554' title='bbox 828 1920 892 1938; x_wconf 77' lang='lat' dir='ltr'>antea</span> <span class='ocrx_word' id='word_1_555' title='bbox 900 1922 949 1937; x_wconf 89' lang='lat' dir='ltr'>uon</span> <span class='ocrx_word' id='word_1_556' title='bbox 956 1913 1058 1938; x_wconf 76' lang='lat' dir='ltr'>fuerant.</span> <span class='ocrx_word' id='word_1_557' title='bbox 1067 1913 1168 1938; x_wconf 82' lang='lat' dir='ltr'>Clodius</span> 
     </span>
     <span class='ocr_line' id='line_1_59' title="bbox 397 1944 1080 1982; baseline -0.009 -8"><span class='ocrx_word' id='word_1_558' title='bbox 397 1951 499 1981; x_wconf 73' lang='lat' dir='ltr'>adjunxit</span> <span class='ocrx_word' id='word_1_559' title='bbox 505 1948 571 1982; x_wconf 85' lang='lat' dir='ltr'>quod</span> <span class='ocrx_word' id='word_1_560' title='bbox 577 1949 600 1973; x_wconf 88' lang='lat' dir='ltr'>ei</span> <span class='ocrx_word' id='word_1_561' title='bbox 607 1949 692 1973; x_wconf 86' lang='lat' dir='ltr'>Cicero</span> <span class='ocrx_word' id='word_1_562' title='bbox 699 1947 757 1979; x_wconf 78' lang='lat' dir='ltr'>sxpe</span> <span class='ocrx_word' id='word_1_563' title='bbox 764 1948 788 1971; x_wconf 86' lang='lat' dir='ltr'>in</span> <span class='ocrx_word' id='word_1_564' title='bbox 795 1945 943 1970; x_wconf 81' lang='lat' dir='ltr'>orationibus</span> <span class='ocrx_word' id='word_1_565' title='bbox 949 1944 1080 1978; x_wconf 78' lang='lat' dir='ltr'>exprobrat.</span> 
     </span>
    </p>
   </div>
   <div class='ocr_carea' id='block_1_3' title="bbox 636 2014 975 2053">
    <p class='ocr_par' dir='ltr' id='par_1_3' title="bbox 636 2014 975 2053">
     <span class='ocr_line' id='line_1_60' title="bbox 636 2014 975 2053; baseline -0.006 0"><span class='ocrx_word' id='word_1_566' title='bbox 636 2026 807 2053; x_wconf 76' lang='lat' dir='ltr'>CAPUT</span> <span class='ocrx_word' id='word_1_567' title='bbox 847 2014 975 2052; x_wconf 74' lang='lat' dir='ltr'>le.&#39;</span> 
     </span>
    </p>
   </div>
   <div class='ocr_carea' id='block_1_4' title="bbox 399 2089 1172 2170">
    <p class='ocr_par' dir='ltr' id='par_1_4' title="bbox 399 2089 1172 2170">
     <span class='ocr_line' id='line_1_61' title="bbox 399 2089 1172 2134; baseline -0.008 -9"><span class='ocrx_word' id='word_1_568' title='bbox 399 2099 476 2134; x_wconf 81' lang='lat' dir='ltr'>Leges</span> <span class='ocrx_word' id='word_1_569' title='bbox 488 2096 587 2129; x_wconf 83' lang='lat' dir='ltr'>dejure</span> <span class='ocrx_word' id='word_1_570' title='bbox 595 2093 697 2130; x_wconf 71' lang='lat' dir='ltr'>privato</span> <span class='ocrx_word' id='word_1_571' title='bbox 710 2114 718 2125; x_wconf 89' lang='lat'><em>,</em></span> <span class='ocrx_word' id='word_1_572' title='bbox 738 2102 813 2132; x_wconf 82' lang='lat' dir='ltr'>eoque</span> <span class='ocrx_word' id='word_1_573' title='bbox 827 2091 912 2122; x_wconf 76' lang='lat' dir='ltr'>civili,</span> <span class='ocrx_word' id='word_1_574' title='bbox 932 2091 973 2124; x_wconf 53' lang='grc' dir='ltr'>ξδ’</span> <span class='ocrx_word' id='word_1_575' title='bbox 986 2090 1054 2119; x_wconf 81' lang='lat' dir='ltr'>inter</span> <span class='ocrx_word' id='word_1_576' title='bbox 1069 2089 1172 2131; x_wconf 61' lang='lat' dir='ltr'>empri-</span> 
     </span>
     <span class='ocr_line' id='line_1_62' title="bbox 471 2129 1100 2170; baseline -0.006 -10"><span class='ocrx_word' id='word_1_577' title='bbox 471 2143 511 2160; x_wconf 90' lang='lat' dir='ltr'>mo</span> <span class='ocrx_word' id='word_1_578' title='bbox 525 2133 571 2159; x_wconf 78' lang='lat' dir='ltr'>loco</span> <span class='ocrx_word' id='word_1_579' title='bbox 583 2134 644 2170; x_wconf 77' lang='lat' dir='ltr'>leges</span> <span class='ocrx_word' id='word_1_580' title='bbox 657 2133 689 2159; x_wconf 79' lang='lat' dir='ltr'>de</span> <span class='ocrx_word' id='word_1_581' title='bbox 701 2130 868 2166; x_wconf 79' lang='lat' dir='ltr'>adoptionibus</span> <span class='ocrx_word' id='word_1_582' title='bbox 882 2130 923 2163; x_wconf 63' lang='grc' dir='ltr'>(ς’</span> <span class='ocrx_word' id='word_1_583' title='bbox 936 2129 1100 2166; x_wconf 68' lang='lat' dir='ltr'>ttstamenm.</span> 
     </span>
    </p>
   </div>
   <div class='ocr_carea' id='block_1_5' title="bbox 399 2196 1175 2392">
    <p class='ocr_par' dir='ltr' id='par_1_5' title="bbox 399 2196 1175 2392">
     <span class='ocr_line' id='line_1_63' title="bbox 445 2196 1173 2233; baseline -0.005 -8"><span class='ocrx_word' id='word_1_584' title='bbox 445 2199 552 2233; x_wconf 87' lang='lat' dir='ltr'>upersunt</span> <span class='ocrx_word' id='word_1_585' title='bbox 559 2200 621 2231; x_wconf 83' lang='lat' dir='ltr'>leges</span> <span class='ocrx_word' id='word_1_586' title='bbox 629 2200 656 2224; x_wconf 90' lang='lat' dir='ltr'>de</span> <span class='ocrx_word' id='word_1_587' title='bbox 663 2201 712 2229; x_wconf 82' lang='lat' dir='ltr'>iure</span> <span class='ocrx_word' id='word_1_588' title='bbox 719 2201 822 2233; x_wconf 77' lang='lat' dir='ltr'>privato:</span> <span class='ocrx_word' id='word_1_589' title='bbox 836 2207 934 2232; x_wconf 86' lang='lat' dir='ltr'>quarum</span> <span class='ocrx_word' id='word_1_590' title='bbox 942 2199 989 2223; x_wconf 91' lang='lat' dir='ltr'>duo</span> <span class='ocrx_word' id='word_1_591' title='bbox 997 2206 1080 2230; x_wconf 80' lang='lat' dir='ltr'>genera</span> <span class='ocrx_word' id='word_1_592' title='bbox 1087 2197 1131 2222; x_wconf 79' lang='lat' dir='ltr'>else</span> <span class='ocrx_word' id='word_1_593' title='bbox 1137 2196 1173 2221; x_wconf 90' lang='lat' dir='ltr'>di-</span> 
     </span>
     <span class='ocr_line' id='line_1_64' title="bbox 401 2202 1172 2264; baseline -0.005 -8"><span class='ocrx_word' id='word_1_594' title='bbox 401 2202 443 2263; x_wconf 85' lang='lat' dir='ltr'>S</span> <span class='ocrx_word' id='word_1_595' title='bbox 461 2234 552 2259; x_wconf 85' lang='lat' dir='ltr'>ximus,</span> <span class='ocrx_word' id='word_1_596' title='bbox 561 2239 634 2256; x_wconf 85' lang='lat' dir='ltr'>uuum</span> <span class='ocrx_word' id='word_1_597' title='bbox 642 2239 720 2256; x_wconf 82' lang='lat' dir='ltr'>earum</span> <span class='ocrx_word' id='word_1_598' title='bbox 728 2250 734 2259; x_wconf 86' lang='lat'><em>,</em></span> <span class='ocrx_word' id='word_1_599' title='bbox 742 2240 792 2264; x_wconf 78' lang='lat' dir='ltr'>quae</span> <span class='ocrx_word' id='word_1_600' title='bbox 800 2232 826 2256; x_wconf 88' lang='lat' dir='ltr'>ad</span> <span class='ocrx_word' id='word_1_601' title='bbox 834 2232 867 2261; x_wconf 84' lang='lat' dir='ltr'>jus</span> <span class='ocrx_word' id='word_1_602' title='bbox 875 2232 943 2255; x_wconf 87' lang='lat' dir='ltr'>civile</span> <span class='ocrx_word' id='word_1_603' title='bbox 952 2248 958 2259; x_wconf 85' lang='lat'><strong>‚</strong></span> <span class='ocrx_word' id='word_1_604' title='bbox 967 2231 1064 2255; x_wconf 85' lang='lat' dir='ltr'>alterum</span> <span class='ocrx_word' id='word_1_605' title='bbox 1072 2247 1078 2257; x_wconf 92' lang='lat'><em>,</em></span> <span class='ocrx_word' id='word_1_606' title='bbox 1087 2237 1137 2262; x_wconf 76' lang='lat' dir='ltr'>qux</span> <span class='ocrx_word' id='word_1_607' title='bbox 1145 2229 1172 2253; x_wconf 84' lang='lat' dir='ltr'>ad</span> 
     </span>
     <span class='ocr_line' id='line_1_65' title="bbox 399 2261 1174 2296; baseline -0.005 -8"><span class='ocrx_word' id='word_1_608' title='bbox 399 2264 498 2288; x_wconf 85' lang='lat' dir='ltr'>crimina</span> <span class='ocrx_word' id='word_1_609' title='bbox 506 2264 631 2295; x_wconf 86' lang='lat' dir='ltr'>pertinent.</span> <span class='ocrx_word' id='word_1_610' title='bbox 647 2265 682 2286; x_wconf 86' lang='lat' dir='ltr'>De</span> <span class='ocrx_word' id='word_1_611' title='bbox 688 2264 735 2292; x_wconf 89' lang='lat' dir='ltr'>jure</span> <span class='ocrx_word' id='word_1_612' title='bbox 741 2264 806 2288; x_wconf 87' lang='lat' dir='ltr'>civili</span> <span class='ocrx_word' id='word_1_613' title='bbox 813 2263 887 2296; x_wconf 85' lang='lat' dir='ltr'>quod,</span> <span class='ocrx_word' id='word_1_614' title='bbox 894 2269 918 2287; x_wconf 89' lang='lat' dir='ltr'>ut</span> <span class='ocrx_word' id='word_1_615' title='bbox 926 2261 1138 2291; x_wconf 82' lang='lat' dir='ltr'>aitjurisconlultus</span> <span class='ocrx_word' id='word_1_616' title='bbox 1145 2261 1174 2285; x_wconf 90' lang='lat' dir='ltr'>de</span> 
     </span>
     <span class='ocr_line' id='line_1_66' title="bbox 401 2294 1175 2328; baseline -0.004 -8"><span class='ocrx_word' id='word_1_617' title='bbox 401 2297 450 2327; x_wconf 86' lang='lat' dir='ltr'>jure</span> <span class='ocrx_word' id='word_1_618' title='bbox 463 2296 570 2328; x_wconf 86' lang='lat' dir='ltr'>gentium</span> <span class='ocrx_word' id='word_1_619' title='bbox 582 2294 687 2326; x_wconf 75' lang='lat' dir='ltr'>qnaedam</span> <span class='ocrx_word' id='word_1_620' title='bbox 694 2295 791 2318; x_wconf 78' lang='lat' dir='ltr'>detrahit</span> <span class='ocrx_word' id='word_1_621' title='bbox 798 2312 804 2323; x_wconf 83' lang='lat'>,</span> <span class='ocrx_word' id='word_1_622' title='bbox 819 2296 923 2327; x_wconf 63' lang='lat' dir='ltr'>qua-dani</span> <span class='ocrx_word' id='word_1_623' title='bbox 931 2294 1022 2318; x_wconf 82' lang='lat' dir='ltr'>assiunit</span> <span class='ocrx_word' id='word_1_624' title='bbox 1030 2311 1036 2321; x_wconf 85' lang='grc'>,</span> <span class='ocrx_word' id='word_1_625' title='bbox 1047 2295 1085 2318; x_wconf 85' lang='lat' dir='ltr'>lex</span> <span class='ocrx_word' id='word_1_626' title='bbox 1092 2299 1139 2317; x_wconf 86' lang='lat' dir='ltr'>erat</span> <span class='ocrx_word' id='word_1_627' title='bbox 1146 2294 1175 2317; x_wconf 90' lang='lat' dir='ltr'>de</span> 
     </span>
     <span class='ocr_line' id='line_1_67' title="bbox 402 2325 1175 2359; baseline -0.004 -7"><span class='ocrx_word' id='word_1_628' title='bbox 402 2326 570 2359; x_wconf 75' lang='lat' dir='ltr'>adoptionibus</span> <span class='ocrx_word' id='word_1_629' title='bbox 578 2343 584 2354; x_wconf 89' lang='lat'>‚</span> <span class='ocrx_word' id='word_1_630' title='bbox 592 2334 642 2357; x_wconf 70' lang='lat' dir='ltr'>qua:</span> <span class='ocrx_word' id='word_1_631' title='bbox 649 2332 673 2349; x_wconf 93' lang='lat' dir='ltr'>ut</span> <span class='ocrx_word' id='word_1_632' title='bbox 680 2327 762 2350; x_wconf 78' lang='lat' dir='ltr'>curiata</span> <span class='ocrx_word' id='word_1_633' title='bbox 769 2328 819 2357; x_wconf 71' lang='lat' dir='ltr'>lege</span> <span class='ocrx_word' id='word_1_634' title='bbox 826 2328 908 2350; x_wconf 84' lang='lat' dir='ltr'>fierent</span> <span class='ocrx_word' id='word_1_635' title='bbox 916 2343 922 2353; x_wconf 85' lang='lat'>,</span> <span class='ocrx_word' id='word_1_636' title='bbox 930 2333 1023 2350; x_wconf 86' lang='lat' dir='ltr'>cautum</span> <span class='ocrx_word' id='word_1_637' title='bbox 1029 2331 1084 2350; x_wconf 85' lang='lat' dir='ltr'>erat.</span> <span class='ocrx_word' id='word_1_638' title='bbox 1091 2325 1175 2349; x_wconf 85' lang='lat' dir='ltr'>licebat</span> 
     </span>
     <span class='ocr_line' id='line_1_68' title="bbox 401 2357 1172 2392; baseline -0.001 -7"><span class='ocrx_word' id='word_1_639' title='bbox 401 2365 479 2385; x_wconf 85' lang='lat' dir='ltr'>autem</span> <span class='ocrx_word' id='word_1_640' title='bbox 486 2366 536 2386; x_wconf 89' lang='lat' dir='ltr'>non</span> <span class='ocrx_word' id='word_1_641' title='bbox 542 2358 639 2392; x_wconf 79' lang='lat' dir='ltr'>patricio</span> <span class='ocrx_word' id='word_1_642' title='bbox 646 2357 773 2390; x_wconf 74' lang='lat' dir='ltr'>plebeium,</span> <span class='ocrx_word' id='word_1_643' title='bbox 781 2357 819 2383; x_wconf 84' lang='lat' dir='ltr'>sed</span> <span class='ocrx_word' id='word_1_644' title='bbox 826 2358 918 2390; x_wconf 73' lang='lat' dir='ltr'>plebeio</span> <span class='ocrx_word' id='word_1_645' title='bbox 926 2357 1050 2391; x_wconf 75' lang='lat' dir='ltr'>patricium</span> <span class='ocrx_word' id='word_1_646' title='bbox 1056 2357 1172 2390; x_wconf 76' lang='lat' dir='ltr'>adoptare.</span> 
     </span>
    </p>
   </div>
   <div class='ocr_carea' id='block_1_6' title="bbox 1188 2323 1193 2377">
    <p class='ocr_par' dir='ltr' id='par_1_6' title="bbox 1188 2323 1193 2377">
     <span class='ocr_line' id='line_1_69' title="bbox 1188 2323 1193 2377; baseline 0 0"><span class='ocrx_word' id='word_1_647' title='bbox 1188 2323 1193 2377; x_wconf 95' lang='lat' dir='ltr'> </span> 
     </span>
    </p>
   </div>
   <div class='ocr_carea' id='block_1_7' title="bbox 925 96 1374 126">
    <p class='ocr_par' dir='ltr' id='par_1_7' title="bbox 925 96 1374 126">
     <span class='ocr_line' id='line_1_70' title="bbox 925 96 1374 126; baseline 0.004 -2"><span class='ocrx_word' id='word_1_648' title='bbox 925 96 1090 125; x_wconf 58' lang='lat' dir='ltr'>Pium</span> <span class='ocrx_word' id='word_1_649' title='bbox 1137 97 1374 126; x_wconf 76' lang='grc' dir='ltr'>ΜΑΝυτιι</span> 
     </span>
    </p>
   </div>
   <div class='ocr_carea' id='block_1_8' title="bbox 1187 144 1975 2098">
    <p class='ocr_par' dir='ltr' id='par_1_8' title="bbox 1187 144 1975 2098">
     <span class='ocr_line' id='line_1_71' title="bbox 1187 144 1964 178; baseline 0.004 -9"><span class='ocrx_word' id='word_1_650' title='bbox 1187 152 1256 177; x_wconf 80' lang='lat' dir='ltr'>atque</span> <span class='ocrx_word' id='word_1_651' title='bbox 1269 145 1346 170; x_wconf 84' lang='lat' dir='ltr'>hocin</span> <span class='ocrx_word' id='word_1_652' title='bbox 1353 151 1437 178; x_wconf 85' lang='lat' dir='ltr'>genere</span> <span class='ocrx_word' id='word_1_653' title='bbox 1443 144 1486 169; x_wconf 87' lang='lat' dir='ltr'>tria</span> <span class='ocrx_word' id='word_1_654' title='bbox 1492 144 1529 169; x_wconf 84' lang='lat' dir='ltr'>lex</span> <span class='ocrx_word' id='word_1_655' title='bbox 1537 144 1628 173; x_wconf 77' lang='lat' dir='ltr'>iubebat</span> <span class='ocrx_word' id='word_1_656' title='bbox 1635 144 1763 170; x_wconf 83' lang='lat' dir='ltr'>observari:</span> <span class='ocrx_word' id='word_1_657' title='bbox 1777 147 1897 178; x_wconf 87' lang='lat' dir='ltr'>primum,</span> <span class='ocrx_word' id='word_1_658' title='bbox 1908 154 1934 174; x_wconf 83' lang='lat' dir='ltr'>ut</span> <span class='ocrx_word' id='word_1_659' title='bbox 1940 149 1964 175; x_wconf 73' lang='grc' dir='ltr'>ῖς</span> 
     </span>
     <span class='ocr_line' id='line_1_72' title="bbox 1187 177 1962 213; baseline 0.004 -12"><span class='ocrx_word' id='word_1_660' title='bbox 1187 177 1312 213; x_wconf 52' lang='lat' dir='ltr'>adnotaret,</span> <span class='ocrx_word' id='word_1_661' title='bbox 1319 179 1361 209; x_wconf 88' lang='lat' dir='ltr'>qui</span> <span class='ocrx_word' id='word_1_662' title='bbox 1369 185 1446 208; x_wconf 84' lang='lat' dir='ltr'>neque</span> <span class='ocrx_word' id='word_1_663' title='bbox 1452 184 1571 208; x_wconf 86' lang='lat' dir='ltr'>procreare</span> <span class='ocrx_word' id='word_1_664' title='bbox 1577 179 1622 208; x_wconf 84' lang='lat' dir='ltr'>jam</span> <span class='ocrx_word' id='word_1_665' title='bbox 1632 178 1716 202; x_wconf 88' lang='lat' dir='ltr'>liberos</span> <span class='ocrx_word' id='word_1_666' title='bbox 1724 178 1796 210; x_wconf 82' lang='lat' dir='ltr'>poffet</span> <span class='ocrx_word' id='word_1_667' title='bbox 1803 188 1808 202; x_wconf 92' lang='lat'><strong>:</strong></span> <span class='ocrx_word' id='word_1_668' title='bbox 1816 180 1848 206; x_wconf 83' lang='lat'>&amp;,</span> <span class='ocrx_word' id='word_1_669' title='bbox 1857 187 1912 204; x_wconf 89' lang='lat' dir='ltr'>cum</span> <span class='ocrx_word' id='word_1_670' title='bbox 1919 188 1962 212; x_wconf 85' lang='lat' dir='ltr'>po-</span> 
     </span>
     <span class='ocr_line' id='line_1_73' title="bbox 1188 208 1963 243; baseline 0.004 -10"><span class='ocrx_word' id='word_1_671' title='bbox 1188 209 1264 233; x_wconf 89' lang='lat' dir='ltr'>tuisset</span> <span class='ocrx_word' id='word_1_672' title='bbox 1271 216 1378 241; x_wconf 81' lang='lat' dir='ltr'>expertus</span> <span class='ocrx_word' id='word_1_673' title='bbox 1384 208 1449 233; x_wconf 71' lang='lat' dir='ltr'>esset:</span> <span class='ocrx_word' id='word_1_674' title='bbox 1459 209 1557 233; x_wconf 87' lang='lat' dir='ltr'>alterum</span> <span class='ocrx_word' id='word_1_675' title='bbox 1565 226 1571 237; x_wconf 89' lang='lat'>‚</span> <span class='ocrx_word' id='word_1_676' title='bbox 1580 216 1604 233; x_wconf 86' lang='lat' dir='ltr'>ut</span> <span class='ocrx_word' id='word_1_677' title='bbox 1613 216 1663 233; x_wconf 87' lang='lat' dir='ltr'>turn</span> <span class='ocrx_word' id='word_1_678' title='bbox 1671 218 1792 241; x_wconf 78' lang='lat' dir='ltr'>generum,</span> <span class='ocrx_word' id='word_1_679' title='bbox 1801 218 1824 235; x_wconf 85' lang='lat' dir='ltr'>ac</span> <span class='ocrx_word' id='word_1_680' title='bbox 1832 211 1963 243; x_wconf 85' lang='lat' dir='ltr'>dignitatis,</span> 
     </span>
     <span class='ocr_line' id='line_1_74' title="bbox 1188 240 1963 275; baseline 0.004 -11"><span class='ocrx_word' id='word_1_681' title='bbox 1188 247 1241 264; x_wconf 92' lang='lat' dir='ltr'>tum</span> <span class='ocrx_word' id='word_1_682' title='bbox 1248 240 1366 264; x_wconf 86' lang='lat' dir='ltr'>sacrorum</span> <span class='ocrx_word' id='word_1_683' title='bbox 1372 242 1432 265; x_wconf 81' lang='lat' dir='ltr'>tatio</span> <span class='ocrx_word' id='word_1_684' title='bbox 1439 240 1560 265; x_wconf 84' lang='lat' dir='ltr'>haberetur</span> <span class='ocrx_word' id='word_1_685' title='bbox 1567 257 1574 268; x_wconf 80' lang='grc'><strong><em>,</em></strong></span> <span class='ocrx_word' id='word_1_686' title='bbox 1585 241 1610 265; x_wconf 78' lang='lat' dir='ltr'>id</span> <span class='ocrx_word' id='word_1_687' title='bbox 1617 241 1648 265; x_wconf 87' lang='lat' dir='ltr'>est</span> <span class='ocrx_word' id='word_1_688' title='bbox 1656 257 1663 268; x_wconf 84' lang='lat'>‚</span> <span class='ocrx_word' id='word_1_689' title='bbox 1676 248 1702 265; x_wconf 88' lang='lat' dir='ltr'>ut</span> <span class='ocrx_word' id='word_1_690' title='bbox 1709 243 1739 265; x_wconf 81' lang='lat' dir='ltr'>ita</span> <span class='ocrx_word' id='word_1_691' title='bbox 1747 242 1810 266; x_wconf 81' lang='lat' dir='ltr'>fieret</span> <span class='ocrx_word' id='word_1_692' title='bbox 1817 243 1914 275; x_wconf 83' lang='lat' dir='ltr'>adoptio</span> <span class='ocrx_word' id='word_1_693' title='bbox 1921 260 1928 271; x_wconf 83' lang='lat'>,</span> <span class='ocrx_word' id='word_1_694' title='bbox 1936 250 1963 267; x_wconf 91' lang='lat' dir='ltr'>ut</span> 
     </span>
     <span class='ocr_line' id='line_1_75' title="bbox 1190 272 1964 306; baseline 0.004 -10"><span class='ocrx_word' id='word_1_695' title='bbox 1190 280 1220 296; x_wconf 92' lang='lat' dir='ltr'>ne</span> <span class='ocrx_word' id='word_1_696' title='bbox 1233 272 1291 304; x_wconf 86' lang='lat' dir='ltr'>quid</span> <span class='ocrx_word' id='word_1_697' title='bbox 1303 278 1340 296; x_wconf 86' lang='lat' dir='ltr'>aut</span> <span class='ocrx_word' id='word_1_698' title='bbox 1349 272 1379 296; x_wconf 89' lang='lat' dir='ltr'>de</span> <span class='ocrx_word' id='word_1_699' title='bbox 1385 272 1497 304; x_wconf 80' lang='lat' dir='ltr'>dignitate</span> <span class='ocrx_word' id='word_1_700' title='bbox 1505 280 1616 304; x_wconf 85' lang='lat' dir='ltr'>generum</span> <span class='ocrx_word' id='word_1_701' title='bbox 1625 290 1630 299; x_wconf 86' lang='lat'>,</span> <span class='ocrx_word' id='word_1_702' title='bbox 1645 279 1682 296; x_wconf 88' lang='lat' dir='ltr'>aut</span> <span class='ocrx_word' id='word_1_703' title='bbox 1690 273 1718 296; x_wconf 92' lang='lat' dir='ltr'>de</span> <span class='ocrx_word' id='word_1_704' title='bbox 1724 272 1840 298; x_wconf 84' lang='lat' dir='ltr'>sacrorum</span> <span class='ocrx_word' id='word_1_705' title='bbox 1847 275 1964 306; x_wconf 86' lang='lat' dir='ltr'>religione</span> 
     </span>
     <span class='ocr_line' id='line_1_76' title="bbox 1190 304 1963 338; baseline 0.004 -11"><span class='ocrx_word' id='word_1_706' title='bbox 1190 304 1349 328; x_wconf 87' lang='lat' dir='ltr'>minueretur:</span> <span class='ocrx_word' id='word_1_707' title='bbox 1358 305 1454 328; x_wconf 86' lang='lat' dir='ltr'>tertium</span> <span class='ocrx_word' id='word_1_708' title='bbox 1462 321 1468 331; x_wconf 87' lang='lat'>,</span> <span class='ocrx_word' id='word_1_709' title='bbox 1476 312 1505 328; x_wconf 89' lang='lat' dir='ltr'>ne</span> <span class='ocrx_word' id='word_1_710' title='bbox 1512 312 1557 336; x_wconf 86' lang='lat' dir='ltr'>qua</span> <span class='ocrx_word' id='word_1_711' title='bbox 1564 305 1667 328; x_wconf 87' lang='lat' dir='ltr'>omnino</span> <span class='ocrx_word' id='word_1_712' title='bbox 1674 305 1797 332; x_wconf 82' lang='lat' dir='ltr'>calumnia,</span> <span class='ocrx_word' id='word_1_713' title='bbox 1807 314 1836 329; x_wconf 89' lang='lat' dir='ltr'>ne</span> <span class='ocrx_word' id='word_1_714' title='bbox 1843 307 1963 338; x_wconf 84' lang='lat' dir='ltr'>quafraus,</span> 
     </span>
     <span class='ocr_line' id='line_1_77' title="bbox 1189 335 1963 367; baseline 0.003 -8"><span class='ocrx_word' id='word_1_715' title='bbox 1189 343 1219 359; x_wconf 84' lang='lat' dir='ltr'>ne</span> <span class='ocrx_word' id='word_1_716' title='bbox 1226 337 1279 366; x_wconf 89' lang='lat' dir='ltr'>quis</span> <span class='ocrx_word' id='word_1_717' title='bbox 1286 336 1353 360; x_wconf 88' lang='lat' dir='ltr'>dolus</span> <span class='ocrx_word' id='word_1_718' title='bbox 1360 335 1512 359; x_wconf 82' lang='lat' dir='ltr'>adhiberetur:</span> <span class='ocrx_word' id='word_1_719' title='bbox 1520 343 1571 367; x_wconf 78' lang='lat' dir='ltr'>qua:</span> <span class='ocrx_word' id='word_1_720' title='bbox 1578 336 1593 359; x_wconf 85' lang='lat' dir='ltr'>si</span> <span class='ocrx_word' id='word_1_721' title='bbox 1602 335 1743 360; x_wconf 79' lang='lat' dir='ltr'>servarentur</span> <span class='ocrx_word' id='word_1_722' title='bbox 1750 338 1839 364; x_wconf 76' lang='lat' dir='ltr'>omnia,</span> <span class='ocrx_word' id='word_1_723' title='bbox 1848 344 1898 361; x_wconf 92' lang='lat' dir='ltr'>tum</span> <span class='ocrx_word' id='word_1_724' title='bbox 1906 337 1963 361; x_wconf 88' lang='lat' dir='ltr'>ado-</span> 
     </span>
     <span class='ocr_line' id='line_1_78' title="bbox 1190 367 1964 399; baseline 0.004 -9"><span class='ocrx_word' id='word_1_725' title='bbox 1190 367 1299 399; x_wconf 85' lang='lat' dir='ltr'>ptionem</span> <span class='ocrx_word' id='word_1_726' title='bbox 1306 367 1367 391; x_wconf 71' lang='lat' dir='ltr'>reste</span> <span class='ocrx_word' id='word_1_727' title='bbox 1373 367 1432 391; x_wconf 83' lang='lat' dir='ltr'>fieti.</span> <span class='ocrx_word' id='word_1_728' title='bbox 1439 367 1499 391; x_wconf 82' lang='lat' dir='ltr'>nihil</span> <span class='ocrx_word' id='word_1_729' title='bbox 1506 373 1582 391; x_wconf 87' lang='lat' dir='ltr'>tamen</span> <span class='ocrx_word' id='word_1_730' title='bbox 1590 368 1676 391; x_wconf 84' lang='lat' dir='ltr'>horum</span> <span class='ocrx_word' id='word_1_731' title='bbox 1683 369 1707 391; x_wconf 87' lang='lat' dir='ltr'>in</span> <span class='ocrx_word' id='word_1_732' title='bbox 1716 368 1843 399; x_wconf 65' lang='lat' dir='ltr'>adoptione</span> <span class='ocrx_word' id='word_1_733' title='bbox 1850 371 1872 392; x_wconf 81' lang='lat'>1³.</span> <span class='ocrx_word' id='word_1_734' title='bbox 1880 369 1964 393; x_wconf 87' lang='lat' dir='ltr'>Clodii</span> 
     </span>
     <span class='ocr_line' id='line_1_79' title="bbox 1190 398 1963 432; baseline 0.004 -10"><span class='ocrx_word' id='word_1_735' title='bbox 1190 399 1303 423; x_wconf 80' lang='lat' dir='ltr'>servatum</span> <span class='ocrx_word' id='word_1_736' title='bbox 1310 398 1353 422; x_wconf 81' lang='lat' dir='ltr'>else</span> <span class='ocrx_word' id='word_1_737' title='bbox 1360 417 1366 427; x_wconf 83' lang='lat'><em>‚</em></span> <span class='ocrx_word' id='word_1_738' title='bbox 1376 399 1451 430; x_wconf 90' lang='lat' dir='ltr'>arguit</span> <span class='ocrx_word' id='word_1_739' title='bbox 1458 399 1542 423; x_wconf 82' lang='lat' dir='ltr'>Cicero</span> <span class='ocrx_word' id='word_1_740' title='bbox 1549 400 1574 422; x_wconf 88' lang='lat' dir='ltr'>in</span> <span class='ocrx_word' id='word_1_741' title='bbox 1581 400 1687 423; x_wconf 83' lang='lat' dir='ltr'>oratione</span> <span class='ocrx_word' id='word_1_742' title='bbox 1695 408 1737 431; x_wconf 80' lang='lat' dir='ltr'>pro</span> <span class='ocrx_word' id='word_1_743' title='bbox 1744 400 1819 423; x_wconf 88' lang='lat' dir='ltr'>domo</span> <span class='ocrx_word' id='word_1_744' title='bbox 1827 399 1864 423; x_wconf 88' lang='lat' dir='ltr'>sua</span> <span class='ocrx_word' id='word_1_745' title='bbox 1872 408 1877 421; x_wconf 77' lang='grc' dir='ltr'><em>τ</em></span> <span class='ocrx_word' id='word_1_746' title='bbox 1885 408 1963 432; x_wconf 86' lang='lat' dir='ltr'>neque</span> 
     </span>
     <span class='ocr_line' id='line_1_80' title="bbox 1190 429 1965 462; baseline 0.003 -8"><span class='ocrx_word' id='word_1_747' title='bbox 1190 430 1240 454; x_wconf 67' lang='lat' dir='ltr'>solu</span> <span class='ocrx_word' id='word_1_748' title='bbox 1255 430 1286 454; x_wconf 86' lang='lat' dir='ltr'>ob</span> <span class='ocrx_word' id='word_1_749' title='bbox 1300 430 1357 454; x_wconf 76' lang='lat' dir='ltr'>hanc</span> <span class='ocrx_word' id='word_1_750' title='bbox 1371 429 1467 453; x_wconf 74' lang='lat' dir='ltr'>causs&#39;am</span> <span class='ocrx_word' id='word_1_751' title='bbox 1475 431 1504 453; x_wconf 89' lang='lat' dir='ltr'>ait</span> <span class='ocrx_word' id='word_1_752' title='bbox 1512 430 1555 454; x_wconf 81' lang='lat' dir='ltr'>effe</span> <span class='ocrx_word' id='word_1_753' title='bbox 1563 431 1682 455; x_wconf 71' lang='lat' dir='ltr'>infirmam</span> <span class='ocrx_word' id='word_1_754' title='bbox 1691 432 1829 462; x_wconf 74' lang='lat' dir='ltr'>irritamque</span> <span class='ocrx_word' id='word_1_755' title='bbox 1837 432 1901 455; x_wconf 81' lang='lat' dir='ltr'>illam</span> <span class='ocrx_word' id='word_1_756' title='bbox 1908 433 1965 456; x_wconf 87' lang='lat' dir='ltr'>ado-</span> 
     </span>
     <span class='ocr_line' id='line_1_81' title="bbox 1190 463 1964 494; baseline 0.004 -9"><span class='ocrx_word' id='word_1_757' title='bbox 1190 463 1300 494; x_wconf 86' lang='lat' dir='ltr'>ptionem</span> <span class='ocrx_word' id='word_1_758' title='bbox 1310 479 1315 489; x_wconf 84' lang='lat'>‚</span> <span class='ocrx_word' id='word_1_759' title='bbox 1323 469 1404 485; x_wconf 80' lang='lat' dir='ltr'>verum</span> <span class='ocrx_word' id='word_1_760' title='bbox 1411 463 1482 485; x_wconf 80' lang='lat' dir='ltr'>etiam</span> <span class='ocrx_word' id='word_1_761' title='bbox 1490 478 1497 489; x_wconf 87' lang='lat'>‚</span> <span class='ocrx_word' id='word_1_762' title='bbox 1504 463 1569 493; x_wconf 85' lang='lat' dir='ltr'>quod</span> <span class='ocrx_word' id='word_1_763' title='bbox 1577 479 1583 490; x_wconf 84' lang='lat'><em>,</em></span> <span class='ocrx_word' id='word_1_764' title='bbox 1591 470 1647 487; x_wconf 86' lang='lat' dir='ltr'>cum</span> <span class='ocrx_word' id='word_1_765' title='bbox 1655 464 1738 486; x_wconf 82' lang='lat' dir='ltr'>curiata</span> <span class='ocrx_word' id='word_1_766' title='bbox 1748 464 1785 486; x_wconf 84' lang='lat' dir='ltr'>lex</span> <span class='ocrx_word' id='word_1_767' title='bbox 1792 463 1888 487; x_wconf 86' lang='lat' dir='ltr'>ferretur</span> <span class='ocrx_word' id='word_1_768' title='bbox 1896 480 1903 490; x_wconf 85' lang='lat'>,</span> <span class='ocrx_word' id='word_1_769' title='bbox 1911 470 1964 488; x_wconf 88' lang='lat' dir='ltr'>tum</span> 
     </span>
     <span class='ocr_line' id='line_1_82' title="bbox 1190 492 1964 526; baseline 0.001 -8"><span class='ocrx_word' id='word_1_770' title='bbox 1190 494 1304 518; x_wconf 85' lang='lat' dir='ltr'>servatum</span> <span class='ocrx_word' id='word_1_771' title='bbox 1311 493 1340 517; x_wconf 89' lang='lat' dir='ltr'>de</span> <span class='ocrx_word' id='word_1_772' title='bbox 1346 494 1408 517; x_wconf 83' lang='lat' dir='ltr'>coelo</span> <span class='ocrx_word' id='word_1_773' title='bbox 1416 492 1454 517; x_wconf 81' lang='lat' dir='ltr'>fit:</span> <span class='ocrx_word' id='word_1_774' title='bbox 1463 494 1529 524; x_wconf 90' lang='lat' dir='ltr'>quod</span> <span class='ocrx_word' id='word_1_775' title='bbox 1535 501 1589 517; x_wconf 87' lang='lat' dir='ltr'>cum</span> <span class='ocrx_word' id='word_1_776' title='bbox 1596 494 1660 518; x_wconf 86' lang='lat' dir='ltr'>fieret</span> <span class='ocrx_word' id='word_1_777' title='bbox 1668 512 1674 521; x_wconf 90' lang='lat'><strong>‚</strong></span> <span class='ocrx_word' id='word_1_778' title='bbox 1682 502 1758 526; x_wconf 89' lang='lat' dir='ltr'>neque</span> <span class='ocrx_word' id='word_1_779' title='bbox 1765 495 1843 526; x_wconf 78' lang='lat' dir='ltr'>legem</span> <span class='ocrx_word' id='word_1_780' title='bbox 1851 494 1914 522; x_wconf 85' lang='lat' dir='ltr'>ferri,</span> <span class='ocrx_word' id='word_1_781' title='bbox 1923 503 1964 519; x_wconf 86' lang='lat' dir='ltr'>ne-</span> 
     </span>
     <span class='ocr_line' id='line_1_83' title="bbox 1190 525 1964 558; baseline 0.001 -9"><span class='ocrx_word' id='word_1_782' title='bbox 1190 533 1237 557; x_wconf 87' lang='lat' dir='ltr'>que</span> <span class='ocrx_word' id='word_1_783' title='bbox 1243 526 1347 549; x_wconf 85' lang='lat' dir='ltr'>omnino</span> <span class='ocrx_word' id='word_1_784' title='bbox 1356 525 1484 557; x_wconf 87' lang='lat' dir='ltr'>quidquam</span> <span class='ocrx_word' id='word_1_785' title='bbox 1492 525 1528 556; x_wconf 83' lang='lat' dir='ltr'>agi</span> <span class='ocrx_word' id='word_1_786' title='bbox 1534 532 1588 548; x_wconf 87' lang='lat' dir='ltr'>cum</span> <span class='ocrx_word' id='word_1_787' title='bbox 1594 527 1684 558; x_wconf 79' lang='lat' dir='ltr'>populo</span> <span class='ocrx_word' id='word_1_788' title='bbox 1691 526 1889 556; x_wconf 79' lang='lat' dir='ltr'>licebat,primum</span> <span class='ocrx_word' id='word_1_789' title='bbox 1897 528 1964 552; x_wconf 87' lang='lat' dir='ltr'>enim</span> 
     </span>
     <span class='ocr_line' id='line_1_84' title="bbox 1191 556 1965 589; baseline 0.003 -9"><span class='ocrx_word' id='word_1_790' title='bbox 1191 556 1316 589; x_wconf 80' lang='lat' dir='ltr'>adoptandi</span> <span class='ocrx_word' id='word_1_791' title='bbox 1328 556 1409 581; x_wconf 73' lang='lat' dir='ltr'>cauffas</span> <span class='ocrx_word' id='word_1_792' title='bbox 1415 556 1459 580; x_wconf 78' lang='lat' dir='ltr'>effe</span> <span class='ocrx_word' id='word_1_793' title='bbox 1465 557 1581 587; x_wconf 78' lang='lat' dir='ltr'>oportuit,</span> <span class='ocrx_word' id='word_1_794' title='bbox 1589 558 1617 580; x_wconf 86' lang='lat' dir='ltr'>de</span> <span class='ocrx_word' id='word_1_795' title='bbox 1625 557 1709 589; x_wconf 87' lang='lat' dir='ltr'>quibus</span> <span class='ocrx_word' id='word_1_796' title='bbox 1717 558 1839 589; x_wconf 81' lang='lat' dir='ltr'>pontifices</span> <span class='ocrx_word' id='word_1_797' title='bbox 1847 558 1933 585; x_wconf 78' lang='lat' dir='ltr'>iudices</span> <span class='ocrx_word' id='word_1_798' title='bbox 1940 566 1965 582; x_wconf 82' lang='lat' dir='ltr'>e·</span> 
     </span>
     <span class='ocr_line' id='line_1_85' title="bbox 1190 587 1965 621; baseline 0.003 -9"><span class='ocrx_word' id='word_1_799' title='bbox 1190 596 1247 613; x_wconf 78' lang='lat' dir='ltr'>rant.</span> <span class='ocrx_word' id='word_1_800' title='bbox 1255 588 1351 616; x_wconf 73' lang='lat' dir='ltr'>deinde,</span> <span class='ocrx_word' id='word_1_801' title='bbox 1358 588 1373 612; x_wconf 85' lang='lat' dir='ltr'>fi</span> <span class='ocrx_word' id='word_1_802' title='bbox 1381 587 1456 612; x_wconf 75' lang='lat' dir='ltr'>caussae</span> <span class='ocrx_word' id='word_1_803' title='bbox 1465 588 1707 619; x_wconf 71' lang='lat' dir='ltr'>probarentur‚curiata</span> <span class='ocrx_word' id='word_1_804' title='bbox 1714 591 1750 612; x_wconf 83' lang='lat' dir='ltr'>lex</span> <span class='ocrx_word' id='word_1_805' title='bbox 1759 589 1883 613; x_wconf 77' lang='lat' dir='ltr'>serebatur:</span> <span class='ocrx_word' id='word_1_806' title='bbox 1893 597 1965 621; x_wconf 89' lang='lat' dir='ltr'>quam</span> 
     </span>
     <span class='ocr_line' id='line_1_86' title="bbox 1192 619 1964 653; baseline 0.001 -9"><span class='ocrx_word' id='word_1_807' title='bbox 1192 621 1235 653; x_wconf 90' lang='lat' dir='ltr'>qui</span> <span class='ocrx_word' id='word_1_808' title='bbox 1246 620 1328 647; x_wconf 85' lang='lat' dir='ltr'>ferrer,</span> <span class='ocrx_word' id='word_1_809' title='bbox 1343 621 1362 643; x_wconf 90' lang='lat' dir='ltr'>is</span> <span class='ocrx_word' id='word_1_810' title='bbox 1372 621 1453 643; x_wconf 86' lang='lat' dir='ltr'>omnia</span> <span class='ocrx_word' id='word_1_811' title='bbox 1466 619 1551 644; x_wconf 86' lang='lat' dir='ltr'>servare</span> <span class='ocrx_word' id='word_1_812' title='bbox 1558 620 1668 647; x_wconf 76' lang='lat' dir='ltr'>debebat.</span> <span class='ocrx_word' id='word_1_813' title='bbox 1683 622 1764 652; x_wconf 78' lang='lat' dir='ltr'>quaein</span> <span class='ocrx_word' id='word_1_814' title='bbox 1771 622 1964 653; x_wconf 69' lang='lat' dir='ltr'>caererislegibus,</span> 
     </span>
     <span class='ocr_line' id='line_1_87' title="bbox 1191 651 1966 684; baseline 0.001 -8"><span class='ocrx_word' id='word_1_815' title='bbox 1191 653 1247 676; x_wconf 69' lang='lat' dir='ltr'>cu&#39;m</span> <span class='ocrx_word' id='word_1_816' title='bbox 1254 652 1367 676; x_wconf 85' lang='lat' dir='ltr'>ferrentur</span> <span class='ocrx_word' id='word_1_817' title='bbox 1376 669 1382 678; x_wconf 84' lang='lat'>‚</span> <span class='ocrx_word' id='word_1_818' title='bbox 1390 651 1471 675; x_wconf 83' lang='lat' dir='ltr'>servari</span> <span class='ocrx_word' id='word_1_819' title='bbox 1480 651 1591 675; x_wconf 60' lang='lat' dir='ltr'>messuit.</span> <span class='ocrx_word' id='word_1_820' title='bbox 1599 652 1665 684; x_wconf 82' lang='lat' dir='ltr'>quod</span> <span class='ocrx_word' id='word_1_821' title='bbox 1672 659 1799 683; x_wconf 85' lang='lat' dir='ltr'>utrumque</span> <span class='ocrx_word' id='word_1_822' title='bbox 1805 652 1915 684; x_wconf 84' lang='lat' dir='ltr'>fignificat</span> <span class='ocrx_word' id='word_1_823' title='bbox 1923 655 1966 677; x_wconf 90' lang='lat' dir='ltr'>Ci-</span> 
     </span>
     <span class='ocr_line' id='line_1_88' title="bbox 1191 683 1967 716; baseline 0 -10"><span class='ocrx_word' id='word_1_824' title='bbox 1191 691 1246 707; x_wconf 88' lang='lat' dir='ltr'>cero</span> <span class='ocrx_word' id='word_1_825' title='bbox 1260 685 1316 708; x_wconf 82' lang='lat' dir='ltr'>inea</span> <span class='ocrx_word' id='word_1_826' title='bbox 1325 683 1431 707; x_wconf 68' lang='lat' dir='ltr'>oratione</span> <span class='ocrx_word' id='word_1_827' title='bbox 1444 691 1491 714; x_wconf 84' lang='lat' dir='ltr'>cap.</span> <span class='ocrx_word' id='word_1_828' title='bbox 1503 691 1540 711; x_wconf 75' lang='lat' dir='ltr'>iq..</span> <span class='ocrx_word' id='word_1_829' title='bbox 1548 690 1601 706; x_wconf 88' lang='lat' dir='ltr'>cum</span> <span class='ocrx_word' id='word_1_830' title='bbox 1611 684 1654 706; x_wconf 77' lang='lat' dir='ltr'>ait:</span> <span class='ocrx_word' id='word_1_831' title='bbox 1672 686 1830 716; x_wconf 65' lang='grc' dir='ltr'>Ἡιιιηιίοριεε,</span> <span class='ocrx_word' id='word_1_832' title='bbox 1844 687 1882 714; x_wconf 77' lang='lat' dir='ltr'>qui</span> <span class='ocrx_word' id='word_1_833' title='bbox 1891 701 1897 712; x_wconf 91' lang='lat'><em>,</em></span> <span class='ocrx_word' id='word_1_834' title='bbox 1908 685 1967 716; x_wconf 76' lang='lat' dir='ltr'>quod</span> 
     </span>
     <span class='ocr_line' id='line_1_89' title="bbox 1191 714 1963 747; baseline 0.003 -10"><span class='ocrx_word' id='word_1_835' title='bbox 1191 722 1272 738; x_wconf 72' lang='lat' dir='ltr'>natura</span> <span class='ocrx_word' id='word_1_836' title='bbox 1280 724 1330 747; x_wconf 73' lang='lat' dir='ltr'>stim</span> <span class='ocrx_word' id='word_1_837' title='bbox 1342 716 1421 745; x_wconf 49' lang='lat' dir='ltr'>tii&#39;s’equi</span> <span class='ocrx_word' id='word_1_838' title='bbox 1429 724 1467 737; x_wconf 81' lang='lat' dir='ltr'>non</span> <span class='ocrx_word' id='word_1_839' title='bbox 1478 715 1543 746; x_wconf 57' lang='lat' dir='ltr'>potestt</span> <span class='ocrx_word' id='word_1_840' title='bbox 1551 731 1557 741; x_wconf 83' lang='lat'>,</span> <span class='ocrx_word' id='word_1_841' title='bbox 1572 716 1669 745; x_wconf 75' lang='lat' dir='ltr'>legitimo</span> <span class='ocrx_word' id='word_1_842' title='bbox 1677 714 1867 747; x_wconf 65' lang='lat' dir='ltr'>&amp;pontificiojure</span> <span class='ocrx_word' id='word_1_843' title='bbox 1873 723 1963 747; x_wconf 63' lang='lat' dir='ltr'>quatur.</span> 
     </span>
     <span class='ocr_line' id='line_1_90' title="bbox 1192 746 1965 779; baseline -0.001 -9"><span class='ocrx_word' id='word_1_844' title='bbox 1192 748 1283 779; x_wconf 77' lang='lat' dir='ltr'>itaque,</span> <span class='ocrx_word' id='word_1_845' title='bbox 1293 747 1357 779; x_wconf 86' lang='lat' dir='ltr'>quod</span> <span class='ocrx_word' id='word_1_846' title='bbox 1365 747 1396 770; x_wconf 86' lang='lat' dir='ltr'>est</span> <span class='ocrx_word' id='word_1_847' title='bbox 1404 747 1462 777; x_wconf 80' lang='lat' dir='ltr'>apud</span> <span class='ocrx_word' id='word_1_848' title='bbox 1470 747 1612 769; x_wconf 77' lang='lat' dir='ltr'>Cornelium</span> <span class='ocrx_word' id='word_1_849' title='bbox 1620 747 1728 770; x_wconf 80' lang='lat' dir='ltr'>Tacitum</span> <span class='ocrx_word' id='word_1_850' title='bbox 1737 746 1793 769; x_wconf 81' lang='lat' dir='ltr'>Hist.</span> <span class='ocrx_word' id='word_1_851' title='bbox 1801 755 1809 770; x_wconf 86' lang='lat'>1</span> <span class='ocrx_word' id='word_1_852' title='bbox 1816 765 1821 770; x_wconf 93' lang='lat'>.</span> <span class='ocrx_word' id='word_1_853' title='bbox 1828 755 1837 770; x_wconf 87' lang='lat'>1</span> <span class='ocrx_word' id='word_1_854' title='bbox 1845 755 1864 773; x_wconf 82' lang='grc' dir='ltr'>ς.</span> <span class='ocrx_word' id='word_1_855' title='bbox 1874 755 1882 771; x_wconf 82' lang='grc' dir='ltr'><strong>ι</strong></span> <span class='ocrx_word' id='word_1_856' title='bbox 1890 765 1895 771; x_wconf 88' lang='grc'><strong>.</strong></span> <span class='ocrx_word' id='word_1_857' title='bbox 1909 749 1965 779; x_wconf 77' lang='lat' dir='ltr'>Lege</span> 
     </span>
     <span class='ocr_line' id='line_1_91' title="bbox 1191 777 1967 810; baseline 0 -9"><span class='ocrx_word' id='word_1_858' title='bbox 1191 786 1276 801; x_wconf 70' lang='lat' dir='ltr'>curtata</span> <span class='ocrx_word' id='word_1_859' title='bbox 1289 780 1346 806; x_wconf 60' lang='lat' dir='ltr'>arud</span> <span class='ocrx_word' id='word_1_860' title='bbox 1355 779 1463 810; x_wconf 66' lang='lat' dir='ltr'>pontifices</span> <span class='ocrx_word' id='word_1_861' title='bbox 1475 780 1558 809; x_wconf 72' lang='lat' dir='ltr'>adoptio</span> <span class='ocrx_word' id='word_1_862' title='bbox 1567 777 1648 807; x_wconf 72' lang='lat' dir='ltr'>fiebat:</span> <span class='ocrx_word' id='word_1_863' title='bbox 1661 778 1684 801; x_wconf 87' lang='lat' dir='ltr'>id</span> <span class='ocrx_word' id='word_1_864' title='bbox 1693 779 1723 801; x_wconf 77' lang='lat' dir='ltr'>ita</span> <span class='ocrx_word' id='word_1_865' title='bbox 1731 777 1950 809; x_wconf 77' lang='lat' dir='ltr'>estitilelligendum</span> <span class='ocrx_word' id='word_1_866' title='bbox 1959 795 1967 806; x_wconf 86' lang='lat'>‚</span> 
     </span>
     <span class='ocr_line' id='line_1_92' title="bbox 1194 809 1969 841; baseline 0 -8"><span class='ocrx_word' id='word_1_867' title='bbox 1194 816 1219 833; x_wconf 86' lang='lat' dir='ltr'>ut</span> <span class='ocrx_word' id='word_1_868' title='bbox 1228 827 1233 837; x_wconf 86' lang='lat'>,</span> <span class='ocrx_word' id='word_1_869' title='bbox 1244 809 1286 833; x_wconf 85' lang='lat' dir='ltr'>nili</span> <span class='ocrx_word' id='word_1_870' title='bbox 1300 810 1324 833; x_wconf 82' lang='lat'>&amp;</span> <span class='ocrx_word' id='word_1_871' title='bbox 1335 811 1371 832; x_wconf 82' lang='lat' dir='ltr'>lex</span> <span class='ocrx_word' id='word_1_872' title='bbox 1379 809 1484 836; x_wconf 83' lang='lat' dir='ltr'>ferretur,</span> <span class='ocrx_word' id='word_1_873' title='bbox 1492 810 1515 833; x_wconf 71' lang='grc' dir='ltr'>δι</span> <span class='ocrx_word' id='word_1_874' title='bbox 1524 809 1648 841; x_wconf 82' lang='lat' dir='ltr'>adoptandi</span> <span class='ocrx_word' id='word_1_875' title='bbox 1656 809 1737 833; x_wconf 62' lang='lat' dir='ltr'>causs&#39;as</span> <span class='ocrx_word' id='word_1_876' title='bbox 1743 809 1867 841; x_wconf 84' lang='lat' dir='ltr'>pontifices</span> <span class='ocrx_word' id='word_1_877' title='bbox 1875 809 1969 841; x_wconf 85' lang='lat' dir='ltr'>probas-</span> 
     </span>
     <span class='ocr_line' id='line_1_93' title="bbox 1194 840 1969 872; baseline 0 -8"><span class='ocrx_word' id='word_1_878' title='bbox 1194 840 1250 868; x_wconf 87' lang='lat' dir='ltr'>sent,</span> <span class='ocrx_word' id='word_1_879' title='bbox 1258 841 1354 872; x_wconf 83' lang='lat' dir='ltr'>adoptio</span> <span class='ocrx_word' id='word_1_880' title='bbox 1361 841 1410 864; x_wconf 78' lang='lat' dir='ltr'>ficri</span> <span class='ocrx_word' id='word_1_881' title='bbox 1418 849 1466 864; x_wconf 88' lang='lat' dir='ltr'>non</span> <span class='ocrx_word' id='word_1_882' title='bbox 1475 840 1555 871; x_wconf 67' lang='lat' dir='ltr'>pofl&#39;et.</span> <span class='ocrx_word' id='word_1_883' title='bbox 1565 847 1693 872; x_wconf 81' lang='lat' dir='ltr'>utrumque</span> <span class='ocrx_word' id='word_1_884' title='bbox 1700 849 1755 864; x_wconf 81' lang='lat' dir='ltr'>vero</span> <span class='ocrx_word' id='word_1_885' title='bbox 1762 841 1880 872; x_wconf 78' lang='lat' dir='ltr'>separatim</span> <span class='ocrx_word' id='word_1_886' title='bbox 1888 841 1969 872; x_wconf 77' lang='lat' dir='ltr'>ageba-</span> 
     </span>
     <span class='ocr_line' id='line_1_94' title="bbox 1195 872 1970 904; baseline 0 -8"><span class='ocrx_word' id='word_1_887' title='bbox 1195 880 1231 896; x_wconf 86' lang='lat' dir='ltr'>tur</span> <span class='ocrx_word' id='word_1_888' title='bbox 1239 880 1308 903; x_wconf 61' lang='lat' dir='ltr'>‚sum</span> <span class='ocrx_word' id='word_1_889' title='bbox 1315 872 1343 896; x_wconf 91' lang='lat' dir='ltr'>de</span> <span class='ocrx_word' id='word_1_890' title='bbox 1350 872 1428 896; x_wconf 83' lang='lat' dir='ltr'>cauffis</span> <span class='ocrx_word' id='word_1_891' title='bbox 1436 872 1557 903; x_wconf 75' lang='lat' dir='ltr'>pontifices</span> <span class='ocrx_word' id='word_1_892' title='bbox 1563 873 1738 903; x_wconf 80' lang='lat' dir='ltr'>cognoscerent,</span> <span class='ocrx_word' id='word_1_893' title='bbox 1746 873 1824 903; x_wconf 79' lang='lat' dir='ltr'>legem</span> <span class='ocrx_word' id='word_1_894' title='bbox 1832 880 1887 895; x_wconf 87' lang='lat' dir='ltr'>vero</span> <span class='ocrx_word' id='word_1_895' title='bbox 1894 875 1970 904; x_wconf 83' lang='lat' dir='ltr'>magi-</span> 
     </span>
     <span class='ocr_line' id='line_1_95' title="bbox 1194 903 1968 935; baseline 0 -8"><span class='ocrx_word' id='word_1_896' title='bbox 1194 904 1272 928; x_wconf 88' lang='lat' dir='ltr'>stratus</span> <span class='ocrx_word' id='word_1_897' title='bbox 1279 904 1354 928; x_wconf 84' lang='lat' dir='ltr'>ferret.</span> <span class='ocrx_word' id='word_1_898' title='bbox 1368 903 1507 935; x_wconf 71' lang='lat' dir='ltr'>Adopmtis</span> <span class='ocrx_word' id='word_1_899' title='bbox 1514 910 1591 926; x_wconf 80' lang='lat' dir='ltr'>autem</span> <span class='ocrx_word' id='word_1_900' title='bbox 1598 911 1686 927; x_wconf 66' lang='lat' dir='ltr'>aetatem</span> <span class='ocrx_word' id='word_1_901' title='bbox 1693 906 1762 927; x_wconf 75' lang='lat' dir='ltr'>XHX.</span> <span class='ocrx_word' id='word_1_902' title='bbox 1772 904 1837 927; x_wconf 79' lang='lat' dir='ltr'>annis</span> <span class='ocrx_word' id='word_1_903' title='bbox 1845 905 1968 933; x_wconf 86' lang='lat' dir='ltr'>majorem,</span> 
     </span>
     <span class='ocr_line' id='line_1_96' title="bbox 1196 934 1967 967; baseline 0.004 -10"><span class='ocrx_word' id='word_1_904' title='bbox 1196 943 1266 966; x_wconf 83' lang='lat' dir='ltr'>quam</span> <span class='ocrx_word' id='word_1_905' title='bbox 1273 937 1331 964; x_wconf 76' lang='lat' dir='ltr'>ejus,</span> <span class='ocrx_word' id='word_1_906' title='bbox 1356 936 1378 958; x_wconf 85' lang='lat' dir='ltr'>ui</span> <span class='ocrx_word' id='word_1_907' title='bbox 1386 936 1537 967; x_wconf 81' lang='lat' dir='ltr'>adoptaretur,</span> <span class='ocrx_word' id='word_1_908' title='bbox 1545 935 1588 958; x_wconf 85' lang='lat' dir='ltr'>effe</span> <span class='ocrx_word' id='word_1_909' title='bbox 1595 942 1710 965; x_wconf 46' lang='lat' dir='ltr'>oportere:</span> <span class='ocrx_word' id='word_1_910' title='bbox 1718 934 1730 957; x_wconf 69' lang='grc' dir='ltr'>ὲ</span> <span class='ocrx_word' id='word_1_911' title='bbox 1739 934 1875 958; x_wconf 78' lang='lat' dir='ltr'>Modestino</span> <span class='ocrx_word' id='word_1_912' title='bbox 1884 936 1938 967; x_wconf 76' lang='lat' dir='ltr'>Dig.</span> <span class='ocrx_word' id='word_1_913' title='bbox 1946 945 1954 960; x_wconf 84' lang='lat'>1</span> <span class='ocrx_word' id='word_1_914' title='bbox 1961 953 1967 960; x_wconf 87' lang='lat'>.</span> 
     </span>
     <span class='ocr_line' id='line_1_97' title="bbox 1199 966 1968 998; baseline 0.001 -9"><span class='ocrx_word' id='word_1_915' title='bbox 1199 971 1294 995; x_wconf 77' lang='lat'>6.40.§.</span> <span class='ocrx_word' id='word_1_916' title='bbox 1305 975 1326 990; x_wconf 84' lang='lat'>2.</span> <span class='ocrx_word' id='word_1_917' title='bbox 1350 967 1450 997; x_wconf 77' lang='lat' dir='ltr'>criptum</span> <span class='ocrx_word' id='word_1_918' title='bbox 1463 967 1494 990; x_wconf 86' lang='lat' dir='ltr'>est</span> <span class='ocrx_word' id='word_1_919' title='bbox 1509 967 1544 989; x_wconf 91' lang='lat' dir='ltr'>his</span> <span class='ocrx_word' id='word_1_920' title='bbox 1556 966 1643 990; x_wconf 81' lang='lat' dir='ltr'>verbis:</span> <span class='ocrx_word' id='word_1_921' title='bbox 1658 968 1968 998; x_wconf 56' lang='lat' dir='ltr'>Nontivnumcumquuado-</span> 
     </span>
     <span class='ocr_line' id='line_1_98' title="bbox 1194 997 1969 1029; baseline 0.001 -9"><span class='ocrx_word' id='word_1_922' title='bbox 1194 1004 1243 1029; x_wconf 74' lang='lat' dir='ltr'>prat</span> <span class='ocrx_word' id='word_1_923' title='bbox 1251 997 1331 1028; x_wconf 52' lang='lat' dir='ltr'>,sedis</span> <span class='ocrx_word' id='word_1_924' title='bbox 1340 1007 1387 1020; x_wconf 76' lang='lat' dir='ltr'>cum</span> <span class='ocrx_word' id='word_1_925' title='bbox 1395 1005 1486 1028; x_wconf 69' lang='lat' dir='ltr'>arrogat,</span> <span class='ocrx_word' id='word_1_926' title='bbox 1496 999 1566 1029; x_wconf 79' lang='lat' dir='ltr'>major</span> <span class='ocrx_word' id='word_1_927' title='bbox 1572 998 1607 1025; x_wconf 72' lang='lat' dir='ltr'>effi</span> <span class='ocrx_word' id='word_1_928' title='bbox 1615 998 1969 1029; x_wconf 64' lang='lat' dir='ltr'>debeteo,qucmfilaiperadap11&#39;o-</span> 
     </span>
     <span class='ocr_line' id='line_1_99' title="bbox 1197 1029 1968 1062; baseline 0.003 -12"><span class='ocrx_word' id='word_1_929' title='bbox 1197 1037 1254 1055; x_wconf 77' lang='lat' dir='ltr'>nem,</span> <span class='ocrx_word' id='word_1_930' title='bbox 1262 1032 1340 1059; x_wconf 71' lang='lat' dir='ltr'>velper</span> <span class='ocrx_word' id='word_1_931' title='bbox 1347 1029 1688 1059; x_wconf 70' lang='lat' dir='ltr'>arrogationemfilmmfaut,sed</span> <span class='ocrx_word' id='word_1_932' title='bbox 1695 1029 1968 1062; x_wconf 60' lang='lat' dir='ltr'>aliqueplenapubertale’,</span> 
     </span>
     <span class='ocr_line' id='line_1_100' title="bbox 1197 1059 1970 1092; baseline 0.004 -10"><span class='ocrx_word' id='word_1_933' title='bbox 1197 1062 1219 1082; x_wconf 77' lang='lat' dir='ltr'>td</span> <span class='ocrx_word' id='word_1_934' title='bbox 1231 1060 1257 1089; x_wconf 80' lang='lat' dir='ltr'>est</span> <span class='ocrx_word' id='word_1_935' title='bbox 1265 1077 1271 1087; x_wconf 77' lang='lat'>‚</span> <span class='ocrx_word' id='word_1_936' title='bbox 1286 1063 1369 1084; x_wconf 76' lang='lat' dir='ltr'>XIIX.</span> <span class='ocrx_word' id='word_1_937' title='bbox 1376 1061 1433 1082; x_wconf 64' lang='lat' dir='ltr'>armis</span> <span class='ocrx_word' id='word_1_938' title='bbox 1442 1076 1448 1086; x_wconf 93' lang='lat'>‚</span> <span class='ocrx_word' id='word_1_939' title='bbox 1458 1061 1626 1092; x_wconf 59' lang='lat' dir='ltr'>eumpraecedere</span> <span class='ocrx_word' id='word_1_940' title='bbox 1632 1059 1699 1083; x_wconf 74' lang='lat' dir='ltr'>deber.</span> <span class='ocrx_word' id='word_1_941' title='bbox 1717 1063 1751 1083; x_wconf 91' lang='lat' dir='ltr'>De</span> <span class='ocrx_word' id='word_1_942' title='bbox 1759 1061 1899 1084; x_wconf 84' lang='lat' dir='ltr'>testamentis</span> <span class='ocrx_word' id='word_1_943' title='bbox 1906 1062 1970 1092; x_wconf 76' lang='lat' dir='ltr'>leges</span> 
     </span>
     <span class='ocr_line' id='line_1_101' title="bbox 1198 1091 1969 1122; baseline 0.004 -8"><span class='ocrx_word' id='word_1_944' title='bbox 1198 1092 1276 1115; x_wconf 77' lang='lat' dir='ltr'>multa·</span> <span class='ocrx_word' id='word_1_945' title='bbox 1283 1091 1347 1115; x_wconf 89' lang='lat' dir='ltr'>fuere</span> <span class='ocrx_word' id='word_1_946' title='bbox 1355 1108 1360 1117; x_wconf 89' lang='lat'>,</span> <span class='ocrx_word' id='word_1_947' title='bbox 1373 1098 1472 1122; x_wconf 81' lang='lat' dir='ltr'>quarum</span> <span class='ocrx_word' id='word_1_948' title='bbox 1480 1091 1632 1114; x_wconf 89' lang='lat' dir='ltr'>nominantur</span> <span class='ocrx_word' id='word_1_949' title='bbox 1639 1093 1744 1114; x_wconf 81' lang='lat' dir='ltr'>Voconia</span> <span class='ocrx_word' id='word_1_950' title='bbox 1751 1108 1757 1117; x_wconf 84' lang='lat'>‚</span> <span class='ocrx_word' id='word_1_951' title='bbox 1767 1093 1832 1115; x_wconf 78' lang='lat' dir='ltr'>Furia</span> <span class='ocrx_word' id='word_1_952' title='bbox 1839 1109 1845 1119; x_wconf 85' lang='lat'>‚</span> <span class='ocrx_word' id='word_1_953' title='bbox 1856 1093 1953 1117; x_wconf 78' lang='lat' dir='ltr'>Falcidia</span> <span class='ocrx_word' id='word_1_954' title='bbox 1962 1110 1969 1121; x_wconf 89' lang='lat'>,</span> 
     </span>
     <span class='ocr_line' id='line_1_102' title="bbox 1199 1122 1970 1154; baseline 0.004 -9"><span class='ocrx_word' id='word_1_955' title='bbox 1199 1124 1307 1147; x_wconf 80' lang='lat' dir='ltr'>Cornelia</span> <span class='ocrx_word' id='word_1_956' title='bbox 1315 1140 1320 1150; x_wconf 81' lang='grc'>,</span> <span class='ocrx_word' id='word_1_957' title='bbox 1329 1123 1396 1154; x_wconf 85' lang='lat' dir='ltr'>Junia</span> <span class='ocrx_word' id='word_1_958' title='bbox 1404 1123 1498 1151; x_wconf 85' lang='lat' dir='ltr'>Velleja.</span> <span class='ocrx_word' id='word_1_959' title='bbox 1525 1123 1629 1146; x_wconf 80' lang='lat' dir='ltr'>voconia</span> <span class='ocrx_word' id='word_1_960' title='bbox 1637 1122 1665 1145; x_wconf 91' lang='lat' dir='ltr'>de</span> <span class='ocrx_word' id='word_1_961' title='bbox 1672 1123 1800 1146; x_wconf 75' lang='lat' dir='ltr'>mulierum</span> <span class='ocrx_word' id='word_1_962' title='bbox 1807 1123 1970 1148; x_wconf 81' lang='lat' dir='ltr'>hereditatibus</span> 
     </span>
     <span class='ocr_line' id='line_1_103' title="bbox 1197 1153 1970 1186; baseline -0.001 -10"><span class='ocrx_word' id='word_1_963' title='bbox 1197 1154 1258 1178; x_wconf 89' lang='lat' dir='ltr'>inter</span> <span class='ocrx_word' id='word_1_964' title='bbox 1265 1154 1391 1179; x_wconf 86' lang='lat' dir='ltr'>secundum</span> <span class='ocrx_word' id='word_1_965' title='bbox 1399 1156 1423 1178; x_wconf 72' lang='grc' dir='ltr'>δε</span> <span class='ocrx_word' id='word_1_966' title='bbox 1432 1153 1574 1185; x_wconf 86' lang='lat' dir='ltr'>postremum</span> <span class='ocrx_word' id='word_1_967' title='bbox 1581 1153 1760 1184; x_wconf 79' lang='lat' dir='ltr'>Carthaginenle</span> <span class='ocrx_word' id='word_1_968' title='bbox 1767 1154 1856 1178; x_wconf 86' lang='lat' dir='ltr'>bellum</span> <span class='ocrx_word' id='word_1_969' title='bbox 1864 1153 1876 1177; x_wconf 65' lang='lat' dir='ltr'>a</span> <span class='ocrx_word' id='word_1_970' title='bbox 1885 1158 1970 1186; x_wconf 73' lang='lat' dir='ltr'>Qvo.</span> 
     </span>
     <span class='ocr_line' id='line_1_104' title="bbox 1196 1184 1971 1216; baseline 0.004 -8"><span class='ocrx_word' id='word_1_971' title='bbox 1196 1187 1264 1210; x_wconf 87' lang='lat' dir='ltr'>conia</span> <span class='ocrx_word' id='word_1_972' title='bbox 1276 1189 1329 1210; x_wconf 71' lang='lat' dir='ltr'>Saxa</span> <span class='ocrx_word' id='word_1_973' title='bbox 1343 1186 1442 1210; x_wconf 88' lang='lat' dir='ltr'>Aricino</span> <span class='ocrx_word' id='word_1_974' title='bbox 1449 1185 1546 1209; x_wconf 82' lang='lat' dir='ltr'>tribuno</span> <span class='ocrx_word' id='word_1_975' title='bbox 1553 1184 1627 1216; x_wconf 86' lang='lat' dir='ltr'>plebis</span> <span class='ocrx_word' id='word_1_976' title='bbox 1634 1185 1742 1209; x_wconf 85' lang='lat' dir='ltr'>suadente</span> <span class='ocrx_word' id='word_1_977' title='bbox 1750 1189 1784 1209; x_wconf 92' lang='lat' dir='ltr'>M.</span> <span class='ocrx_word' id='word_1_978' title='bbox 1792 1187 1971 1211; x_wconf 88' lang='lat' dir='ltr'>Catonecenso-</span> 
     </span>
     <span class='ocr_line' id='line_1_105' title="bbox 1196 1217 1969 1250; baseline 0.003 -9"><span class='ocrx_word' id='word_1_979' title='bbox 1196 1218 1233 1241; x_wconf 85' lang='lat' dir='ltr'>rio</span> <span class='ocrx_word' id='word_1_980' title='bbox 1246 1219 1287 1241; x_wconf 79' lang='lat' dir='ltr'>lata</span> <span class='ocrx_word' id='word_1_981' title='bbox 1296 1236 1302 1245; x_wconf 91' lang='lat'><em>,</em></span> <span class='ocrx_word' id='word_1_982' title='bbox 1316 1217 1450 1244; x_wconf 59' lang='lat' dir='ltr'>sanxithom</span> <span class='ocrx_word' id='word_1_983' title='bbox 1464 1225 1494 1241; x_wconf 89' lang='lat' dir='ltr'>ne</span> <span class='ocrx_word' id='word_1_984' title='bbox 1501 1218 1553 1247; x_wconf 71' lang='lat' dir='ltr'>quis</span> <span class='ocrx_word' id='word_1_985' title='bbox 1561 1217 1670 1240; x_wconf 84' lang='lat' dir='ltr'>heredem</span> <span class='ocrx_word' id='word_1_986' title='bbox 1677 1218 1818 1249; x_wconf 83' lang='lat' dir='ltr'>relinqueret</span> <span class='ocrx_word' id='word_1_987' title='bbox 1824 1218 1897 1242; x_wconf 80' lang='lat' dir='ltr'>filiam</span> <span class='ocrx_word' id='word_1_988' title='bbox 1904 1219 1969 1250; x_wconf 82' lang='lat' dir='ltr'>supra</span> 
     </span>
     <span class='ocr_line' id='line_1_106' title="bbox 1198 1249 1970 1279; baseline 0.003 -7"><span class='ocrx_word' id='word_1_989' title='bbox 1198 1252 1256 1273; x_wconf 86' lang='lat' dir='ltr'>1-1.s.</span> <span class='ocrx_word' id='word_1_990' title='bbox 1264 1252 1323 1274; x_wconf 86' lang='lat' dir='ltr'>XXV</span> <span class='ocrx_word' id='word_1_991' title='bbox 1333 1253 1367 1272; x_wconf 89' lang='lat' dir='ltr'>M.</span> <span class='ocrx_word' id='word_1_992' title='bbox 1380 1257 1434 1273; x_wconf 82' lang='lat' dir='ltr'>nani</span> <span class='ocrx_word' id='word_1_993' title='bbox 1444 1249 1541 1273; x_wconf 79' lang='lat' dir='ltr'>Dionb.</span> <span class='ocrx_word' id='word_1_994' title='bbox 1550 1251 1636 1279; x_wconf 74' lang='lat' dir='ltr'>LV1.p.</span> <span class='ocrx_word' id='word_1_995' title='bbox 1647 1254 1698 1276; x_wconf 82' lang='lat'>578.</span> <span class='ocrx_word' id='word_1_996' title='bbox 1714 1252 1742 1272; x_wconf 91' lang='lat' dir='ltr'>D.</span> <span class='ocrx_word' id='word_1_997' title='bbox 1757 1250 1787 1273; x_wconf 84' lang='lat' dir='ltr'>ita</span> <span class='ocrx_word' id='word_1_998' title='bbox 1800 1249 1910 1274; x_wconf 74' lang='lat' dir='ltr'>scribtum</span> <span class='ocrx_word' id='word_1_999' title='bbox 1917 1251 1970 1274; x_wconf 84' lang='lat' dir='ltr'>reli-</span> 
     </span>
     <span class='ocr_line' id='line_1_107' title="bbox 1197 1277 1970 1313; baseline 0.001 -9"><span class='ocrx_word' id='word_1_1000' title='bbox 1197 1281 1258 1311; x_wconf 77' lang='lat' dir='ltr'>quit.</span> <span class='ocrx_word' id='word_1_1001' title='bbox 1275 1281 1392 1311; x_wconf 71' lang='lat' dir='ltr'>..Augustus</span> <span class='ocrx_word' id='word_1_1002' title='bbox 1404 1280 1534 1313; x_wconf 70' lang='lat' dir='ltr'>quihufilam</span> <span class='ocrx_word' id='word_1_1003' title='bbox 1542 1282 1639 1309; x_wconf 72' lang='lat' dir='ltr'>foemim&#39;s</span> <span class='ocrx_word' id='word_1_1004' title='bbox 1645 1280 1726 1303; x_wconf 73' lang='lat' dir='ltr'>tribuit</span> <span class='ocrx_word' id='word_1_1005' title='bbox 1733 1298 1740 1308; x_wconf 72' lang='grc'><strong>,</strong></span> <span class='ocrx_word' id='word_1_1006' title='bbox 1753 1277 1970 1313; x_wconf 73' lang='lat' dir='ltr'>utsupra&#39;XXVM.</span> 
     </span>
     <span class='ocr_line' id='line_1_108' title="bbox 1197 1313 1970 1342; baseline 0.003 -8"><span class='ocrx_word' id='word_1_1007' title='bbox 1197 1314 1281 1335; x_wconf 78' lang='lat' dir='ltr'>heredes</span> <span class='ocrx_word' id='word_1_1008' title='bbox 1294 1314 1330 1341; x_wconf 67' lang='lat' dir='ltr'>effe</span> <span class='ocrx_word' id='word_1_1009' title='bbox 1338 1313 1428 1342; x_wconf 70' lang='lat' dir='ltr'>poffint:</span> <span class='ocrx_word' id='word_1_1010' title='bbox 1443 1314 1489 1335; x_wconf 74' lang='lat' dir='ltr'>lite:</span> <span class='ocrx_word' id='word_1_1011' title='bbox 1504 1314 1539 1334; x_wconf 74' lang='lat' dir='ltr'>hoc</span> <span class='ocrx_word' id='word_1_1012' title='bbox 1551 1314 1587 1333; x_wconf 67' lang='lat' dir='ltr'>lex</span> <span class='ocrx_word' id='word_1_1013' title='bbox 1597 1315 1682 1334; x_wconf 74' lang='lat' dir='ltr'>Voconia</span> <span class='ocrx_word' id='word_1_1014' title='bbox 1689 1319 1781 1336; x_wconf 76' lang='lat' dir='ltr'>velaret.</span> <span class='ocrx_word' id='word_1_1015' title='bbox 1798 1313 1874 1336; x_wconf 71' lang='lat' dir='ltr'>Etiam</span> <span class='ocrx_word' id='word_1_1016' title='bbox 1881 1313 1926 1336; x_wconf 87' lang='lat' dir='ltr'>hoc</span> <span class='ocrx_word' id='word_1_1017' title='bbox 1933 1321 1970 1337; x_wconf 84' lang='lat' dir='ltr'>ea-</span> 
     </span>
     <span class='ocr_line' id='line_1_109' title="bbox 1198 1342 1971 1376; baseline 0.003 -9"><span class='ocrx_word' id='word_1_1018' title='bbox 1198 1344 1254 1367; x_wconf 85' lang='lat' dir='ltr'>dem</span> <span class='ocrx_word' id='word_1_1019' title='bbox 1262 1344 1313 1375; x_wconf 83' lang='lat' dir='ltr'>lege</span> <span class='ocrx_word' id='word_1_1020' title='bbox 1320 1351 1412 1367; x_wconf 85' lang='lat' dir='ltr'>cautum</span> <span class='ocrx_word' id='word_1_1021' title='bbox 1420 1343 1460 1370; x_wconf 85' lang='lat' dir='ltr'>est,</span> <span class='ocrx_word' id='word_1_1022' title='bbox 1468 1351 1491 1366; x_wconf 90' lang='lat' dir='ltr'>ut</span> <span class='ocrx_word' id='word_1_1023' title='bbox 1500 1342 1512 1366; x_wconf 75' lang='grc' dir='ltr'>ὶι</span> <span class='ocrx_word' id='word_1_1024' title='bbox 1520 1343 1664 1373; x_wconf 66' lang='lat' dir='ltr'>theophilo,</span> <span class='ocrx_word' id='word_1_1025' title='bbox 1672 1344 1696 1366; x_wconf 88' lang='lat' dir='ltr'>in</span> <span class='ocrx_word' id='word_1_1026' title='bbox 1705 1346 1740 1368; x_wconf 84' lang='lat' dir='ltr'>tit.</span> <span class='ocrx_word' id='word_1_1027' title='bbox 1748 1343 1821 1367; x_wconf 81' lang='lat' dir='ltr'>instit.</span> <span class='ocrx_word' id='word_1_1028' title='bbox 1829 1344 1857 1367; x_wconf 91' lang='lat' dir='ltr'>de</span> <span class='ocrx_word' id='word_1_1029' title='bbox 1864 1345 1915 1376; x_wconf 90' lang='lat' dir='ltr'>lege</span> <span class='ocrx_word' id='word_1_1030' title='bbox 1921 1346 1971 1369; x_wconf 87' lang='lat' dir='ltr'>Fal-</span> 
     </span>
     <span class='ocr_line' id='line_1_110' title="bbox 1197 1375 1969 1408; baseline 0.004 -10"><span class='ocrx_word' id='word_1_1031' title='bbox 1197 1376 1257 1399; x_wconf 86' lang='lat' dir='ltr'>cidia</span> <span class='ocrx_word' id='word_1_1032' title='bbox 1265 1392 1271 1402; x_wconf 93' lang='lat'>,</span> <span class='ocrx_word' id='word_1_1033' title='bbox 1279 1376 1407 1399; x_wconf 87' lang='lat' dir='ltr'>didicimus</span> <span class='ocrx_word' id='word_1_1034' title='bbox 1414 1392 1419 1401; x_wconf 70' lang='lat'>‚</span> <span class='ocrx_word' id='word_1_1035' title='bbox 1428 1383 1457 1399; x_wconf 83' lang='lat' dir='ltr'>ne</span> <span class='ocrx_word' id='word_1_1036' title='bbox 1465 1376 1515 1407; x_wconf 81' lang='lat' dir='ltr'>plus</span> <span class='ocrx_word' id='word_1_1037' title='bbox 1522 1375 1650 1405; x_wconf 84' lang='lat' dir='ltr'>legatarius,</span> <span class='ocrx_word' id='word_1_1038' title='bbox 1657 1382 1728 1406; x_wconf 87' lang='lat' dir='ltr'>quarn</span> <span class='ocrx_word' id='word_1_1039' title='bbox 1737 1375 1801 1399; x_wconf 87' lang='lat' dir='ltr'>heres</span> <span class='ocrx_word' id='word_1_1040' title='bbox 1809 1376 1910 1400; x_wconf 86' lang='lat' dir='ltr'>haberet.</span> <span class='ocrx_word' id='word_1_1041' title='bbox 1918 1384 1969 1408; x_wconf 87' lang='lat' dir='ltr'>quo</span> 
     </span>
     <span class='ocr_line' id='line_1_111' title="bbox 1197 1406 1971 1438; baseline 0.001 -7"><span class='ocrx_word' id='word_1_1042' title='bbox 1197 1408 1226 1431; x_wconf 89' lang='lat' dir='ltr'>de</span> <span class='ocrx_word' id='word_1_1043' title='bbox 1233 1415 1318 1438; x_wconf 82' lang='lat' dir='ltr'>genere</span> <span class='ocrx_word' id='word_1_1044' title='bbox 1324 1407 1498 1431; x_wconf 82' lang='lat' dir='ltr'>Trebellianum</span> <span class='ocrx_word' id='word_1_1045' title='bbox 1506 1413 1602 1438; x_wconf 86' lang='lat' dir='ltr'>qnoque</span> <span class='ocrx_word' id='word_1_1046' title='bbox 1608 1409 1629 1430; x_wconf 89' lang='lat' dir='ltr'>S.</span> <span class='ocrx_word' id='word_1_1047' title='bbox 1637 1408 1666 1430; x_wconf 92' lang='lat' dir='ltr'>C.</span> <span class='ocrx_word' id='word_1_1048' title='bbox 1674 1407 1750 1430; x_wconf 75' lang='lat' dir='ltr'>exstat.</span> <span class='ocrx_word' id='word_1_1049' title='bbox 1759 1415 1788 1431; x_wconf 93' lang='lat' dir='ltr'>ne</span> <span class='ocrx_word' id='word_1_1050' title='bbox 1795 1406 1857 1431; x_wconf 85' lang='lat' dir='ltr'>bona</span> <span class='ocrx_word' id='word_1_1051' title='bbox 1864 1408 1921 1431; x_wconf 78' lang='lat' dir='ltr'>ultra</span> <span class='ocrx_word' id='word_1_1052' title='bbox 1927 1408 1971 1432; x_wconf 91' lang='lat' dir='ltr'>do-</span> 
     </span>
     <span class='ocr_line' id='line_1_112' title="bbox 1197 1437 1968 1470; baseline 0.003 -8"><span class='ocrx_word' id='word_1_1053' title='bbox 1197 1439 1304 1462; x_wconf 88' lang='lat' dir='ltr'>drantem</span> <span class='ocrx_word' id='word_1_1054' title='bbox 1314 1438 1436 1463; x_wconf 83' lang='lat' dir='ltr'>universali</span> <span class='ocrx_word' id='word_1_1055' title='bbox 1448 1437 1630 1462; x_wconf 83' lang='lat' dir='ltr'>fideicommiss&#39;o</span> <span class='ocrx_word' id='word_1_1056' title='bbox 1642 1437 1668 1460; x_wconf 85' lang='lat' dir='ltr'>ab</span> <span class='ocrx_word' id='word_1_1057' title='bbox 1676 1439 1760 1461; x_wconf 82' lang='lat' dir='ltr'>herede</span> <span class='ocrx_word' id='word_1_1058' title='bbox 1766 1439 1968 1470; x_wconf 79' lang='lat' dir='ltr'>relinquipoffinr.</span> 
     </span>
     <span class='ocr_line' id='line_1_113' title="bbox 1201 1469 1966 1499; baseline 0.001 -6"><span class='ocrx_word' id='word_1_1059' title='bbox 1201 1471 1303 1494; x_wconf 81' lang='lat' dir='ltr'>Voconia</span> <span class='ocrx_word' id='word_1_1060' title='bbox 1311 1487 1317 1497; x_wconf 83' lang='grc'>,</span> <span class='ocrx_word' id='word_1_1061' title='bbox 1330 1471 1354 1493; x_wconf 85' lang='lat'>&amp;</span> <span class='ocrx_word' id='word_1_1062' title='bbox 1362 1471 1425 1493; x_wconf 85' lang='lat' dir='ltr'>Furia</span> <span class='ocrx_word' id='word_1_1063' title='bbox 1433 1487 1439 1496; x_wconf 81' lang='lat'>,</span> <span class='ocrx_word' id='word_1_1064' title='bbox 1453 1469 1551 1493; x_wconf 84' lang='lat' dir='ltr'>Falcidia</span> <span class='ocrx_word' id='word_1_1065' title='bbox 1559 1487 1565 1496; x_wconf 90' lang='lat'>,</span> <span class='ocrx_word' id='word_1_1066' title='bbox 1573 1469 1640 1499; x_wconf 85' lang='lat' dir='ltr'>Junia</span> <span class='ocrx_word' id='word_1_1067' title='bbox 1648 1469 1731 1497; x_wconf 75' lang='lat' dir='ltr'>vclleja</span> <span class='ocrx_word' id='word_1_1068' title='bbox 1739 1486 1745 1496; x_wconf 83' lang='lat'>‚</span> <span class='ocrx_word' id='word_1_1069' title='bbox 1753 1469 1882 1493; x_wconf 72' lang='lat' dir='ltr'>tribuniciae</span> <span class='ocrx_word' id='word_1_1070' title='bbox 1889 1472 1966 1498; x_wconf 86' lang='lat' dir='ltr'>fuere,</span> 
     </span>
     <span class='ocr_line' id='line_1_114' title="bbox 1199 1500 1971 1530; baseline -0.004 -6"><span class='ocrx_word' id='word_1_1071' title='bbox 1199 1502 1310 1524; x_wconf 89' lang='lat' dir='ltr'>Cornelia</span> <span class='ocrx_word' id='word_1_1072' title='bbox 1322 1501 1447 1524; x_wconf 86' lang='lat' dir='ltr'>consularis</span> <span class='ocrx_word' id='word_1_1073' title='bbox 1459 1501 1565 1530; x_wconf 69' lang='lat' dir='ltr'>L.Syllae.</span> <span class='ocrx_word' id='word_1_1074' title='bbox 1580 1500 1609 1522; x_wconf 85' lang='lat' dir='ltr'>de</span> <span class='ocrx_word' id='word_1_1075' title='bbox 1617 1501 1718 1523; x_wconf 84' lang='lat' dir='ltr'>Voconia</span> <span class='ocrx_word' id='word_1_1076' title='bbox 1726 1500 1839 1525; x_wconf 76' lang='lat' dir='ltr'>diximus.</span> <span class='ocrx_word' id='word_1_1077' title='bbox 1856 1502 1921 1525; x_wconf 86' lang='lat' dir='ltr'>Furia</span> <span class='ocrx_word' id='word_1_1078' title='bbox 1935 1510 1971 1526; x_wconf 73' lang='lat' dir='ltr'>ca-</span> 
     </span>
     <span class='ocr_line' id='line_1_115' title="bbox 1199 1531 1970 1565; baseline 0.004 -10"><span class='ocrx_word' id='word_1_1079' title='bbox 1199 1532 1305 1558; x_wconf 83' lang='lat' dir='ltr'>vehatur,</span> <span class='ocrx_word' id='word_1_1080' title='bbox 1314 1531 1357 1555; x_wconf 64' lang='lat' dir='ltr'>uta</span> <span class='ocrx_word' id='word_1_1081' title='bbox 1364 1531 1500 1562; x_wconf 84' lang='lat' dir='ltr'>Theophilo</span> <span class='ocrx_word' id='word_1_1082' title='bbox 1507 1531 1618 1562; x_wconf 78' lang='lat' dir='ltr'>scriptum</span> <span class='ocrx_word' id='word_1_1083' title='bbox 1625 1531 1739 1561; x_wconf 77' lang='lat' dir='ltr'>legimuS‚</span> <span class='ocrx_word' id='word_1_1084' title='bbox 1748 1533 1821 1556; x_wconf 88' lang='lat' dir='ltr'>necui</span> <span class='ocrx_word' id='word_1_1085' title='bbox 1830 1533 1889 1563; x_wconf 87' lang='lat' dir='ltr'>plus,</span> <span class='ocrx_word' id='word_1_1086' title='bbox 1898 1541 1970 1565; x_wconf 83' lang='lat' dir='ltr'>quam</span> 
     </span>
     <span class='ocr_line' id='line_1_116' title="bbox 1199 1563 1971 1596; baseline 0.001 -9"><span class='ocrx_word' id='word_1_1087' title='bbox 1199 1566 1233 1587; x_wconf 86' lang='grc' dir='ltr'>Μ,</span> <span class='ocrx_word' id='word_1_1088' title='bbox 1242 1563 1377 1590; x_wconf 72' lang='lat' dir='ltr'>nummum,</span> <span class='ocrx_word' id='word_1_1089' title='bbox 1384 1564 1504 1594; x_wconf 84' lang='lat' dir='ltr'>legaretur,</span> <span class='ocrx_word' id='word_1_1090' title='bbox 1512 1563 1577 1594; x_wconf 87' lang='lat' dir='ltr'>qnod</span> <span class='ocrx_word' id='word_1_1091' title='bbox 1585 1564 1792 1594; x_wconf 76' lang='lat' dir='ltr'>ampliuslcgatum</span> <span class='ocrx_word' id='word_1_1092' title='bbox 1799 1565 1862 1591; x_wconf 76' lang='lat' dir='ltr'>esser,</span> <span class='ocrx_word' id='word_1_1093' title='bbox 1869 1566 1971 1596; x_wconf 81' lang='lat' dir='ltr'>quadru-</span> 
     </span>
     <span class='ocr_line' id='line_1_117' title="bbox 1199 1593 1973 1628; baseline 0.003 -10"><span class='ocrx_word' id='word_1_1094' title='bbox 1199 1596 1264 1626; x_wconf 84' lang='lat' dir='ltr'>plum</span> <span class='ocrx_word' id='word_1_1095' title='bbox 1272 1595 1432 1618; x_wconf 75' lang='lat' dir='ltr'>restitueretur.</span> <span class='ocrx_word' id='word_1_1096' title='bbox 1450 1595 1547 1617; x_wconf 79' lang='lat' dir='ltr'>Falcidia</span> <span class='ocrx_word' id='word_1_1097' title='bbox 1553 1593 1714 1621; x_wconf 74' lang='lat' dir='ltr'>cavebaturme</span> <span class='ocrx_word' id='word_1_1098' title='bbox 1721 1596 1758 1617; x_wconf 88' lang='lat' dir='ltr'>cui</span> <span class='ocrx_word' id='word_1_1099' title='bbox 1766 1596 1815 1626; x_wconf 80' lang='lat' dir='ltr'>plus</span> <span class='ocrx_word' id='word_1_1100' title='bbox 1823 1597 1901 1625; x_wconf 70' lang='lat' dir='ltr'>liceret</span> <span class='ocrx_word' id='word_1_1101' title='bbox 1908 1598 1973 1628; x_wconf 82' lang='lat' dir='ltr'>lega-</span> 
     </span>
     <span class='ocr_line' id='line_1_118' title="bbox 1198 1625 1972 1658; baseline 0.004 -9"><span class='ocrx_word' id='word_1_1102' title='bbox 1198 1635 1229 1652; x_wconf 76' lang='lat' dir='ltr'>re,</span> <span class='ocrx_word' id='word_1_1103' title='bbox 1237 1634 1307 1658; x_wconf 85' lang='lat' dir='ltr'>quam</span> <span class='ocrx_word' id='word_1_1104' title='bbox 1316 1626 1452 1650; x_wconf 78' lang='lat' dir='ltr'>dodrantem</span> <span class='ocrx_word' id='word_1_1105' title='bbox 1459 1633 1487 1649; x_wconf 73' lang='lat' dir='ltr'>ex</span> <span class='ocrx_word' id='word_1_1106' title='bbox 1495 1632 1543 1648; x_wconf 84' lang='lat' dir='ltr'>tora</span> <span class='ocrx_word' id='word_1_1107' title='bbox 1549 1625 1685 1651; x_wconf 80' lang='lat' dir='ltr'>hereditare,</span> <span class='ocrx_word' id='word_1_1108' title='bbox 1694 1626 1718 1649; x_wconf 85' lang='lat' dir='ltr'>id</span> <span class='ocrx_word' id='word_1_1109' title='bbox 1725 1625 1765 1653; x_wconf 77' lang='lat' dir='ltr'>est,</span> <span class='ocrx_word' id='word_1_1110' title='bbox 1772 1633 1805 1653; x_wconf 65' lang='lat' dir='ltr'>ut,</span> <span class='ocrx_word' id='word_1_1111' title='bbox 1814 1626 1859 1650; x_wconf 72' lang='lat' dir='ltr'>ssve</span> <span class='ocrx_word' id='word_1_1112' title='bbox 1866 1635 1924 1651; x_wconf 90' lang='lat' dir='ltr'>unus</span> <span class='ocrx_word' id='word_1_1113' title='bbox 1931 1629 1972 1652; x_wconf 89' lang='lat' dir='ltr'>he-</span> 
     </span>
     <span class='ocr_line' id='line_1_119' title="bbox 1199 1656 1971 1691; baseline 0.003 -10"><span class='ocrx_word' id='word_1_1114' title='bbox 1199 1666 1232 1681; x_wconf 87' lang='lat' dir='ltr'>res</span> <span class='ocrx_word' id='word_1_1115' title='bbox 1240 1658 1356 1681; x_wconf 86' lang='lat' dir='ltr'>institutus</span> <span class='ocrx_word' id='word_1_1116' title='bbox 1363 1657 1416 1681; x_wconf 71' lang='lat' dir='ltr'>ess‘et</span> <span class='ocrx_word' id='word_1_1117' title='bbox 1424 1675 1429 1684; x_wconf 84' lang='grc'>,</span> <span class='ocrx_word' id='word_1_1118' title='bbox 1444 1657 1489 1680; x_wconf 77' lang='lat' dir='ltr'>sive</span> <span class='ocrx_word' id='word_1_1119' title='bbox 1497 1659 1571 1688; x_wconf 81' lang='lat' dir='ltr'>plures</span> <span class='ocrx_word' id='word_1_1120' title='bbox 1579 1673 1585 1683; x_wconf 84' lang='grc'>,</span> <span class='ocrx_word' id='word_1_1121' title='bbox 1597 1657 1656 1686; x_wconf 78' lang='lat' dir='ltr'>apud</span> <span class='ocrx_word' id='word_1_1122' title='bbox 1663 1656 1739 1687; x_wconf 72' lang='lat' dir='ltr'>ipsum</span> <span class='ocrx_word' id='word_1_1123' title='bbox 1747 1657 1828 1684; x_wconf 87' lang='lat' dir='ltr'>,eosve</span> <span class='ocrx_word' id='word_1_1124' title='bbox 1835 1666 1911 1690; x_wconf 84' lang='lat' dir='ltr'>quarta</span> <span class='ocrx_word' id='word_1_1125' title='bbox 1920 1667 1971 1691; x_wconf 80' lang='lat' dir='ltr'>pars</span> 
     </span>
     <span class='ocr_line' id='line_1_120' title="bbox 1198 1688 1971 1723; baseline 0.004 -10"><span class='ocrx_word' id='word_1_1126' title='bbox 1198 1696 1289 1713; x_wconf 82' lang='lat' dir='ltr'>tantum</span> <span class='ocrx_word' id='word_1_1127' title='bbox 1300 1696 1439 1713; x_wconf 78' lang='lat' dir='ltr'>remaneret.</span> <span class='ocrx_word' id='word_1_1128' title='bbox 1451 1689 1601 1712; x_wconf 85' lang='lat' dir='ltr'>mentionem</span> <span class='ocrx_word' id='word_1_1129' title='bbox 1607 1688 1661 1712; x_wconf 85' lang='lat' dir='ltr'>facit</span> <span class='ocrx_word' id='word_1_1130' title='bbox 1669 1688 1734 1716; x_wconf 86' lang='lat' dir='ltr'>hujus</span> <span class='ocrx_word' id='word_1_1131' title='bbox 1748 1689 1808 1721; x_wconf 81' lang='lat' dir='ltr'>legis</span> <span class='ocrx_word' id='word_1_1132' title='bbox 1819 1689 1900 1714; x_wconf 87' lang='lat' dir='ltr'>Celsus</span> <span class='ocrx_word' id='word_1_1133' title='bbox 1914 1693 1971 1723; x_wconf 84' lang='lat' dir='ltr'>Dig.</span> 
     </span>
     <span class='ocr_line' id='line_1_121' title="bbox 1198 1721 1972 1752; baseline 0.003 -8"><span class='ocrx_word' id='word_1_1134' title='bbox 1198 1729 1241 1745; x_wconf 74' lang='lat' dir='ltr'>xxi</span> <span class='ocrx_word' id='word_1_1135' title='bbox 1250 1730 1269 1744; x_wconf 90' lang='lat'>1.</span> <span class='ocrx_word' id='word_1_1136' title='bbox 1279 1729 1299 1747; x_wconf 88' lang='lat'>3.</span> <span class='ocrx_word' id='word_1_1137' title='bbox 1311 1729 1347 1749; x_wconf 87' lang='lat'>17.</span> <span class='ocrx_word' id='word_1_1138' title='bbox 1362 1721 1398 1744; x_wconf 89' lang='lat' dir='ltr'>his</span> <span class='ocrx_word' id='word_1_1139' title='bbox 1411 1721 1496 1745; x_wconf 87' lang='lat' dir='ltr'>verbis.</span> <span class='ocrx_word' id='word_1_1140' title='bbox 1514 1723 1567 1743; x_wconf 78' lang='lat' dir='ltr'>Cum</span> <span class='ocrx_word' id='word_1_1141' title='bbox 1575 1722 1599 1743; x_wconf 79' lang='lat' dir='ltr'>de</span> <span class='ocrx_word' id='word_1_1142' title='bbox 1606 1722 1650 1751; x_wconf 79' lang='lat' dir='ltr'>lege</span> <span class='ocrx_word' id='word_1_1143' title='bbox 1659 1722 1754 1743; x_wconf 70' lang='lat' dir='ltr'>falcidia</span> <span class='ocrx_word' id='word_1_1144' title='bbox 1761 1723 1880 1752; x_wconf 59' lang='lat' dir='ltr'>quaritur,</span> <span class='ocrx_word' id='word_1_1145' title='bbox 1894 1724 1972 1746; x_wconf 71' lang='lat' dir='ltr'>heredis</span> 
     </span>
     <span class='ocr_line' id='line_1_122' title="bbox 1195 1752 1971 1785; baseline 0.003 -11"><span class='ocrx_word' id='word_1_1146' title='bbox 1195 1753 1291 1785; x_wconf 68' lang='lat' dir='ltr'>probarint</span> <span class='ocrx_word' id='word_1_1147' title='bbox 1299 1753 1327 1782; x_wconf 80' lang='lat' dir='ltr'>cst</span> <span class='ocrx_word' id='word_1_1148' title='bbox 1334 1769 1340 1779; x_wconf 94' lang='lat'>,</span> <span class='ocrx_word' id='word_1_1149' title='bbox 1348 1754 1416 1775; x_wconf 78' lang='lat' dir='ltr'>locum</span> <span class='ocrx_word' id='word_1_1150' title='bbox 1425 1752 1500 1775; x_wconf 69' lang='lat' dir='ltr'>habere</span> <span class='ocrx_word' id='word_1_1151' title='bbox 1506 1754 1572 1782; x_wconf 75' lang='lat' dir='ltr'>Iegem</span> <span class='ocrx_word' id='word_1_1152' title='bbox 1580 1753 1707 1775; x_wconf 78' lang='lat' dir='ltr'>Falcidiam.</span> <span class='ocrx_word' id='word_1_1153' title='bbox 1715 1754 1773 1783; x_wconf 73' lang='lat' dir='ltr'>quod</span> <span class='ocrx_word' id='word_1_1154' title='bbox 1779 1753 1830 1774; x_wconf 82' lang='lat' dir='ltr'>dum</span> <span class='ocrx_word' id='word_1_1155' title='bbox 1835 1753 1923 1785; x_wconf 73' lang='lat' dir='ltr'>probare</span> <span class='ocrx_word' id='word_1_1156' title='bbox 1930 1763 1971 1776; x_wconf 79' lang='lat' dir='ltr'>nan</span> 
     </span>
     <span class='ocr_line' id='line_1_123' title="bbox 1195 1783 1970 1817; baseline 0.004 -11"><span class='ocrx_word' id='word_1_1157' title='bbox 1195 1785 1263 1816; x_wconf 80' lang='lat' dir='ltr'>potest</span> <span class='ocrx_word' id='word_1_1158' title='bbox 1270 1801 1277 1810; x_wconf 84' lang='grc'>,</span> <span class='ocrx_word' id='word_1_1159' title='bbox 1285 1785 1361 1806; x_wconf 75' lang='lat' dir='ltr'>merita</span> <span class='ocrx_word' id='word_1_1160' title='bbox 1368 1783 1549 1806; x_wconf 58' lang='lat' dir='ltr'>‹maienmabitun</span> <span class='ocrx_word' id='word_1_1161' title='bbox 1566 1785 1592 1805; x_wconf 89' lang='lat' dir='ltr'>ln</span> <span class='ocrx_word' id='word_1_1162' title='bbox 1600 1783 1667 1813; x_wconf 66' lang='lat' dir='ltr'>Juniss</span> <span class='ocrx_word' id='word_1_1163' title='bbox 1674 1784 1759 1811; x_wconf 75' lang='lat' dir='ltr'>Velleia</span> <span class='ocrx_word' id='word_1_1164' title='bbox 1767 1783 1811 1807; x_wconf 86' lang='lat' dir='ltr'>hoc</span> <span class='ocrx_word' id='word_1_1165' title='bbox 1818 1791 1864 1807; x_wconf 77' lang='lat' dir='ltr'>erat</span> <span class='ocrx_word' id='word_1_1166' title='bbox 1872 1801 1878 1811; x_wconf 82' lang='lat'>‚</span> <span class='ocrx_word' id='word_1_1167' title='bbox 1887 1791 1919 1811; x_wconf 79' lang='lat' dir='ltr'>ut,</span> <span class='ocrx_word' id='word_1_1168' title='bbox 1927 1787 1970 1817; x_wconf 76' lang='lat' dir='ltr'>qui</span> 
     </span>
     <span class='ocr_line' id='line_1_124' title="bbox 1197 1813 1972 1840; baseline 0.001 -2"><span class='ocrx_word' id='word_1_1169' title='bbox 1197 1815 1359 1838; x_wconf 80' lang='lat' dir='ltr'>testamentum</span> <span class='ocrx_word' id='word_1_1170' title='bbox 1366 1814 1459 1840; x_wconf 83' lang='lat' dir='ltr'>faceret,</span> <span class='ocrx_word' id='word_1_1171' title='bbox 1475 1821 1559 1837; x_wconf 87' lang='lat' dir='ltr'>omnes</span> <span class='ocrx_word' id='word_1_1172' title='bbox 1565 1821 1605 1836; x_wconf 84' lang='lat' dir='ltr'>eos</span> <span class='ocrx_word' id='word_1_1173' title='bbox 1612 1814 1687 1837; x_wconf 80' lang='lat' dir='ltr'>virilis</span> <span class='ocrx_word' id='word_1_1174' title='bbox 1699 1813 1764 1838; x_wconf 75' lang='lat' dir='ltr'>sexus</span> <span class='ocrx_word' id='word_1_1175' title='bbox 1777 1814 1899 1839; x_wconf 76' lang='lat' dir='ltr'>neceffario</span> <span class='ocrx_word' id='word_1_1176' title='bbox 1906 1816 1972 1840; x_wconf 80' lang='lat' dir='ltr'>insti-</span> 
     </span>
     <span class='ocr_line' id='line_1_125' title="bbox 1199 1844 1971 1877; baseline 0.001 -7"><span class='ocrx_word' id='word_1_1177' title='bbox 1199 1853 1272 1870; x_wconf 87' lang='lat' dir='ltr'>tuerer</span> <span class='ocrx_word' id='word_1_1178' title='bbox 1278 1845 1386 1869; x_wconf 83' lang='lat' dir='ltr'>heredes:</span> <span class='ocrx_word' id='word_1_1179' title='bbox 1395 1846 1436 1877; x_wconf 82' lang='lat' dir='ltr'>qui</span> <span class='ocrx_word' id='word_1_1180' title='bbox 1443 1862 1450 1872; x_wconf 78' lang='lat'><strong>‚</strong></span> <span class='ocrx_word' id='word_1_1181' title='bbox 1460 1853 1514 1868; x_wconf 89' lang='lat' dir='ltr'>cum</span> <span class='ocrx_word' id='word_1_1182' title='bbox 1522 1844 1665 1868; x_wconf 85' lang='lat' dir='ltr'>nascerentur</span> <span class='ocrx_word' id='word_1_1183' title='bbox 1672 1861 1678 1871; x_wconf 92' lang='lat'><strong><em>‚</em></strong></span> <span class='ocrx_word' id='word_1_1184' title='bbox 1686 1845 1708 1868; x_wconf 91' lang='lat' dir='ltr'>ei</span> <span class='ocrx_word' id='word_1_1185' title='bbox 1716 1845 1810 1869; x_wconf 85' lang='lat' dir='ltr'>heredes</span> <span class='ocrx_word' id='word_1_1186' title='bbox 1817 1846 1850 1870; x_wconf 90' lang='lat' dir='ltr'>sui</span> <span class='ocrx_word' id='word_1_1187' title='bbox 1857 1846 1929 1870; x_wconf 90' lang='lat' dir='ltr'>futuri</span> <span class='ocrx_word' id='word_1_1188' title='bbox 1937 1848 1971 1871; x_wconf 87' lang='lat' dir='ltr'>es-</span> 
     </span>
     <span class='ocr_line' id='line_1_126' title="bbox 1199 1875 1972 1908; baseline 0.001 -6"><span class='ocrx_word' id='word_1_1189' title='bbox 1199 1878 1249 1902; x_wconf 87' lang='lat' dir='ltr'>sent</span> <span class='ocrx_word' id='word_1_1190' title='bbox 1256 1895 1262 1905; x_wconf 78' lang='lat'>,</span> <span class='ocrx_word' id='word_1_1191' title='bbox 1271 1884 1402 1908; x_wconf 84' lang='lat' dir='ltr'>eorumque</span> <span class='ocrx_word' id='word_1_1192' title='bbox 1409 1877 1433 1900; x_wconf 91' lang='lat' dir='ltr'>in</span> <span class='ocrx_word' id='word_1_1193' title='bbox 1441 1877 1520 1900; x_wconf 86' lang='lat' dir='ltr'>locum</span> <span class='ocrx_word' id='word_1_1194' title='bbox 1527 1875 1760 1900; x_wconf 85' lang='lat' dir='ltr'>liberisuccederent:</span> <span class='ocrx_word' id='word_1_1195' title='bbox 1774 1878 1815 1908; x_wconf 81' lang='lat' dir='ltr'>qui</span> <span class='ocrx_word' id='word_1_1196' title='bbox 1823 1877 1864 1902; x_wconf 79' lang='lat' dir='ltr'>nili</span> <span class='ocrx_word' id='word_1_1197' title='bbox 1872 1879 1972 1904; x_wconf 84' lang='lat' dir='ltr'>instituti</span> 
     </span>
     <span class='ocr_line' id='line_1_127' title="bbox 1200 1908 1972 1939; baseline 0.001 -6"><span class='ocrx_word' id='word_1_1198' title='bbox 1200 1909 1279 1937; x_wconf 69' lang='lat' dir='ltr'>essem,</span> <span class='ocrx_word' id='word_1_1199' title='bbox 1287 1916 1324 1932; x_wconf 91' lang='lat' dir='ltr'>aut</span> <span class='ocrx_word' id='word_1_1200' title='bbox 1331 1909 1346 1932; x_wconf 84' lang='lat' dir='ltr'>fi</span> <span class='ocrx_word' id='word_1_1201' title='bbox 1353 1909 1498 1935; x_wconf 81' lang='lat' dir='ltr'>exheredati,</span> <span class='ocrx_word' id='word_1_1202' title='bbox 1506 1908 1534 1931; x_wconf 87' lang='lat' dir='ltr'>ad</span> <span class='ocrx_word' id='word_1_1203' title='bbox 1540 1908 1676 1938; x_wconf 82' lang='lat' dir='ltr'>exemplum</span> <span class='ocrx_word' id='word_1_1204' title='bbox 1684 1908 1862 1938; x_wconf 72' lang='lat' dir='ltr'>poilbumorum</span> <span class='ocrx_word' id='word_1_1205' title='bbox 1871 1926 1877 1937; x_wconf 84' lang='lat'>‚</span> <span class='ocrx_word' id='word_1_1206' title='bbox 1886 1910 1957 1934; x_wconf 77' lang='lat' dir='ltr'>essent</span> <span class='ocrx_word' id='word_1_1207' title='bbox 1963 1929 1972 1939; x_wconf 89' lang='lat'>,</span> 
     </span>
     <span class='ocr_line' id='line_1_128' title="bbox 1202 1940 1972 1972; baseline 0 -7"><span class='ocrx_word' id='word_1_1208' title='bbox 1202 1941 1366 1966; x_wconf 83' lang='lat' dir='ltr'>testamentum</span> <span class='ocrx_word' id='word_1_1209' title='bbox 1377 1941 1504 1964; x_wconf 71' lang='lat' dir='ltr'>nevaieret.</span> <span class='ocrx_word' id='word_1_1210' title='bbox 1517 1946 1585 1972; x_wconf 85' lang='lat' dir='ltr'>atque</span> <span class='ocrx_word' id='word_1_1211' title='bbox 1598 1940 1728 1971; x_wconf 81' lang='lat' dir='ltr'>inhaclege</span> <span class='ocrx_word' id='word_1_1212' title='bbox 1740 1941 1826 1972; x_wconf 79' lang='lat' dir='ltr'>duplex</span> <span class='ocrx_word' id='word_1_1213' title='bbox 1839 1941 1972 1972; x_wconf 88' lang='lat' dir='ltr'>caputfuit,</span> 
     </span>
     <span class='ocr_line' id='line_1_129' title="bbox 1205 1972 1975 2005; baseline 0.001 -8"><span class='ocrx_word' id='word_1_1214' title='bbox 1205 1974 1317 2005; x_wconf 76' lang='lat' dir='ltr'>primum,</span> <span class='ocrx_word' id='word_1_1215' title='bbox 1325 1979 1359 1999; x_wconf 85' lang='lat' dir='ltr'>ut,</span> <span class='ocrx_word' id='word_1_1216' title='bbox 1365 1978 1462 1997; x_wconf 87' lang='lat' dir='ltr'>mortuo</span> <span class='ocrx_word' id='word_1_1217' title='bbox 1468 1972 1520 1995; x_wconf 86' lang='lat' dir='ltr'>filio</span> <span class='ocrx_word' id='word_1_1218' title='bbox 1528 1988 1535 1999; x_wconf 85' lang='lat'>‚</span> <span class='ocrx_word' id='word_1_1219' title='bbox 1548 1978 1645 2003; x_wconf 86' lang='lat' dir='ltr'>nepotes</span> <span class='ocrx_word' id='word_1_1220' title='bbox 1652 1972 1758 1996; x_wconf 84' lang='lat' dir='ltr'>nondum</span> <span class='ocrx_word' id='word_1_1221' title='bbox 1766 1974 1811 1996; x_wconf 80' lang='lat' dir='ltr'>nati</span> <span class='ocrx_word' id='word_1_1222' title='bbox 1819 1973 1903 2003; x_wconf 76' lang='lat' dir='ltr'>pollint</span> <span class='ocrx_word' id='word_1_1223' title='bbox 1910 1973 1975 1998; x_wconf 80' lang='lat' dir='ltr'>insti-</span> 
     </span>
     <span class='ocr_line' id='line_1_130' title="bbox 1207 2003 1973 2035; baseline 0 -6"><span class='ocrx_word' id='word_1_1224' title='bbox 1207 2006 1240 2030; x_wconf 87' lang='lat' dir='ltr'>tui</span> <span class='ocrx_word' id='word_1_1225' title='bbox 1249 2014 1254 2028; x_wconf 91' lang='lat'>:</span> <span class='ocrx_word' id='word_1_1226' title='bbox 1263 2006 1329 2032; x_wconf 84' lang='lat' dir='ltr'>item,</span> <span class='ocrx_word' id='word_1_1227' title='bbox 1340 2011 1365 2028; x_wconf 84' lang='lat' dir='ltr'>ut</span> <span class='ocrx_word' id='word_1_1228' title='bbox 1373 2022 1379 2031; x_wconf 92' lang='lat'>,</span> <span class='ocrx_word' id='word_1_1229' title='bbox 1387 2003 1552 2031; x_wconf 68' lang='lat' dir='ltr'>viventemin,</span> <span class='ocrx_word' id='word_1_1230' title='bbox 1561 2003 1770 2035; x_wconf 71' lang='lat' dir='ltr'>nasciturinepotes</span> <span class='ocrx_word' id='word_1_1231' title='bbox 1777 2004 1862 2035; x_wconf 83' lang='lat' dir='ltr'>possint</span> <span class='ocrx_word' id='word_1_1232' title='bbox 1869 2005 1958 2029; x_wconf 89' lang='lat' dir='ltr'>institui</span> <span class='ocrx_word' id='word_1_1233' title='bbox 1965 2022 1973 2034; x_wconf 87' lang='lat'>‚</span> 
     </span>
     <span class='ocr_line' id='line_1_131' title="bbox 1207 2034 1974 2065; baseline 0 -4"><span class='ocrx_word' id='word_1_1234' title='bbox 1207 2037 1221 2061; x_wconf 82' lang='lat' dir='ltr'>fi</span> <span class='ocrx_word' id='word_1_1235' title='bbox 1228 2055 1234 2065; x_wconf 84' lang='lat'>‚</span> <span class='ocrx_word' id='word_1_1236' title='bbox 1246 2044 1288 2060; x_wconf 89' lang='lat' dir='ltr'>avo</span> <span class='ocrx_word' id='word_1_1237' title='bbox 1294 2037 1402 2063; x_wconf 86' lang='lat' dir='ltr'>vivente,</span> <span class='ocrx_word' id='word_1_1238' title='bbox 1411 2037 1435 2059; x_wconf 71' lang='grc' dir='ltr'>δι</span> <span class='ocrx_word' id='word_1_1239' title='bbox 1443 2042 1539 2060; x_wconf 86' lang='lat' dir='ltr'>mortuo</span> <span class='ocrx_word' id='word_1_1240' title='bbox 1546 2035 1597 2058; x_wconf 85' lang='lat' dir='ltr'>filio</span> <span class='ocrx_word' id='word_1_1241' title='bbox 1606 2051 1612 2062; x_wconf 84' lang='lat'>‚</span> <span class='ocrx_word' id='word_1_1242' title='bbox 1620 2034 1750 2059; x_wconf 83' lang='lat' dir='ltr'>nascantur:</span> <span class='ocrx_word' id='word_1_1243' title='bbox 1762 2036 1852 2060; x_wconf 65' lang='lat' dir='ltr'>nefasti</span> <span class='ocrx_word' id='word_1_1244' title='bbox 1860 2036 1893 2060; x_wconf 82' lang='lat' dir='ltr'>sui</span> <span class='ocrx_word' id='word_1_1245' title='bbox 1900 2053 1906 2063; x_wconf 88' lang='lat'>,</span> <span class='ocrx_word' id='word_1_1246' title='bbox 1917 2044 1974 2061; x_wconf 89' lang='lat' dir='ltr'>eum</span> 
     </span>
     <span class='ocr_line' id='line_1_132' title="bbox 1206 2067 1974 2098; baseline 0 -5"><span class='ocrx_word' id='word_1_1247' title='bbox 1206 2068 1333 2096; x_wconf 81' lang='lat' dir='ltr'>nascentur,</span> <span class='ocrx_word' id='word_1_1248' title='bbox 1343 2068 1359 2091; x_wconf 81' lang='lat' dir='ltr'>fi</span> <span class='ocrx_word' id='word_1_1249' title='bbox 1367 2067 1389 2091; x_wconf 88' lang='lat' dir='ltr'>se</span> <span class='ocrx_word' id='word_1_1250' title='bbox 1395 2067 1673 2098; x_wconf 80' lang='lat' dir='ltr'>praeteritosinveneriut,</span> <span class='ocrx_word' id='word_1_1251' title='bbox 1688 2067 1974 2098; x_wconf 79' lang='lat' dir='ltr'>rumpanttestamentum.</span> 
     </span>
    </p>
   </div>
   <div class='ocr_carea' id='block_1_9' title="bbox 1207 2098 2012 2131">
    <p class='ocr_par' dir='ltr' id='par_1_9' title="bbox 1207 2098 2012 2131">
     <span class='ocr_line' id='line_1_133' title="bbox 1207 2098 2012 2131; baseline -0.002 -7"><span class='ocrx_word' id='word_1_1252' title='bbox 1207 2102 1278 2124; x_wconf 85' lang='lat' dir='ltr'>altero</span> <span class='ocrx_word' id='word_1_1253' title='bbox 1285 2101 1358 2131; x_wconf 83' lang='lat' dir='ltr'>capite</span> <span class='ocrx_word' id='word_1_1254' title='bbox 1364 2106 1456 2123; x_wconf 85' lang='lat' dir='ltr'>cautum</span> <span class='ocrx_word' id='word_1_1255' title='bbox 1464 2098 1503 2125; x_wconf 85' lang='lat' dir='ltr'>cst,</span> <span class='ocrx_word' id='word_1_1256' title='bbox 1511 2104 1536 2121; x_wconf 86' lang='lat' dir='ltr'>ut</span> <span class='ocrx_word' id='word_1_1257' title='bbox 1546 2105 1652 2130; x_wconf 81' lang='lat' dir='ltr'>nepotes,</span> <span class='ocrx_word' id='word_1_1258' title='bbox 1659 2098 1704 2126; x_wconf 69' lang='lat' dir='ltr'>jam</span> <span class='ocrx_word' id='word_1_1259' title='bbox 1712 2100 1767 2125; x_wconf 80' lang='lat' dir='ltr'>nati,</span> <span class='ocrx_word' id='word_1_1260' title='bbox 1774 2100 1867 2123; x_wconf 89' lang='lat' dir='ltr'>vivente</span> <span class='ocrx_word' id='word_1_1261' title='bbox 1872 2100 1924 2124; x_wconf 85' lang='lat' dir='ltr'>filio</span> <span class='ocrx_word' id='word_1_1262' title='bbox 1932 2117 1938 2127; x_wconf 89' lang='lat'>‚</span> <span class='ocrx_word' id='word_1_1263' title='bbox 1946 2100 1974 2124; x_wconf 85' lang='lat' dir='ltr'>ab</span> <span class='ocrx_word' id='word_1_1264' title='bbox 2006 2119 2012 2122; x_wconf 60' lang='grc'>,</span> 
     </span>
    </p>
   </div>
   <div class='ocr_carea' id='block_1_10' title="bbox 1204 2130 1990 2406">
    <p class='ocr_par' dir='ltr' id='par_1_10' title="bbox 1204 2130 1990 2406">
     <span class='ocr_line' id='line_1_134' title="bbox 1205 2130 1976 2159; baseline -0.001 -3"><span class='ocrx_word' id='word_1_1265' title='bbox 1205 2140 1247 2156; x_wconf 84' lang='lat' dir='ltr'>avo</span> <span class='ocrx_word' id='word_1_1266' title='bbox 1255 2132 1348 2156; x_wconf 89' lang='lat' dir='ltr'>heredes</span> <span class='ocrx_word' id='word_1_1267' title='bbox 1356 2131 1509 2157; x_wconf 82' lang='lat' dir='ltr'>instituantur,</span> <span class='ocrx_word' id='word_1_1268' title='bbox 1516 2132 1551 2153; x_wconf 84' lang='lat' dir='ltr'>vel</span> <span class='ocrx_word' id='word_1_1269' title='bbox 1559 2130 1701 2154; x_wconf 85' lang='lat' dir='ltr'>nominatim</span> <span class='ocrx_word' id='word_1_1270' title='bbox 1707 2130 1883 2159; x_wconf 75' lang='lat' dir='ltr'>exheredenrur,</span> <span class='ocrx_word' id='word_1_1271' title='bbox 1891 2139 1920 2155; x_wconf 91' lang='lat' dir='ltr'>ne</span> <span class='ocrx_word' id='word_1_1272' title='bbox 1925 2131 1976 2156; x_wconf 86' lang='lat' dir='ltr'>for-</span> 
     </span>
     <span class='ocr_line' id='line_1_135' title="bbox 1205 2160 1975 2195; baseline 0 -7"><span class='ocrx_word' id='word_1_1273' title='bbox 1205 2172 1236 2192; x_wconf 83' lang='lat' dir='ltr'>te,</span> <span class='ocrx_word' id='word_1_1274' title='bbox 1246 2170 1341 2188; x_wconf 80' lang='lat' dir='ltr'>mortuo</span> <span class='ocrx_word' id='word_1_1275' title='bbox 1349 2162 1568 2195; x_wconf 82' lang='lat' dir='ltr'>posttessamentum</span> <span class='ocrx_word' id='word_1_1276' title='bbox 1580 2162 1640 2189; x_wconf 86' lang='lat' dir='ltr'>filio,</span> <span class='ocrx_word' id='word_1_1277' title='bbox 1647 2161 1699 2185; x_wconf 64' lang='lat' dir='ltr'>faeti</span> <span class='ocrx_word' id='word_1_1278' title='bbox 1709 2160 1742 2186; x_wconf 90' lang='lat' dir='ltr'>sui</span> <span class='ocrx_word' id='word_1_1279' title='bbox 1750 2163 1886 2190; x_wconf 81' lang='lat' dir='ltr'>heredes‚ad</span> <span class='ocrx_word' id='word_1_1280' title='bbox 1894 2171 1975 2188; x_wconf 76' lang='lat' dir='ltr'>exem-</span> 
     </span>
     <span class='ocr_line' id='line_1_136' title="bbox 1205 2193 1974 2228; baseline -0.001 -8"><span class='ocrx_word' id='word_1_1281' title='bbox 1205 2197 1272 2228; x_wconf 88' lang='lat' dir='ltr'>plum</span> <span class='ocrx_word' id='word_1_1282' title='bbox 1279 2195 1459 2227; x_wconf 79' lang='lat' dir='ltr'>posthumorum</span> <span class='ocrx_word' id='word_1_1283' title='bbox 1467 2193 1629 2217; x_wconf 80' lang='lat' dir='ltr'>testamentum</span> <span class='ocrx_word' id='word_1_1284' title='bbox 1636 2194 1764 2218; x_wconf 85' lang='lat' dir='ltr'>infirment.</span> <span class='ocrx_word' id='word_1_1285' title='bbox 1778 2202 1828 2226; x_wconf 81' lang='lat' dir='ltr'>qua:</span> <span class='ocrx_word' id='word_1_1286' title='bbox 1835 2195 1914 2219; x_wconf 83' lang='lat' dir='ltr'>tradita</span> <span class='ocrx_word' id='word_1_1287' title='bbox 1921 2197 1974 2220; x_wconf 83' lang='lat' dir='ltr'>lunt</span> 
     </span>
     <span class='ocr_line' id='line_1_137' title="bbox 1206 2224 1975 2257; baseline -0.003 -5"><span class='ocrx_word' id='word_1_1288' title='bbox 1206 2230 1231 2252; x_wconf 92' lang='lat' dir='ltr'>in</span> <span class='ocrx_word' id='word_1_1289' title='bbox 1243 2226 1460 2257; x_wconf 87' lang='lat' dir='ltr'>iurisconsultorum</span> <span class='ocrx_word' id='word_1_1290' title='bbox 1472 2224 1546 2250; x_wconf 85' lang='lat' dir='ltr'>libris.</span> <span class='ocrx_word' id='word_1_1291' title='bbox 1563 2226 1674 2249; x_wconf 86' lang='lat' dir='ltr'>Cornelia</span> <span class='ocrx_word' id='word_1_1292' title='bbox 1680 2225 1762 2249; x_wconf 80' lang='lat' dir='ltr'>falsum</span> <span class='ocrx_word' id='word_1_1293' title='bbox 1774 2226 1936 2250; x_wconf 82' lang='lat' dir='ltr'>testamentum</span> <span class='ocrx_word' id='word_1_1294' title='bbox 1943 2225 1975 2250; x_wconf 89' lang='lat' dir='ltr'>fa-</span> 
     </span>
     <span class='ocr_line' id='line_1_138' title="bbox 1204 2256 1990 2291; baseline -0.003 -7"><span class='ocrx_word' id='word_1_1295' title='bbox 1204 2259 1319 2284; x_wconf 84' lang='lat' dir='ltr'>cientibus</span> <span class='ocrx_word' id='word_1_1296' title='bbox 1326 2266 1420 2291; x_wconf 78' lang='lat' dir='ltr'>poenam</span> <span class='ocrx_word' id='word_1_1297' title='bbox 1428 2257 1541 2289; x_wconf 82' lang='lat' dir='ltr'>irrogabat</span> <span class='ocrx_word' id='word_1_1298' title='bbox 1547 2275 1554 2285; x_wconf 80' lang='lat'>,</span> <span class='ocrx_word' id='word_1_1299' title='bbox 1560 2264 1632 2289; x_wconf 84' lang='lat' dir='ltr'>eaque</span> <span class='ocrx_word' id='word_1_1300' title='bbox 1639 2258 1689 2289; x_wconf 85' lang='lat' dir='ltr'>lege</span> <span class='ocrx_word' id='word_1_1301' title='bbox 1695 2256 1809 2282; x_wconf 79' lang='lat' dir='ltr'>senatores</span> <span class='ocrx_word' id='word_1_1302' title='bbox 1815 2257 1859 2282; x_wconf 91' lang='lat' dir='ltr'>soli</span> <span class='ocrx_word' id='word_1_1303' title='bbox 1866 2258 1976 2282; x_wconf 80' lang='lat' dir='ltr'>teneban—</span> <span class='ocrx_word' id='word_1_1304' title='bbox 1987 2275 1990 2279; x_wconf 76' lang='grc'><em>.</em></span> 
     </span>
     <span class='ocr_line' id='line_1_139' title="bbox 1204 2289 1972 2321; baseline -0.007 -5"><span class='ocrx_word' id='word_1_1305' title='bbox 1204 2299 1250 2318; x_wconf 86' lang='lat' dir='ltr'>tur,</span> <span class='ocrx_word' id='word_1_1306' title='bbox 1258 2298 1282 2315; x_wconf 89' lang='lat' dir='ltr'>ut</span> <span class='ocrx_word' id='word_1_1307' title='bbox 1290 2292 1314 2316; x_wconf 90' lang='lat' dir='ltr'>in</span> <span class='ocrx_word' id='word_1_1308' title='bbox 1321 2291 1433 2315; x_wconf 89' lang='lat' dir='ltr'>Suetonio</span> <span class='ocrx_word' id='word_1_1309' title='bbox 1441 2290 1542 2321; x_wconf 86' lang='lat' dir='ltr'>legimus</span> <span class='ocrx_word' id='word_1_1310' title='bbox 1550 2292 1610 2321; x_wconf 83' lang='lat' dir='ltr'>Aug.</span> <span class='ocrx_word' id='word_1_1311' title='bbox 1619 2297 1655 2316; x_wconf 81' lang='lat'>33.</span> <span class='ocrx_word' id='word_1_1312' title='bbox 1666 2289 1736 2315; x_wconf 75' lang='grc' dir='ltr'>3.ῃίῐί</span> <span class='ocrx_word' id='word_1_1313' title='bbox 1745 2289 1761 2313; x_wconf 81' lang='lat' dir='ltr'>fi</span> <span class='ocrx_word' id='word_1_1314' title='bbox 1769 2308 1775 2317; x_wconf 91' lang='lat'><em>,</em></span> <span class='ocrx_word' id='word_1_1315' title='bbox 1789 2297 1838 2314; x_wconf 85' lang='lat' dir='ltr'>non</span> <span class='ocrx_word' id='word_1_1316' title='bbox 1856 2291 1972 2317; x_wconf 72' lang='lat' dir='ltr'>Senatores,</span> 
     </span>
     <span class='ocr_line' id='line_1_140' title="bbox 1205 2321 1972 2354; baseline -0.007 -7"><span class='ocrx_word' id='word_1_1317' title='bbox 1205 2323 1244 2347; x_wconf 88' lang='lat' dir='ltr'>sed</span> <span class='ocrx_word' id='word_1_1318' title='bbox 1252 2324 1371 2354; x_wconf 73' lang='lat' dir='ltr'>signatores</span> <span class='ocrx_word' id='word_1_1319' title='bbox 1377 2339 1385 2351; x_wconf 89' lang='lat'><em>,</em></span> <span class='ocrx_word' id='word_1_1320' title='bbox 1391 2322 1459 2353; x_wconf 86' lang='lat' dir='ltr'>legas.</span> <span class='ocrx_word' id='word_1_1321' title='bbox 1473 2321 1538 2353; x_wconf 87' lang='lat' dir='ltr'>quod</span> <span class='ocrx_word' id='word_1_1322' title='bbox 1546 2323 1619 2352; x_wconf 77' lang='lat' dir='ltr'>siquis</span> <span class='ocrx_word' id='word_1_1323' title='bbox 1625 2323 1647 2344; x_wconf 85' lang='lat' dir='ltr'>in</span> <span class='ocrx_word' id='word_1_1324' title='bbox 1654 2321 1848 2353; x_wconf 74' lang='lat' dir='ltr'>hostiumpotcssate</span> <span class='ocrx_word' id='word_1_1325' title='bbox 1853 2321 1957 2350; x_wconf 71' lang='lat' dir='ltr'>deceſjffir</span> <span class='ocrx_word' id='word_1_1326' title='bbox 1966 2337 1972 2348; x_wconf 82' lang='lat'>‚</span> 
     </span>
     <span class='ocr_line' id='line_1_141' title="bbox 1204 2352 1976 2389; baseline -0.004 -9"><span class='ocrx_word' id='word_1_1327' title='bbox 1204 2357 1252 2389; x_wconf 60' lang='lat' dir='ltr'>{jus</span> <span class='ocrx_word' id='word_1_1328' title='bbox 1258 2355 1407 2386; x_wconf 81' lang='lat' dir='ltr'>testamentum</span> <span class='ocrx_word' id='word_1_1329' title='bbox 1410 2354 1496 2386; x_wconf 77' lang='lat' dir='ltr'>perinde</span> <span class='ocrx_word' id='word_1_1330' title='bbox 1504 2355 1541 2378; x_wconf 80' lang='lat' dir='ltr'>lex</span> <span class='ocrx_word' id='word_1_1331' title='bbox 1549 2352 1644 2379; x_wconf 78' lang='lat' dir='ltr'>Cornelia</span> <span class='ocrx_word' id='word_1_1332' title='bbox 1649 2352 1794 2384; x_wconf 66' lang='lat' dir='ltr'>corfirmabat,</span> <span class='ocrx_word' id='word_1_1333' title='bbox 1804 2354 1859 2386; x_wconf 77' lang='lat' dir='ltr'>acfi,</span> <span class='ocrx_word' id='word_1_1334' title='bbox 1866 2354 1906 2383; x_wconf 73' lang='lat' dir='ltr'>qui</span> <span class='ocrx_word' id='word_1_1335' title='bbox 1912 2352 1976 2380; x_wconf 72' lang='lat' dir='ltr'>refla-</span> 
     </span>
     <span class='ocr_line' id='line_1_142' title="bbox 1875 2389 1974 2406; baseline -0.01 0"><span class='ocrx_word' id='word_1_1336' title='bbox 1875 2389 1974 2406; x_wconf 68' lang='lat' dir='ltr'>mcnlum</span> 
     </span>
    </p>
   </div>
   <div class='ocr_carea' id='block_1_11' title="bbox 2019 0 2075 2734">
    <p class='ocr_par' dir='ltr' id='par_1_11' title="bbox 2019 0 2075 2734">
     <span class='ocr_line' id='line_1_143' title="bbox 2019 0 2075 2734; baseline 0 0"><span class='ocrx_word' id='word_1_1337' title='bbox 2019 0 2075 2734; x_wconf 95' lang='lat' dir='ltr'> </span> 
     </span>
    </p>
   </div>
  </div>
 </body>
</html>
