2075 2734
364 150 403 173 die
421 147 446 170 in
463 142 582 175 posterum
599 142 677 167 haberi
694 147 743 166 non
765 139 841 165 licuit.
875 139 1013 166 suetonius,
1031 139 1055 162 ἃ
1073 139 1130 161 Dio.

462 175 563 199 lbidem.

395 207 560 235 senatoribus.
578 206 621 237 qui
640 206 665 229 in
686 203 791 228 senatum
810 202 885 226 vocati
899 209 948 225 non
961 200 1087 228 venissent,
1109 201 1141 232 pi-

366 250 439 276 gnora
456 240 538 263 auferri
555 237 667 262 solebant.
682 236 759 261 infra:
783 235 850 267 Qid
863 236 889 264 est
906 236 967 258 ultra
982 241 1058 265 pignus
1071 250 1078 261 ,
1102 240 1143 255 aut

367 275 473 299 mulctam
482 277 493 295 ?

465 303 565 333 Philipp.
576 309 596 327 3.

400 340 421 362 S.
435 339 464 360 C.
483 335 498 358 ii
519 333 660 364 vespertina,
679 339 728 355 non
741 330 856 363 praeclara,
873 328 911 353 sed
926 329 1014 359 turpia,
1030 329 1054 351 δι
1071 328 1141 351 irrita.

369 378 418 395 non
432 369 496 391 enim
510 365 560 396 post
575 365 657 387 horam
670 362 787 387 decimam
800 362 880 385 reterri
893 362 937 384 ulla
950 362 979 384 de
992 361 1097 383 relicuit.
1106 367 1142 382 au>

369 403 423 426 thor
443 402 525 422 Seneca
542 397 635 420 libror.
655 395 683 418 de
702 395 868 427 tranquillitate
885 394 950 419 vine,
966 400 1062 423 cap-14.
1082 394 1109 415 Et
1122 393 1143 413 S.

371 436 400 456 C.
419 432 456 455 vel
476 437 528 453 ante
547 435 626 452 ortum
640 426 709 455 solis,
727 429 763 451 vel
776 426 827 459 post
841 424 947 450 occasum
960 423 1062 452 fastum,
1079 424 1142 447 irrita

369 464 449 491 fuisse,
468 462 546 485 docet.

466 493 573 518 ibidem:

402 525 511 550 patebant
525 525 593 547 valvae
607 522 704 554 templi,
721 521 747 545 in
761 528 810 553 quo
823 519 912 545 senatus
924 518 1056 543 habebatur.

469 557 570 588 Philipp.
580 563 601 582 ς.

402 592 531 619 Nunquam
545 588 633 612 senatus
645 586 690 609 hoc
699 601 704 611 ‚
722 588 764 616 Ίρ
777 586 831 615 quid
841 584 894 616 resp.
907 582 1031 606 detrimenti
1040 580 1143 609 accipiat,

371 621 415 646 nist
433 620 583 646 difficillimis
601 619 658 649 reip.
671 616 818 648 temporibus
830 616 954 639 decernere
967 614 1048 637 solitus
1060 611 1104 635 est:
1122 610 1146 632 ὅ(

372 661 427 677 cum
446 653 582 677 decernebar
595 668 601 678 ,
619 650 740 673 summum
756 649 886 679 imperium
905 645 1049 670 Consulibus
1069 642 1148 667 dabat:

373 693 451 716 neque
465 686 584 709 decretum
598 683 642 706 boc
656 688 759 713 unquam
774 681 859 707 video,
877 679 935 711 quin
949 678 1024 701 statim
1037 676 1063 699 ad
1072 682 1147 700 arma,

374 724 397 741 ut
414 719 439 741 in
454 712 780 747 praesentireip.discrimine,
798 718 894 736 ventum
902 710 935 734 sit.
956 713 1082 734 Decretum
1090 706 1147 737 Opi-

373 753 426 773 mio
445 747 562 772 Consule:
580 746 759 778 quamprimum
777 745 805 766 C⁴
826 742 944 766 Gracchus
955 741 1061 766 tribunus
1074 738 1149 772 plebis

373 781 405 805 est
417 780 555 805 interfestus.
583 781 709 802 Decretum
722 777 840 799 Cicerone
853 773 966 798 Consule:
985 771 1147 804 comprehensi

373 814 454 840 illico,
472 813 496 836 ἃ
516 813 541 835 in
553 816 641 834 carcere
654 808 741 835 necati,
759 808 801 839 qui
814 813 894 830 contra
908 806 1003 838 patriam
1016 811 1071 828 cum
1085 803 1145 826 Cati-

374 846 421 869 lina
433 844 617 869 conjuraverant.
629 849 674 872 qua
688 847 711 863 re
723 839 862 870 exponenda
876 839 924 861 vini
936 838 985 867 ejus
997 838 1018 860 S.
1032 837 1062 859 C.
1076 835 1145 858 Sallu-

374 877 430 900 stius
448 875 549 899 ostendit
569 874 604 896 his
617 872 705 896 verbis:
725 874 791 894 Citero
805 880 851 893 rem
864 871 892 893 ad
900 871 1001 899 senarum
1015 869 1088 898 refert.
1105 872 1149 888 xta-

373 916 431 939 que,
448 908 505 938 quod
519 908 652 937 plerumque
668 913 688 926 m
702 904 768 925 atroci
780 903 859 933 negotio
867 902 936 931 filet,
949 899 1148 931 senarusdecrem't,

374 946 401 963 ut
419 941 495 962 darent
512 945 596 969 operam
616 937 726 965 Consules,
743 942 768 956 ne
787 936 842 965 qmd
853 934 905 965 resp.
918 934 1043 955 detrimenti
1055 935 1147 962 caperer.

377 972 408 993 ΞΔ.
418 970 505 999 potestas
516 977 552 999 per
558 969 661 997 senarum
672 975 729 988 more
742 968 842 996 ‘Romano
855 964 990 995 magistratui
998 963 1149 990 maximaper-

376 1004 490 1027 mittis-ur,
507 1006 626 1023 exercitum
643 1006 737 1029 parare,
755 998 831 1019 bellum
843 1004 929 1026 gerere,
945 996 1032 1017 coe'rtere
1050 991 1148 1014 omnibus

376 1036 444 1057 modii
458 1034 537 1062 sotios,
553 1038 621 1061 atque
639 1038 709 1055 aves,
727 1030 784 1050 darm
796 1029 926 1057 militiaque
938 1026 1064 1049 imperium,
1083 1029 1149 1053 atque

369 1066 484 1097 judwrum
493 1065 608 1094 summum
621 1060 707 1083 habere.
718 1061 783 1082 aliter
792 1060 836 1089 fine
847 1057 990 1089 popultjuffie
1003 1056 1060 1077 nullu
1072 1062 1147 1077 earum

375 1105 449 1119 rerum
469 1095 604 1125 Consulijur
617 1093 652 1121 est.
685 1094 812 1115 Decretum
825 1090 889 1113 idem
902 1089 934 1112 est
947 1091 974 1112 L..
989 1087 1103 1112 Lentulo,
1121 1088 1151 1109 C.

376 1127 489 1152 Marcello
508 1127 572 1149 Coss.
591 1132 653 1148 anno
666 1123 746 1154 primo
758 1122 815 1145 belli
828 1122 905 1145 civilis
918 1119 1067 1151 Pompeiani:
1086 1118 1151 1149 quod

377 1161 484 1191 queritur
502 1156 575 1181 Caesar
586 1156 649 1180 libro
665 1154 750 1178 t.bcll.
763 1155 826 1178 civil.
844 1154 977 1176 Decurritur
991 1167 997 1178 ‚
1014 1151 1107 1181 inquit,
1125 1150 1153 1172 ad

377 1193 437 1214 illud
454 1198 592 1215 extremum,
608 1195 675 1219 atque
694 1188 800 1209 ultimum
818 1185 841 1209 S.
854 1187 878 1208 C.
890 1192 944 1215 quo,
961 1183 1000 1212 nifi
1008 1189 1061 1215 pene
1074 1183 1095 1204 in
1108 1182 1150 1213 ipso

378 1223 446 1245 vrbis
463 1223 571 1247 incendio,
588 1227 655 1251 atque
667 1219 810 1250 desperatione
822 1225 919 1239 omnium
928 1216 1008 1245 salutis
1018 1231 1023 1240 ,
1041 1215 1152 1236 latronum

378 1255 469 1278 audacia
477 1270 483 1280 ,
500 1260 611 1280 nunquam
624 1257 687 1273 antea
698 1250 817 1280 ιίιψεηῖιιγη
829 1248 854 1277 est
863 1265 868 1274 ,
887 1250 947 1271 Dent
955 1253 1040 1278 operam
1049 1246 1154 1274 confides,

374 1292 488 1319 pretores,
506 1283 678 1314 tribuniplebis,
690 1282 772 1312 quique
780 1279 865 1313 procoffi
873 1282 924 1309 sunt
930 1280 957 1301 ad
964 1278 1046 1301 Urbem
1054 1294 1061 1305 ‚
1070 1278 1154 1308 nequid

379 1319 432 1350 resp.
444 1317 567 1339 detrimenti
578 1316 657 1345 capiar.

411 1379 485 1403 Primi
504 1378 627 1402 sententias
640 1377 665 1400 in
677 1375 755 1400 senatu
766 1373 779 1398 a
792 1373 899 1398 Consule
911 1372 1051 1405 rogabantur
1063 1370 1156 1396 consu-

379 1412 414 1436 les
431 1411 555 1442 designati:
574 1409 590 1433 fi
603 1409 680 1433 modo
693 1408 743 1439 post
756 1408 894 1431 eoniularia
907 1406 1005 1430 comitia
1018 1404 1107 1429 senatus
1119 1404 1146 1427 ha

378 1444 484 1468 beretur:
502 1442 534 1465 sin
547 1448 612 1468 ante,
630 1440 724 1471 rogabat
734 1437 823 1463 Consul
836 1438 944 1462 arbitratu
952 1436 1006 1464 suo,
1024 1444 1073 1461 non
1101 1443 1155 1460 uem

380 1476 450 1499 vellet
463 1481 490 1497 ex
505 1474 574 1497 omni
587 1472 719 1497 senatulum
731 1470 875 1502 frequentia,
893 1469 930 1493 sed
939 1469 1155 1499 quemvelletenu-

382 1514 450 1531 mero
467 1505 644 1529 Consularium.
661 1504 685 1526 ἃ
699 1503 799 1533 antiquae
811 1500 977 1525 consuetudini
993 1500 1100 1525 dabatur,
1117 1506 1157 1526 ut,

381 1545 455 1570 quem
467 1537 577 1560 ordinem
592 1534 752 1565 interrogandi
765 1533 889 1557 sententias
901 1532 989 1556 consul
1002 1530 1109 1555 Kalendis
1122 1531 1158 1560 Ja-

383 1570 468 1594 nuariis
482 1567 627 1594 instituisset,
644 1573 699 1589 eum
711 1572 762 1589 toto
776 1572 835 1588 anno
847 1563 1056 1594 conservaret.quo
1063 1563 1157 1588 ordine,

383 1601 455 1625 Catsat·
463 1618 468 1625 .
487 1600 594 1631 neglesto
602 1616 608 1625 ,
627 1599 732 1628 primum
745 1597 884 1627 Pompeium
893 1595 942 1625 post
950 1594 1085 1617 affinitatem
1093 1596 1155 1617 Con<

382 1631 416 1656 sul
437 1639 517 1663 rogate
536 1630 674 1654 sententiam
692 1629 778 1659 coepit,
796 1635 851 1650 curn
871 1633 934 1649 antea
953 1626 1060 1649 Crassum
1077 1625 1158 1648 solitus

384 1664 446 1688 esset.
481 1663 602 1692 Quoniam
621 1667 712 1686 autem,
730 1667 785 1682 cum
797 1658 908 1689 defignati
922 1656 1038 1681 Consules
1051 1656 1157 1682 fuissent,

386 1697 402 1720 ii
423 1695 562 1719 sententiam
580 1693 652 1725 primi
664 1690 814 1723 rogabantur:
834 1691 899 1713 venit
912 1690 935 1712 in
950 1695 1071 1715 mentem,
1088 1688 1159 1718 queri

385 1727 463 1759 posse,
481 1733 531 1750 uter
547 1733 576 1748 ex
589 1724 642 1756 ipsis
655 1723 777 1753 designatis
791 1722 855 1754 prior
872 1728 999 1752 rogaretur.
1018 1728 1060 1744 nec
1075 1719 1159 1744 diffici>

386 1761 408 1783 le
425 1759 457 1783 est
477 1757 588 1789 quaetenti
608 1755 754 1786 respondere.
774 1761 827 1777 nam
839 1761 878 1776 me
892 1760 989 1784 quoque
999 1753 1060 1776 olim
1071 1760 1100 1775 ex
1115 1753 1160 1782 ipla

385 1799 409 1815 te
423 1792 447 1814 in
461 1790 558 1813 candem
577 1788 751 1811 dubitationem
764 1785 890 1809 adduaum
899 1802 904 1809 ,
922 1785 946 1807 ἃ.
959 1783 1105 1814 aliquamdiu
1117 1784 1159 1807 hae-

386 1830 475 1847 sentem
485 1839 491 1848 ,
508 1820 639 1844 observatio
653 1818 735 1842 vetusti
749 1818 824 1840 moris
836 1816 963 1847 expedivit.
978 1815 1103 1838 Sciendum
1116 1816 1160 1846 igi-

385 1862 434 1882 tur,
454 1853 499 1877 sive
517 1852 626 1883 patricius
645 1851 667 1873 &
687 1849 803 1881 plebeius,
821 1848 866 1871 five
885 1848 933 1871 duo
955 1846 1039 1877 plebeii
1050 1845 1161 1877 designati

387 1886 501 1910 Consules
520 1883 606 1910 essent,
625 1883 666 1913 qui
688 1882 765 1913 priore
783 1881 837 1904 loeo
854 1880 978 1903 declaratus
989 1878 1043 1902 esset
1056 1878 1161 1905 Consul,

388 1926 443 1942 eum
456 1918 481 1941 in
494 1915 625 1947 magistratu
633 1915 736 1943 priorem
743 1920 841 1944 quoque
848 1911 987 1935 sententiam
995 1909 1088 1941 rogasse.
1098 1910 1163 1933 ideo-

389 1957 435 1981 que
449 1950 539 1980 rogavit
551 1949 576 1971 in
590 1954 613 1969 re
626 1946 758 1969 Catilinatia
772 1952 819 1968 non
834 1945 863 1967 C.
876 1943 1008 1969 Antonius,
1028 1942 1065 1965 led
1080 1943 1160 1965 M.Ci›

388 1989 441 2005 ceto
451 1998 457 2007 ‚
478 1982 532 2012 quia
545 1978 636 2002 Consul
650 1978 729 2008 priore
741 1977 795 1999 loco
808 1975 944 1998 declaratus:
963 1982 1016 1997 narn
1030 1981 1114 2006 genere
1127 1982 1163 2006 pa-

391 2021 423 2037 res
435 2020 497 2036 erant
505 2029 511 2039 ‚
530 2017 629 2042 uterque
642 2008 752 2041 plebeius.
766 2006 864 2031 &libro
874 2016 894 2030 r.
904 2015 941 2038 ep.
949 2006 976 2028 ad
984 2010 1032 2029 Att.
1041 2012 1107 2036 rogat
1115 2005 1163 2030 sen>

390 2045 487 2068 rentiam
508 2046 543 2067 M.
555 2042 640 2073 l'upius
659 2039 724 2068 Piso,
742 2039 848 2066 Consul,
864 2046 892 2062 ex
908 2038 994 2061 familia
1008 2038 1110 2068 plebeja,
1128 2041 1161 2062 M.

391 2076 493 2099 Valerius
507 2075 607 2098 Mellalla
622 2090 627 2098 ‚
646 2073 685 2096 etfi
700 2072 807 2103 patricius
820 2088 826 2097 ‚
844 2078 922 2093 tamen
936 2077 985 2094 non
998 2077 1070 2100 rogat.
1087 2069 1160 2101 plebe-

390 2108 426 2137 jus
440 2108 511 2138 igitur
525 2105 674 2137 anteponitur
686 2104 791 2135 patricio.
806 2105 857 2125 cur?
876 2110 930 2133 quia
944 2103 1083 2132 prioreloco
1091 2102 1162 2125 decla-

389 2146 451 2162 ratus
463 2138 560 2161 Consul.
578 2136 665 2160 Uterin
674 2135 804 2165 magistratu
813 2136 989 2165 prioxmgaret‚
1007 2133 1105 2157 ostendi.
1114 2141 1164 2165 quo

391 2170 517 2200 conjicitur
526 2186 531 2195 ,
548 2169 571 2191 ἃ
585 2175 634 2191 uter
647 2175 765 2199 rogaretur
775 2184 781 2194 ,
798 2174 853 2190 cum
866 2164 1064 2197 designatiessent.
1079 2168 1112 2189 Ex
1121 2173 1162 2189 no-

392 2201 439 2227 stro
451 2200 623 2225 commentario
636 2201 658 2223 in
672 2207 701 2230 ep
722 2200 748 2222 ad
765 2203 812 2222 Att.

425 2233 537 2264 Legitimi
553 2230 659 2254 habendo
675 2231 762 2255 scitatui
780 2231 830 2253 dies
845 2236 909 2253 erant
922 2246 928 2256 ‚
946 2228 1064 2256 Kalendae,
1083 2236 1165 2255 nonae,

391 2265 452 2289 idus.
464 2263 561 2294 reliquis
574 2262 655 2286 diebus
664 2280 669 2289 ‚
687 2263 762 2285 rnodo
775 2263 909 2285 comitiales
923 2269 971 2285 non
983 2260 1055 2285 essent
1064 2278 1069 2286 ,
1088 2260 1164 2284 haberi

392 2297 492 2328 quidem
505 2295 593 2319 senatus
606 2301 705 2324 poterat,
726 2294 763 2317 sed
775 2301 850 2317 certus
861 2294 1010 2324 nequelege‚
1029 2300 1105 2324 neque
1113 2300 1163 2316 mo-

393 2336 417 2352 re
433 2328 527 2352 ssatutus
540 2333 586 2350 erat
599 2326 658 2350 dies.
671 2325 771 2356 politum
786 2327 809 2349 id
822 2333 868 2349 erar
882 2327 907 2349 in
921 2325 1166 2357 voluntatemagistra-

391 2366 469 2387 ntum.
486 2362 521 2385 Ex
532 2358 613 2384 nostro
625 2357 798 2382 commentario
810 2358 836 2382 ad
848 2359 922 2389 QFr.

825 90 1162 118 P‘AuLiM

1204 94 1498 114 ANUTtt

1202 133 1414 171 Aniinadverfione
1433 134 1534 165 dignum
1554 132 1600 159 est,
1618 132 1684 164 quod
1697 132 1803 165 legendo
1817 130 1947 164 observavi-

1171 176 1236 196 mus,
1254 175 1296 198 qut
1314 175 1342 190 ex
1360 166 1461 198 equestri
1474 165 1558 188 ordine
1568 182 1574 192 ‚
1592 163 1709 189 senatoriae
1722 167 1844 200 dignitatis
1857 169 1884 192 ad
1898 178 1946 201 gra.

1170 201 1227 223 dum
1240 197 1389 223 ascendissent
1399 215 1404 223 ς
1421 205 1462 222 eos
1474 198 1534 220 iuter
1548 196 1665 221 senatores
1681 198 1780 229 quidem
1793 199 1837 223 esse
1850 203 1945 232 censos,

1171 239 1208 258 ur,
1226 231 1241 255 fi
1263 231 1321 262 quid
1339 231 1423 254 ordine
1442 229 1558 253 senatorio
1579 230 1658 253 minus
1677 230 1778 261 dignum
1792 231 1946 263 admisissent,

1171 266 1247 287 senatu
1261 270 1425 289 moverentur,
1444 269 1524 285 verum
1538 260 1646 288 eosdem,
1667 269 1721 286 tum
1734 263 1821 286 deinde
1835 266 1947 295 equitum,

1171 296 1279 319 centuriae
1295 293 1530 325 recognoscerentur,
1548 295 1609 317 inter
1628 295 1947 330 equites‚·quandoquidem

1172 327 1221 363 lPsl-
1232 334 1329 358 quoque
1341 334 1432 358 equum
1447 325 1567 357 publicum
1580 325 1688 349 haberent
1698 343 1703 353 ‚
1721 333 1804 350 citatos
1816 327 1874 355 effe,
1892 336 1917 353 ut
1928 330 1947 356 fi

1171 359 1285 390 flagitium
1299 359 1391 385 ullum,
1408 358 1473 389 quod
1487 358 1511 381 in
1524 358 1605 389 equite
1619 360 1692 381 ttom.
1706 358 1814 384 dedecet,
1832 359 1946 390 fecissent,

1171 398 1261 422 equum
1280 390 1400 425 publicum
1420 390 1561 413 amitterent.
1574 396 1634 421 patet
1647 390 1692 413 hoc
1705 391 1765 420 apud
1779 391 1873 416 Livium
1888 393 1948 417 duo-

1172 430 1223 445 rum
1236 424 1360 445 centorum
1373 422 1498 452 exemplo,
1515 422 1631 448 Neronis,
1648 423 1672 445 ὃ(
1681 422 1825 446 Salinatoris:
1843 432 1948 456 quorum

1173 456 1227 477 alter
1241 455 1318 480 alteri,
1330 461 1385 476 cum
1392 454 1472 476 census
1479 453 1587 483 equitum
1595 459 1716 484 agerentur
1725 471 1731 481 ‚
1748 462 1838 486 equum
1845 456 1946 481 ademit:

1173 494 1232 517 quos
1248 493 1325 509 tamen
1337 492 1402 512 ante,
1419 492 1474 508 cum
1489 484 1619 508 senatorum
1631 484 1712 508 census
1727 493 1838 517 ageretur,
1849 488 1875 512 in
1888 490 1948 513 reci-

1175 517 1389 541 tandissenatorum
1406 512 1547 540 nominibus
1559 515 1603 540 ess'e
1617 517 1704 544 lestos,
1724 518 1824 542 dubitari
1838 527 1889 544 nou
1902 528 1948 552 po-

1173 550 1222 573 test.
1246 554 1324 581 Atque
1336 557 1382 581 ego
1396 549 1463 577 hujus
1476 548 1567 579 generis
1579 548 1655 575 cives,
1673 549 1776 573 minime
1787 551 1947 581 crediderim,

1176 582 1212 605 sua
1224 590 1294 605 manu
1303 599 1308 609 ‚
1326 588 1351 605 ut
1363 587 1457 604 caeteros
1470 579 1582 611 equestris
1592 579 1696 607 ordinis,
1712 588 1803 613 equum
1815 590 1855 615 per
1867 584 1948 609 summ

1175 613 1306 638 traduxisse.
1318 614 1426 645 proprius
1436 613 1502 636 enim
1514 619 1598 635 eorum
1611 610 1690 635 census
1697 613 1897 646 noninequestri.
1910 616 1950 641 sed

1176 646 1202 670 in
1215 645 1330 669 senatorio
1344 651 1391 669 erat
1403 645 1501 671 ordine,
1519 651 1563 667 nec
1575 643 1798 675 equestriaordinis‚
1813 644 1951 672 sedseuato-

1176 678 1205 702 rii
1213 677 1347 701 dicebantur
1356 685 1361 700 z
1371 684 1412 700 nec
1420 677 1486 703 ideo,
1497 676 1581 708 quode
1602 674 1757 699 uestrisess’ent
1763 676 1866 705 ordinis,
1875 687 1950 710 quem

1177 710 1254 741 adepti
1267 709 1410 734 senatorium
1424 707 1560 735 amiserant,
1589 708 1617 731 ed
1628 708 1682 739 quia
1689 708 1951 739 equumpublicurnha-

1176 742 1257 765 herent
1266 759 1272 768 ‚
1290 743 1351 764 inter
1361 741 1452 773 equites
1464 740 1600 763 citabantur.
1612 747 1655 770 qut
1668 746 1724 762 vero
1737 740 1762 763 in
1775 740 1891 770 senatum,
1907 743 1950 769 etfi

1177 774 1285 797 nondum
1298 772 1312 796 a
1323 772 1458 797 censoribus
1470 772 1525 795 lesti
1534 789 1539 799 ‚
1558 772 1607 800 iure
1619 778 1696 794 tamen
1703 771 1858 803 magistratus,
1876 781 1950 805 quem

1176 804 1300 837 geffiffent,
1319 805 1410 828 aditum
1423 804 1545 830 haberent,
1562 811 1604 827 eos
1624 803 1694 826 video
1706 821 1712 831 ‚
1730 803 1746 826 fi
1759 805 1851 836 equites
1863 805 1952 834 essent,

1175 845 1266 869 equum
1285 836 1406 868 publicum
1420 837 1480 860 inter
1493 842 1586 859 coeteros
1599 835 1711 867 equesttis
1721 836 1812 860 ordinis
1823 838 1885 861 cives
1898 845 1952 863 ante

1176 868 1283 893 censores
1292 876 1330 899 per
1342 868 1422 891 forum
1435 866 1571 893 traduxisse,
1590 874 1633 890 nec
1645 868 1705 890 inter
1713 864 1841 896 senatores,
1858 876 1913 893 cum
1920 877 1954 894 t,-

1178 908 1233 924 men
1246 900 1307 924 irent
1319 901 1343 923 in
1358 899 1461 923 senatum
1470 916 1476 926 ‚
1494 898 1542 935 esse*
1551 899 1637 921 lestos:
1655 899 1722 930 quod
1734 899 1764 922 de
1771 901 1897 931 Pompeio,
1909 902 1954 933 qui

1179 932 1254 963 postea
1266 939 1454 963 cognomentum
1464 935 1545 961 Magnt
1555 930 1587 953 est
1599 930 1705 961 adeptuS,
1724 929 1737 953 a
1749 931 1870 955 Plutarcho
1883 933 1954 958 tradi-

1178 971 1230 987 turn
1250 963 1432 987 observavimus.
1446 964 1466 986 is
1477 963 1545 986 enim
1557 969 1629 994 eques
1641 961 1714 985 adhuc
1728 962 1838 987 nondum
1851 964 1877 987 in
1890 964 1955 989 sena-

1179 1003 1230 1019 tum
1244 995 1324 1021 lestus,
1338 994 1426 1019 consul
1438 994 1470 1017 ob
1483 995 1594 1017 virtutem
1607 1001 1630 1017 ac
1642 993 1763 1025 singularia
1775 995 1801 1018 in
1814 1002 1888 1027 remp,
1903 1004 1955 1021 me-

1180 1029 1221 1051 rita
1235 1035 1286 1050 ante
1299 1027 1431 1057 legitimam
1445 1032 1534 1049 aetatem
1547 1024 1800 1054 creatus(solvebantur
1812 1027 1879 1051 enim
1893 1029 1954 1060 tegi-

1181 1058 1223 1082 bus
1241 1058 1300 1082 boni
1319 1058 1373 1086 viri)
1393 1064 1482 1088 equum
1495 1056 1619 1088 publicum
1630 1056 1678 1086 ipse
1691 1057 1718 1079 ad
1730 1056 1835 1083 censores
1847 1058 1953 1085 adduxit,

1181 1091 1363 1122 prccclartimque
1380 1089 1426 1113 fuit
1444 1089 1534 1120 populo
1548 1090 1623 1111 Rom.
1635 1088 1805 1118 spectaculum,
1822 1090 1954 1116 Consulem

1181 1123 1218 1146 sua
1232 1129 1303 1146 manu
1316 1129 1405 1154 equum
1419 1121 1540 1151 publicum
1553 1120 1677 1143 ducentem
1691 1120 1801 1144 intuenti.
1818 1124 1896 1153 Atque
1909 1123 1956 1147 haee

1181 1163 1231 1186 quae
1244 1154 1350 1177 diximus
1363 1153 1392 1176 de
1404 1152 1494 1176 civibus
1508 1151 1626 1176 Romanis
1638 1152 1662 1175 ὃ(
1675 1159 1704 1175 ex
1720 1151 1822 1184 equestri
1834 1154 1919 1178 ordine
1930 1155 1957 1179 δε

1181 1194 1209 1210 ex
1230 1186 1298 1218 plebe
1311 1186 1336 1209 in
1349 1184 1452 1208 senatum
1465 1184 1545 1211 lestis,
1563 1184 1594 1207 ita
1606 1183 1732 1211 tradimus,
1750 1190 1775 1207 ut
1788 1183 1815 1207 ad
1824 1186 1882 1217 reip.
1896 1193 1957 1211 tem.

1183 1226 1238 1249 pora
1256 1217 1394 1250 spestemus.
1412 1224 1468 1240 nam
1485 1219 1579 1247 Regum
1592 1221 1654 1239 aetate
1663 1215 1720 1238 solis
1731 1216 1831 1246 patriciis
1843 1217 1905 1241 curia
1917 1225 1957 1249 pa-

1184 1251 1247 1274 tuit:
1268 1257 1324 1273 cum
1340 1256 1419 1272 tamen
1435 1265 1441 1276 ‚
1459 1248 1525 1279 quod
1541 1247 1666 1278 Dionysius
1677 1246 1855 1272 Halicarnasseus
1872 1249 1955 1278 docet,

1184 1290 1232 1306 non
1252 1289 1336 1305 omnes
1355 1281 1444 1311 patricii
1462 1281 1577 1304 senatores
1595 1277 1666 1303 essent
1678 1296 1686 1305 ‚
1708 1278 1747 1302 sed
1768 1280 1808 1303 alii
1826 1279 1956 1309 senatores,

1185 1315 1276 1345 equites
1292 1330 1299 1340 ,
1318 1313 1358 1336 alii
1371 1312 1400 1336 de
1412 1312 1487 1343 plebe.
1502 1318 1526 1335 ut
1539 1319 1593 1335 vere
1605 1311 1692 1334 diceres
1705 1327 1712 1337 ,
1731 1309 1819 1335 senator
1831 1312 1863 1336 est
1875 1330 1882 1340 ‚
1898 1321 1964 1345 ergo>

1185 1347 1305 1377 patricius,
1324 1352 1373 1368 non
1380 1351 1473 1371 contra,
1491 1343 1600 1374 patricius
1607 1342 1717 1374 est,ergo
1724 1342 1821 1367 senator.
1830 1345 1854 1368 ἃ
1863 1352 1960 1376 ,quam-

1186 1386 1256 1409 quam
1275 1384 1304 1400 ex
1322 1376 1419 1400 familiis
1431 1382 1481 1400 tum
1494 1375 1608 1407 patriciis,
1627 1381 1677 1398 tum
1691 1375 1787 1405 plebeiis
1800 1374 1889 1399 senatus
1900 1384 1960 1401 con-

1186 1410 1264 1436 staret,
1283 1415 1371 1432 veteres
1390 1415 1468 1431 tamen
1488 1409 1518 1431 ita
1535 1409 1628 1430 locutos
1643 1406 1810 1435 animadverti,
1827 1414 1853 1431 ut
1865 1407 1894 1431 de
1905 1409 1960 1432 urii-

1186 1442 1250 1464 verso
1270 1441 1337 1471 plane
1350 1439 1427 1464 senatu
1440 1439 1571 1463 nobilitatis
1583 1445 1673 1461 nomen
1686 1436 1830 1468 usurparent:
1848 1440 1902 1470 quia
1915 1439 1960 1464 sci·

1185 1475 1239 1496 licet
1252 1471 1358 1495 summus
1370 1471 1430 1494 ordo
1443 1470 1532 1494 senatus
1544 1469 1608 1495 esset,
1626 1477 1730 1500 eumque
1742 1470 1819 1501 adepti
1832 1477 1960 1501 praetercae-

1185 1511 1248 1527 teros
1260 1503 1353 1527 nobiles
1365 1502 1409 1526 esse
1422 1502 1568 1525 viderentur:
1586 1500 1780 1532 quandoquidem
1793 1499 1825 1524 ὀὶ)
1835 1502 1958 1530 virtutem,

1187 1543 1236 1566 qux
1257 1542 1300 1558 nos
1319 1533 1364 1557 sola
1385 1533 1490 1559 nobiles,
1508 1531 1554 1556 sola
1575 1532 1695 1563 patricios,
1712 1532 1760 1555 sola
1772 1535 1848 1563 Reges
1860 1541 1914 1557 vere
1926 1533 1959 1557 fa.

1186 1568 1232 1595 cit,
1251 1566 1352 1597 dignitas
1363 1565 1403 1589 illa
1416 1565 1570 1589 mandaretur.
1605 1566 1638 1587 Ex
1651 1562 1736 1587 nostris
1748 1563 1961 1590 observationibus.

1281 1631 1315 1652 Ex
1326 1626 1447 1651 Plutarcho
1460 1627 1483 1649 in
1497 1626 1622 1656 Pompeio:

1222 1659 1340 1683 Libertinos
1352 1660 1445 1681 homines
1460 1657 1553 1687 &senam
1567 1657 1645 1680 Fabius
1658 1658 1733 1681 Rullus
1745 1659 1844 1686 amovit,
1859 1659 1962 1690 quiex-eo

1190 1693 1299 1716 Maximi
1308 1699 1418 1722 cognomen
1425 1691 1512 1721 accepit.

1286 1725 1319 1746 Ex
1335 1722 1436 1750 Velleio,
1454 1721 1526 1744 Libro
1536 1729 1556 1744 r.

1222 1754 1280 1778 Vide
1298 1756 1387 1777 colonias
1393 1752 1456 1784 juffu
1463 1754 1554 1783 senatus
1567 1751 1604 1781 ‘ffi
1617 1751 1705 1777 duQas.
1717 1752 1742 1776 δι
1757 1751 1848 1777 ibidem
1863 1753 1889 1776 de
1900 1753 1961 1778 mili·

1191 1786 1273 1809 taribus
1286 1787 1377 1808 colonius.
1959 1780 1961 1782 ,

1288 1819 1321 1840 Ex
1334 1816 1435 1841 eodem,
1451 1813 1523 1838 Libro
1532 1822 1553 1838 2.

1223 1850 1243 1870 C.
1253 1849 1348 1872 Marius
1356 1847 1502 1875 ,V1,c0nfisl,
1513 1846 1632 1869 Glauciam
1641 1863 1647 1873 ,
1655 1844 1681 1869 ὸ·
1689 1847 1829 1870 Saturninum
1836 1847 1858 1869 in
1865 1846 1961 1877 Hostili]

1189 1882 1250 1903 curin
1260 1887 1327 1903 morte
1339 1878 1467 1901 mutilavit.

1287 1914 1320 1934 Ex
1329 1910 1422 1935 Valerio
1434 1910 1540 1934 Maximo
1548 1925 1554 1935 ‚
1572 1908 1644 1932 Libro
1653 1917 1673 1932 2.

1223 1944 1314 1966 Aditus
1333 1944 1354 1964 in
1373 1943 1460 1964 curiam
1474 1951 1500 1963 ns
1512 1941 1620 1967 dabatur,
1637 1949 1690 1970 quos
1703 1941 1725 1962 in
1738 1941 1831 1963 ordinem
1839 1943 1966 1970 senatorum

1193 1976 1281 2001 censores
1300 1975 1414 2005 elegissem.
1433 1974 1527 2004 reliqui,
1545 1980 1611 1996 etiam
1625 1973 1647 2003 fi
1662 1974 1749 1995 honores
1757 1973 1872 2004 geffiffint,
1889 1975 1966 1997 exclu-

1192 2006 1306 2029 ciebantur.

1290 2040 1323 2061 Ex
1335 2037 1436 2064 eodem,
1454 2035 1540 2060 eodem
1553 2035 1596 2060 lib.

1227 2072 1293 2093 ,Ληιε
1302 2068 1520 2099 senatui‘k‘fenaculo
1531 2069 1613 2090 citatus
1625 2067 1647 2090 in
1654 2068 1737 2090 curiam
1743 2067 1859 2094 veniebat,
1874 2077 1914 2092 non
1920 2069 1965 2093 edu:

1195 2102 1226 2124 530
1233 2104 1319 2132 justus,
1337 2109 1362 2124 ur
1371 2101 1440 2133 postea
1447 2101 1565 2129 servatum
1575 2099 1609 2127 est.
1627 2099 1746 2123 Senaculus
1759 2106 1834 2123 autem
1842 2101 1965 2132 locussuit.

1195 2135 1312 2166 qnoprimo
1326 2134 1413 2161 senatus
1427 2131 1500 2154 haberi
1507 2132 1585 2160 solitus
1595 2131 1630 2161 est,

1290 2166 1323 2188 Ex
1336 2163 1457 2190 Sallustio,
1475 2163 1588 2186 Catilina:

1229 2197 1358 2219 Maximam
1375 2195 1497 2227 potestatem
1511 2196 1599 2224 sinatus
1614 2195 1659 2223 fine
1672 2195 1751 2226 populo
1770 2195 1905 2226 magistratui
1918 2201 1967 2226 per*-

1197 2229 1268 2250 mmir
1281 2244 1288 2254 ‚
1310 2236 1359 2251 cum
1376 2230 1409 2250 ita
1424 2228 1516 2250 decernit
1527 2243 1533 2253 ,
1560 2229 1617 2249 Dent
1634 2233 1719 2257 operam
1735 2227 1848 2257 Consules,
1869 2235 1894 2249 ne
1910 2227 1967 2258 quid

1196 2260 1248 2291 resp.
1266 2261 1389 2282 detrimenti
1403 2265 1475 2291 capiat
1488 2268 1496 2281 :
1518 2267 1559 2290 qua
1577 2260 1601 2282 ὃ.
1618 2260 1640 2282 C.
1658 2258 1734 2280 luebat
1750 2259 1776 2280 iis
1794 2261 1913 2281 exercitum
1927 2266 1967 2288 pr

1197 2300 1244 2314 rare
1257 2308 1264 2319 ‚
1293 2290 1374 2314 bellum
1391 2299 1464 2322 gerere
1477 2306 1483 2317 ‚
1512 2292 1600 2312 coercere
1623 2288 1718 2313 omnibus
1738 2291 1804 2312 modis
1821 2292 1887 2321 socios
1899 2306 1906 2316 ,
1929 2294 1968 2311 at-

1198 2324 1329 2385 queuucivefi.
1348 2324 1413 2347 aliter
1423 2323 1469 2355 fine
1481 2322 1634 2356 papulijussu
1649 2329 1725 2345 earum
1739 2328 1814 2346 rerum
1824 2324 1865 2354 jur
1882 2320 1967 2351 conficti

1202 2363 1231 2378 nu
1263 2363 1305 2380 me
1325 2372 1331 2379 .

1933 2383 1972 2409 Ex
