2075 2734
479 85 868 114 nastusi

112 144 204 177 populo
213 142 334 174 agebatur,
351 139 390 165 sed
403 139 522 164 interdum
529 138 556 162 ad
565 138 680 170 populum
688 136 804 160 duntaxat.
812 168 815 170 .
823 137 888 159 Nun.

112 178 175 201 dinis
193 182 285 200 autem,
302 181 357 197 cum
377 174 466 204 populo
486 171 582 203 quidem
599 177 677 200 agere,
695 176 743 192 non
762 169 841 193 licuit,
860 176 888 191 ex

112 216 162 240 quo
176 206 311 238 sequebatur
323 222 330 233 ,
348 211 372 228 ut
386 204 482 228 coniitia
494 203 572 226 liaberi'
587 210 633 225 non
647 205 734 231 ponent
749 207 754 220 ε
772 208 797 221 au
816 208 886 229 μημι-

110 241 162 264 lum
181 247 257 262 autem
276 245 354 269 agere,
372 236 416 260 hoc
426 236 458 259 est
469 235 611 258 concionem
624 232 720 257 livere,
738 239 797 254 ceftc
810 234 886 254 licuit.

111 279 161 295 n0n
175 271 240 294 enini
255 269 382 293 adversatur
395 268 453 292 illud
463 284 469 294 ‚
487 266 552 298 quod
565 264 578 288 a
591 267 706 287 (stitione
719 262 868 294 scriptumest
878 279 884 289 ,

111 303 174 327 libro
188 312 211 330 4.
225 302 251 326 ad
265 302 383 326 Atticum:
400 305 465 324 ,Ante
476 300 532 321 diem
552 306 588 320 10.
605 298 699 326 Kalend.
713 298 821 317 nundina:
840 304 884 317 ‹on-

109 337 141 358 εἰσ
161 335 222 358 biduo
240 336 305 357 nuda.
337 331 428 363 Qibus
446 329 535 356 verbis,
554 329 578 352 id
596 329 662 360 quod
674 328 760 351 factum
776 334 824 350 non
837 326 883 353 est,

110 375 161 390 non
179 366 217 393 id,
234 365 300 397 quod
319 371 367 388 non
382 363 462 388 licuit,
480 361 620 384 ostenditur.
639 368 692 383 iiam
708 376 713 385 ,
737 366 790 381 curn
807 357 883 381 haberi

111 399 225 422 nundinis
235 397 330 421 comitia
344 402 392 419 non
405 393 508 426 possent.
527 394 592 424 quod
601 400 650 415 non
662 399 690 415 ex
699 390 820 414 Macrobio
834 397 881 413 tan-

112 436 178 458 tum,
195 437 276 453 verum
295 429 365 452 etiam
379 434 406 449 ex
421 426 497 449 Plinio
510 425 572 448 libio
583 425 679 451 octavo,
697 431 746 454 cap.
757 430 778 448 3.
793 429 881 453 cogno-

111 461 193 486 stitui:
204 467 323 493 propterea
331 466 360 482 ne
367 457 556 482 concionandum
571 457 669 487 quidem
684 457 705 478 Ρ.
714 454 827 480 clodius,
837 457 880 484 Ap-

110 495 178 525 pius,
198 492 305 516 Metellus
317 497 452 522 putaverunt
466 507 472 516 ,
491 490 532 521 qui
545 489 661 520 proximis
676 486 757 510 diebus
770 485 881 509 comitio-

110 533 162 550 rum
183 523 244 548 causa
257 540 264 550 ‚
287 523 414 546 conciones
435 521 566 545 habuerant.
595 518 697 551 Superest
711 518 739 541 de
759 519 810 548 lege
828 524 881 547 pro-

109 556 248 588 mulgand23
266 554 290 578 id
303 556 367 578 enim
381 555 410 577 de
422 553 508 580 tribus,
526 560 576 584 qua:
589 551 768 583 propoiuiiuu5‚
785 555 881 572 eratter-

109 589 178 612 tium.
210 587 316 610 Ferendae
339 587 397 617 legis
411 603 417 612 ,
434 587 457 609 ὅτ.
473 584 647 616 promulganda:
661 590 709 606 nori
728 582 809 604 eadem
822 581 880 603 ratio

107 620 160 643 suit.
177 618 299 642 Ferebatur
310 619 349 642 die
362 625 451 642 tantum
463 617 588 641 comitiali,
610 613 798 647 promulgabatur
810 613 881 636 etiam

107 659 158 675 nori
177 651 312 677 comitiali,
331 649 375 673 live
391 649 456 672 fastus
471 666 477 676 ‚
501 648 546 672 five
564 647 661 671 nesassus
679 647 742 670 esset.
760 652 838 676 itaque
851 647 879 667 C.

106 686 166 707 Cato
186 682 292 706 tribunus
311 681 385 713 plebis
404 684 552 712 rogationem
573 680 601 702 de
625 677 759 709 abrogando
779 677 879 700 Lentulo

105 714 225 745 imperio,
243 714 282 737 die
301 721 350 737 nori
368 713 504 739 comitiali,
523 712 690 743 promulgavit.
707 717 761 743 cum
775 709 841 732 euim
854 710 878 732 &

106 747 188 779 post4.
207 748 287 770 Nonas
306 745 441 771 Februarii,
459 745 483 768 &
504 744 653 767 antes.1dus
671 741 774 769 ejuldem
795 743 879 763 meniis

106 778 290 809 promulgaverit
303 785 308 800 :
325 777 391 808 quod
404 784 432 799 ex
445 776 540 806 epistola
549 783 569 801 3.
582 775 636 798 libii
646 783 669 798 z.
686 772 712 796 ad
724 773 817 795 fratrem
830 772 877 794 col-

106 810 204 841 ligitur,
221 810 337 833 comitiali
354 809 392 832 die
406 808 554 839 promulgate
566 815 615 830 non
631 807 706 837 potuit
722 821 727 831 ,
745 812 769 827 ac
779 811 809 826 ne
820 802 877 826 fasto

104 842 213 874 quidem.
225 842 298 873 primi
310 841 377 864 enim
389 840 514 863 duodecim
523 838 638 862 Februarii
651 835 878 860 diesnefastionines

102 874 205 897 fuerunt.
223 872 307 896 Haberi
319 878 397 895 autem
408 871 512 894 senatum
527 877 565 900 per
578 869 766 892 nesastosomnes
776 866 858 890 licebat
869 875 874 888 .-

102 912 146 928 nec
166 912 206 935 per
224 911 309 927 omnes
327 909 419 929 tamen,
435 899 473 925 sed
492 908 597 928 tantum,
615 908 669 924 cum
691 906 724 923 res
738 898 873 930 postularet,

103 936 241 963 habebatur,
257 942 342 959 eorum
355 933 545 966 magistratuum,
562 932 648 965 quibus
662 931 686 955 id
705 932 759 958 iuris
769 937 828 958 etat,
842 938 874 953 ar-

102 967 197 992 bitratu.
209 968 240 991 ita
250 966 339 991 senatus
350 967 376 991 in
388 967 434 990 hoc
448 965 548 996 praestare
560 966 649 997 populo
656 963 789 988 videbatur:
807 962 873 994 quod

103 1001 140 1031 agi
160 1007 214 1023 curn
236 1000 325 1031 populo
344 1006 385 1030 per
397 1005 472 1022 urium
482 998 558 1021 modo
572 997 664 1020 dierum
679 1003 764 1026 genus,
783 994 828 1017 hoc
842 994 873 1017 est

101 1039 143 1064 per
156 1032 287 1055 comitiales
298 1048 305 1058 ‚
322 1039 374 1063 quat
390 1030 501 1053 fastorum
515 1036 563 1060 pars
581 1035 640 1054 erat,
658 1028 736 1050 haberi
750 1033 826 1049 autem
842 1025 872 1049 se-

103 1071 183 1088 natum
202 1071 241 1095 per
258 1063 306 1086 duo
325 1070 409 1094 genera
421 1079 428 1089 ,
446 1062 491 1084 hoc
509 1061 557 1086 est,
575 1062 599 1085 &
620 1067 659 1091 per
677 1059 745 1082 fastos
757 1065 812 1084 eos,
831 1058 872 1089 qui

100 1096 233 1119 comitiales
250 1103 300 1118 non
318 1094 408 1120 essent,
436 1094 459 1117 ὃς
477 1100 517 1125 pet
537 1092 634 1115 nefastos
654 1098 738 1114 omnes
751 1107 757 1116 ,
780 1089 871 1113 licebat.

100 1129 170 1151 Erant
188 1134 293 1158 praeterea
315 1126 364 1150 dies
382 1126 473 1157 aliquot
488 1122 634 1155 promiscui,
653 1122 740 1154 quibus
752 1122 809 1145 totis
821 1122 872 1152 lege

100 1160 152 1190 agi,
170 1166 248 1190 neque
266 1159 370 1182 omnino
389 1157 486 1183 licebat,
505 1163 534 1180 ne
554 1163 582 1178 ue
596 1155 697 1179 omnino
712 1161 761 1177 non
775 1153 870 1179 licebat,

98 1191 140 1214 {ed
154 1192 237 1222 partim
250 1190 300 1214 fasti
313 1196 390 1217 erant,
409 1189 492 1220 partim
507 1195 534 1211 ne
548 1187 593 1210 asti.
607 1188 694 1210 hoium
707 1186 749 1209 tria
761 1192 869 1216 erantge

100 1230 172 1245 nera:
191 1223 244 1249 alii,
263 1222 337 1253 prima
356 1222 379 1245 δε
397 1220 510 1252 postrema
529 1220 577 1243 diei
591 1226 667 1251 parte,
685 1217 777 1244 nefasti,
795 1217 872 1240 media

98 1254 162 1281 fasti,
179 1255 221 1286 qui
234 1253 370 1277 dicebantur
382 1253 476 1283 intercrfi
485 1268 492 1278 ‚
508 1253 532 1276 8:
546 1252 571 1275 in
584 1251 722 1275 Kalendario
736 1248 771 1272 his
785 1248 873 1272 duabus

99 1286 173 1309 literis
192 1291 301 1309 notantur
314 1301 321 1312 ,
337 1287 389 1308 EN.
409 1283 475 1316 quod
494 1283 527 1306 est
539 1300 545 1310 ‚
561 1283 696 1313 endotetcisi‘,
713 1289 755 1313 pro
770 1282 872 1308 intercisi:

97 1319 193 1342 Veteres
204 1317 271 1340 enim
284 1316 361 1343 endo,
379 1323 421 1347 pro
433 1316 458 1338 in
467 1331 473 1341 ,
491 1314 635 1345 usurpabant.
649 1315 726 1345 itaque
739 1313 799 1336 dixit
806 1313 872 1335 Cice-

98 1355 127 1372 xo
139 1348 202 1372 libro
211 1357 232 1372 ι.
246 1347 275 1371 de
287 1347 400 1379 Legibus:
420 1348 483 1377 Qus
495 1347 546 1369 endo
559 1348 635 1370 calum
649 1347 728 1368 merita
740 1345 872 1367 vocaverint.

99 1383 129 1404 Et
138 1380 213 1404 Festus
227 1387 292 1403 norat
305 1381 425 1402 endoiti‘um
441 1385 482 1410 pro
491 1395 497 1404 ‚
516 1379 618 1401 Initium.
636 1381 704 1402 Varro
716 1375 872 1402 autem,libro

97 1413 138 1435 111.
155 1413 184 1436 de
196 1419 220 1435 re
234 1411 296 1435 Rust.
315 1412 445 1439 Endosuam
457 1412 555 1433 domum.
579 1410 627 1433 Alii
642 1409 719 1440 priore
738 1414 800 1439 Parte
812 1407 872 1431 nefa-

96 1442 140 1470 ssi,
157 1443 286 1475 posteriore
298 1442 346 1466 fasti
361 1451 367 1465 :
385 1443 426 1473 qui
439 1448 548 1465 notantur
557 1441 599 1473 ipsi
612 1448 709 1473 quoque
721 1439 808 1463 duabus
821 1440 873 1462 lite-

98 1476 131 1499 xis
150 1477 198 1499 NP.
210 1474 248 1498 sed
261 1474 392 1503 conjunctis
405 1491 412 1501 ,
430 1473 475 1496 hoc
487 1473 562 1496 modo
573 1476 624 1497 ΝΡ.
639 1472 706 1504 quod
719 1472 778 1495 valet
790 1488 797 1499 ‚
815 1474 873 1501 nesab

92 1506 140 1536 stus
154 1509 232 1539 primo.
245 1505 378 1534 cujusmodi
391 1504 520 1529 fuinedies
532 1504 580 1528 fere
592 1512 677 1528 omnes
688 1503 756 1527 fastos
769 1519 776 1530 ‚
795 1503 870 1532 inipe-

95 1538 135 1562 ἂο
150 1538 301 1564 Kalendario,
318 1536 473 1569 cognoscitur.
499 1537 631 1563 Nonnulli,
649 1536 722 1568 priori
734 1541 797 1566 parte
807 1533 870 1560 fasti,

96 1570 221 1602 posteriori
235 1569 314 1593 nefasti
327 1578 332 1591 z
352 1569 394 1601 qui
407 1575 516 1592 notantur
530 1568 573 1595 fic,
590 1571 615 1592 F.
630 1571 655 1592 P.
672 1568 738 1600 quod
746 1566 816 1596 fastus
827 1567 872 1598 pri-

96 1609 147 1628 mo,
164 1601 284 1632 fignificat.
299 1608 347 1633 quo
359 1608 387 1624 ex
401 1608 486 1631 genere
498 1600 606 1623 videmus
619 1601 643 1623 in
658 1598 795 1623 Kalendario
803 1601 872 1621 Vina-

94 1633 127 1656 lia
139 1632 214 1657 fuisse.
231 1633 287 1656 Dies
301 1640 356 1659 eos,
371 1633 414 1664 qui
427 1635 505 1662 priore
518 1638 579 1661 parte
592 1631 685 1654 autfassi
693 1636 770 1657 erant,
788 1637 824 1652 aut
833 1636 870 1652 ne-

94 1663 160 1691 fasti,
178 1664 209 1688 de
221 1664 348 1691 veteribus,
367 1665 433 1695 quod
445 1664 597 1687 meminerim
606 1679 613 1689 ,
630 1669 704 1686 nemo
716 1661 831 1685 nominat.
840 1661 870 1683 de

95 1695 158 1720 fastis
177 1703 254 1720 autem
269 1696 347 1720 media
359 1695 407 1719 diei
421 1702 496 1726 parte,
514 1694 560 1718 hoc
571 1694 603 1717 est
616 1693 645 1718 de
659 1693 783 1719 intercifis,
801 1695 871 1715 varro

95 1727 127 1752 fic
138 1727 217 1752 lib.v.
229 1727 258 1751 de
268 1729 347 1759 lingua
355 1730 404 1751 Lat.
417 1728 514 1755 Interctfi
523 1727 568 1749 dm
574 1728 627 1756 sunt
636 1742 642 1752 ‚
658 1733 696 1757 per
707 1733 760 1756 quos
772 1723 869 1746 mane&

95 1761 185 1792 ‘uespere
198 1760 225 1788 est
237 1761 293 1790 nefas
303 1770 310 1782 :
326 1761 396 1782 medio
409 1765 515 1790 tempore,
533 1759 588 1780 inter
600 1758 686 1786 hostiam
694 1758 776 1786 caefizm,
798 1755 868 1778 &ex-

93 1796 118 1814 ta
128 1791 224 1822 porrefla
231 1793 268 1821 fas
280 1799 286 1814 z
302 1791 316 1814 ὰ
327 1799 384 1821 quo,
401 1793 458 1820 quod
465 1791 500 1818 sas
515 1796 563 1811 tum
570 1790 695 1815 intercedit,
712 1788 869 1816 interctfidr'es:

93 1829 147 1849 aut,
180 1824 221 1846 uod
233 1824 356 1852 intercisum
369 1823 435 1850 nefas.
453 1824 513 1844 Patet
527 1821 571 1848 jam
581 1837 586 1845 ,
605 1820 640 1843 his
653 1820 740 1846 literis,
758 1818 868 1850 quaesunt

94 1854 120 1878 in
132 1857 164 1878 Ka
175 1854 287 1881 endario,
304 1856 329 1876 F.
344 1857 376 1877 N.
391 1855 412 1876 C.
427 1855 451 1875 F.
463 1854 558 1875 P.N7'.
573 1854 630 1883 EQ
645 1850 682 1875 sex
692 1852 785 1875 dierum
797 1857 866 1882 gene-

699 1884 765 1913 sastas
783 1890 866 1912 primo,

93 1893 116 1908 ta
136 1885 259 1916 significari
271 1903 278 1913 ,
296 1885 362 1915 fastus
376 1901 382 1911 ‚
405 1884 492 1913 msaslos
507 1900 513 1910 ,
536 1886 654 1906 comitialer
669 1900 675 1910 ,

92 1917 181 1946 nefastos
195 1919 278 1946 primo,
295 1917 410 1944 intercifiir.
443 1915 515 1944 Quod
536 1915 551 1937 si
570 1916 608 1937 cui
620 1915 696 1938 veniat
708 1915 732 1937 in
746 1920 867 1940 mentem,

92 1947 133 1971 hac
146 1947 243 1971 duarum
250 1948 369 1970 literarum
376 1947 526 1968 connexione
534 1948 593 1969 N‘P.
601 1953 649 1969 non
658 1945 778 1976 figuificari
788 1962 793 1971 ,
802 1945 867 1976 quod

95 1987 138 2003 nos
156 1979 260 2003 diximus
273 1995 279 2004 ‚
297 1977 388 2008 nefastus
404 1985 474 2008 primo
487 1993 494 2002 ‚
511 1976 548 2000 sed
563 1977 640 2008 potius
655 1994 660 2002 ,
687 1979 747 2005 nesar
763 1978 866 2007 praten:-

92 2010 161 2038 huius
180 2011 323 2041 opinionem
336 2016 499 2038 argumentum
510 2010 589 2040 primo
600 2007 613 2031 ὲ
625 2008 755 2036 conjeciura
764 2024 770 2033 ‚
789 2009 825 2031 vel
839 2015 867 2031 ex

92 2042 140 2074 ipsa
154 2043 232 2074 potius
241 2058 247 2069 ‚
265 2047 290 2064 ut
301 2048 347 2071 ego
357 2040 446 2066 sentio,
460 2041 550 2063 ratione
562 2040 659 2064 ductum
672 2057 678 2066 ,
698 2039 782 2062 deinde
794 2040 865 2063 etiam

90 2073 193 2098 historiae
212 2074 295 2096 veteris
312 2072 416 2095 infirmat
434 2072 566 2095 authoritas.
590 2078 753 2102 argumentum
767 2070 799 2094 est
812 2071 864 2094 hoc.

91 2108 174 2130 Nemo
190 2106 227 2128 cui
243 2105 348 2136 pauciora
366 2102 495 2130 sufficiunt,
508 2103 610 2134 pluribus
631 2111 710 2127 utitur.
730 2102 791 2132 quid
805 2110 864 2134 opus

91 2143 154 2164 erat,
173 2144 197 2160 ut
211 2137 228 2159 ii
243 2137 292 2159 dies
305 2152 312 2162 ‚
328 2135 414 2166 quibus
428 2135 568 2166 adscriptum
581 2136 689 2159 vidcmrs
704 2137 770 2166 ΝΠ).
783 2134 863 2159 nefasti

90 2169 136 2193 esse
156 2169 326 2193 indicarentur,
343 2167 396 2190 duas
409 2168 486 2198 potius
499 2169 587 2193 literas,
605 2175 676 2198 quam
690 2174 775 2194 unam,
793 2174 860 2198 appo-

90 2203 167 2225 nere?
185 2208 223 2224 cur
243 2203 295 2222 NP.
315 2201 425 2229 iuquam.
447 2207 494 2222 nori
515 2201 553 2222 N?
572 2199 695 2230 pracsertim
715 2205 769 2222 cuni
783 2199 864 2223 nefasti

91 2232 143 2256 dies
161 2239 246 2256 omnes
266 2231 306 2254 hac
323 2238 366 2253 una
385 2232 463 2255 litera,
482 2234 520 2258 N,
538 2239 658 2254 notentur:
676 2230 740 2253 ficuti
760 2231 783 2253 ὃ(
799 2230 863 2257 fasti,

90 2271 177 2289 eorum
189 2263 251 2294 quasi
265 2262 398 2289 adversarii,
411 2262 541 2290 unalitera‚
556 2265 579 2289 F,
593 2262 786 2286 demonstrantur.
806 2267 864 2292 Age,

90 2295 153 2319 dicat
165 2295 263 2326 aliquis,
280 2293 444 2320 levehocdse,
464 2295 577 2325 planeque
584 2295 733 2326 nugatorium
742 2301 863 2324 argumen-

92 2333 153 2351 tum.
168 2327 233 2358 quod
246 2328 298 2350 sane
310 2325 371 2349 mihi
384 2325 474 2349 videtur
486 2332 573 2349 contra.
587 2328 645 2356 quid
653 2326 763 2349 Ciceroni
772 2324 865 2356 respon-

91 2358 199 2385 debitur!
215 2358 334 2385 mendacii
345 2365 388 2387 ne,
404 2359 430 2384 ὃς
439 2356 712 2391 fufitaiis,quafiteiiem
718 2363 866 2390 corruptum,

906 141 908 144 '
924 147 962 163 aut
980 141 1134 169 inscientem,
1152 146 1289 175 arguemus?

903 246 905 251 ν
922 239 982 258 Coelm
993 239 1045 260 dies.
1064 240 1176 261 Dominus
1184 241 1211 262 ad
1222 242 1432 274 numerumjudices
1448 251 1487 265 non
1499 244 1583 268 habuit.

910 90 1319 122 uRoMAuol
1642 100 1700 140 899

964 173 968 176 γ
990 174 992 177 Ι
1122 175 1126 179 .
1148 175 1152 179 ⁵
1305 152 1354 169 non
1373 145 1404 170 ita
1417 152 1443 170 ut
1455 147 1556 179 opinor,
1573 150 1699 184 quisquam

924 173 1026 209 delipiet.
1052 177 1106 198 Sunt
1119 182 1192 205 igitur
1206 176 1251 200 haec
1264 178 1289 200 in
1301 177 1412 209 Epistola,
1432 180 1494 207 Risi,
1514 182 1636 207 Ciceronis
1648 191 1698 209 ver-

923 204 962 231 ba,
978 206 1040 229 libro
1054 209 1082 229 11.
1104 207 1130 229 ad
1150 206 1258 231 fratrem:
1275 212 1370 239 Cognosce
1382 219 1437 233 nunc
1449 214 1511 235 Idm.
1529 215 1637 237 ‘Decimm
1650 223 1697 240 eran

920 268 1009 295 verbis,
1027 277 1081 293 cum
1095 271 1147 293 idus
1159 271 1290 298 Februarii,
1308 273 1336 296 de
1352 273 1438 304 quibus
1450 275 1534 298 Cicero
1545 247 1696 307 loquffiibfigs

920 298 979 335 stunt
991 308 1019 323 ex
1032 308 1095 331 parte
1108 302 1172 338 diern
1181 303 1247 327 fuisse
1256 321 1261 331 ,
1280 302 1331 327 satis
1344 305 1444 328 constet:
1460 308 1655 340 quandoquidem
1663 318 1694 335 eo

919 330 957 354 die
975 338 1059 363 praetor
1078 335 1213 369 pominus,
1232 342 1256 359 nt
1269 336 1298 358 de
1311 343 1350 360 reo
1363 337 1528 368 cognosceret,
1546 333 1699 366 sententiam-⁴

917 370 963 399 que
980 363 1107 401 serretqin
1124 365 1205 389 forum
1225 366 1345 391 descendit
1359 377 1365 392 τ
1381 370 1498 399 sequitur,
1517 378 1541 394 ut
1558 375 1605 396 NP.
1624 374 1695 405 quod

916 394 995 431 idibus
1009 403 1120 433 omnium
1134 398 1266 426 menfirrm,
1285 401 1387 432 exceptis
1400 402 1476 432 Juniis
1490 419 1496 429 ,
1516 403 1540 426 in
1553 405 1705 430 Kalendarioe

916 427 1056 459 adieriptum
1067 429 1189 465 videmuS,
1208 430 1305 454 nefastus
1319 432 1369 455 dies
1387 434 1491 457 omnino
1505 433 1626 466 fignificari
1640 445 1691 462 non

916 458 993 496 goffit.
1010 460 1100 484 Eodem
1115 469 1139 484 in
1153 461 1216 485 libro
1229 463 1296 486 altera
1310 464 1340 487 est
1355 465 1469 495 Epistola,
1487 473 1538 496 quae
1551 466 1580 490 fic
1592 469 1675 499 incipit

917 493 1007 525 §exitus
1021 492 1086 527 poster
1097 493 1206 521 abfilulur
1219 495 1245 523 est
1259 496 1288 517 ad
1301 498 1335 519 ΙΙ.
1351 498 1402 518 ldut
1417 498 1488 519 Mart.
1506 498 1548 528 qui
1556 498 1619 527 dies,
1636 486 1692 525 fleg

917 521 956 544 die
966 524 1055 546 Sextius
1068 523 1183 547 absolutus
1196 525 1227 548 est
1236 543 1241 552 ,
1258 532 1319 550 certe
1330 526 1427 550 nefastus
1441 530 1507 559 plane
1520 531 1629 555 nonfuit.
1643 532 1691 557 suit

916 560 1007 582 autem,
1026 562 1080 578 cum
1091 557 1116 591 *ei
1131 554 1157 578 fit
1170 556 1305 584 adjunstum
1319 560 1365 581 NP.
1382 560 1459 589 priore
1467 561 1566 591 quidem
1580 570 1642 594 parte
1649 572 1692 588 ne-

914 584 994 621 fastus,
1012 586 1141 622 posteriore
1152 595 1229 611 autem
1243 589 1322 613 fastus:
1338 589 1402 614 ficuti
1416 592 1439 614 ὅ(
1452 592 1505 615 Idus
1515 593 1645 623 Februarii,
1659 596 1690 621 de

914 617 1001 653 quibus
1013 625 1122 649 proxime
1135 619 1252 647 diximus,
1271 622 1294 644 &
1307 628 1391 645 onmes
1402 622 1465 650 dies,
1483 625 1599 654 quibusin
1608 627 1693 652 Kalen-

913 649 978 672 dario
991 652 1041 674 NP.
1052 650 1182 682 appositum
1198 653 1410 678 animadvertimus
1429 657 1601 686 Aggrediamur
1613 667 1689 683 nunc:

914 681 1008 717 quando
1025 682 1048 705 δι
1071 684 1100 705 de
1118 682 1211 708 dierum
1230 685 1337 711 ratione,
1356 687 1380 709 ὅ(
1400 686 1529 715 deliretis,
1547 697 1589 713 eos
1601 690 1691 722 signifi-

913 712 1035 749 cantibus,
1053 713 1105 750 satis
1123 715 1196 738 multa
1210 732 1216 742 ‚
1235 722 1304 747 atque
1321 717 1405 745 etiam,
1426 724 1450 741 ut
1469 719 1619 749 arbitramur,
1637 722 1692 747 satis

913 751 964 780 vera
977 745 1050 768 dista:
1067 747 1134 773 alias,
1152 754 1202 778 quae
1215 744 1228 770 Ξ
1240 749 1378 772 Kalendario
1398 750 1463 777 snut,
1475 751 1563 776 literas:
1581 761 1618 776 aut
1631 761 1689 778 con-

913 774 982 812 cisas,
1000 784 1079 813 eoque
1096 777 1243 814 obscuriores
1262 781 1379 804 dissiones
1394 782 1553 814 interpretari.-
1571 792 1609 811 ur,
1627 793 1689 817 quos

910 811 1047 864 antiquitas
1064 816 1138 842 capit,
1155 817 1240 835 eorum
1259 813 1392 836 commodo
1407 821 1450 844 pro
1462 814 1537 840 nostra
1550 817 1612 841 virili
1624 824 1690 849 parte

941 848 955 863 n
968 847 982 863 u
994 848 1068 864 amus.

945 923 1357 951 KVALENDARII
1396 926 1663 958 ROMANI

1121 974 1466 1001 EXPLANATIO.

937 1034 960 1057 F.
974 1034 1047 1063 Fastm
1059 1036 1112 1059 dies.

938 1068 968 1089 C.
981 1068 1112 1090 comitialis.

938 1099 967 1120 N.
982 1100 1148 1128 NesaslunNP.

1242 1131 1255 1162 J
1273 1134 1293 1155 A
1311 1133 1341 1155 N.

938 1161 959 1182 N
968 1162 989 1183 Ο
998 1163 1027 1184 N.
1043 1163 1124 1192 ‘Nym-2.

938 1194 958 1214 Α
967 1194 987 1214 G
996 1195 1017 1215 O
1027 1196 1056 1216 N.
1074 1194 1197 1223 Aganalia.
1214 1193 1326 1219 OvidiuS.

939 1224 956 1245 E
966 1225 997 1246 N.
1013 1224 1167 1254 Endorermfin:
1186 1232 1242 1255 pro,
1260 1226 1379 1253 intercinat.
1393 1229 1480 1256 Varro,
1497 1228 1521 1252 δε
1535 1229 1679 1255 Macrobius.

905 1288 923 1309 V
938 1256 959 1277 C
969 1259 986 1277 A
995 1257 1025 1279 R.
1044 1257 1203 1279 carmentalia:
1220 1260 1277 1288 quod
1289 1258 1350 1287 sacra
1362 1265 1427 1287 rum,
1445 1260 1540 1291 &ferm
1553 1263 1681 1287 carmenrir.

925 1293 985 1309 arro.

936 1319 1008 1342 EID.
1029 1317 1090 1342 idus.

1226 1351 1242 1373 F
1258 1353 1276 1374 E
1293 1353 1309 1374 B
1326 1353 1356 1375 R.

922 1412 926 1416 .
939 1381 958 1402 L
967 1381 986 1402 U
995 1381 1009 1402 P
1017 1383 1034 1403 E
1042 1383 1072 1405 R.
1090 1382 1230 1412 Lupercalia:
1248 1384 1305 1414 quod
1315 1383 1337 1405 in
1350 1384 1464 1413 Lupercali
1476 1385 1681 1417 Lupercisacrasa·

907 1418 975 1433 ciunt.
988 1414 1066 1436 Varro.

938 1445 1042 1472 QUIR.
1088 1444 1206 1468 uirinalia:
1224 1442 1237 1467 ὲ
1282 1446 1363 1468 airino:
1395 1447 1437 1468 uod
1452 1448 1503 1470 huic
1520 1449 1556 1471 deo
1592 1449 1612 1470 ν’
1629 1464 1636 1472 .

907 1475 1005 1504 QinCi.
1017 1475 1045 1498 fr.
1055 1447 1162 1499 {gOvid-
1172 1475 1218 1499 fast.
1230 1484 1238 1499 r
1248 1447 1288 1499 ig
1380 1453 1393 1476 q
1567 1450 1591 1476 fe
1603 1457 1627 1472 Μ
1650 1448 1679 1474 ad

935 1508 951 1529 F
959 1509 976 1529 E
984 1509 1004 1530 R
1015 1512 1030 1529 A
1042 1509 1069 1530 L,
1089 1508 1174 1529 Feralia
1185 1507 1211 1531 ab
1223 1509 1310 1537 inseris,
1329 1508 1355 1533 ὑ
1366 1508 1449 1538 ferendo
1458 1525 1464 1534 ,
1479 1510 1620 1540 quodferunt
1626 1518 1677 1536 tum

904 1539 979 1568 epulas
992 1539 1021 1560 ad
1032 1539 1185 1570 fipulchrum,
1202 1539 1331 1573 quibusju1
1343 1541 1373 1564 ibi
1382 1546 1504 1573 parentare.
1523 1544 1601 1566 Varro-

937 1572 955 1592 T
964 1571 979 1592 E
989 1572 1018 1592 R.
1035 1572 1180 1593 Terminalia:
1198 1572 1284 1602 quadis
1298 1574 1341 1595 Am
1355 1574 1406 1595 anni
1419 1578 1529 1595 extremm
1541 1575 1678 1604 constiturus,

903 1601 1039 1623 duodecimus
1052 1603 1109 1624 rnim
1122 1604 1253 1633 mensiifuir
1266 1603 1408 1627 februarum.
1426 1607 1504 1627 Varro.

920 1634 955 1667 ⁴R
963 1634 981 1655 E
989 1634 1010 1654 G
1019 1635 1027 1655 1
1035 1635 1058 1658 F.
1075 1634 1225 1663 Regifugium.
1241 1635 1350 1659 Ovidius.
1359 1642 1502 1666 quamquam
1509 1636 1541 1659 est
1549 1636 1609 1660 inter
1617 1637 1678 1662 Ovi-

902 1662 970 1698 dium
979 1680 985 1689 ,
1001 1664 1024 1686 ὃ(
1037 1664 1200 1688 Kalendarium
1209 1682 1214 1691 ,
1233 1665 1262 1688 de
1274 1666 1313 1689 die
1326 1666 1617 1697 Regitugiicontrovetfia.
1630 1669 1673 1694 ille

901 1701 967 1730 enim
981 1694 1074 1726 affignat
1087 1697 1107 1719 ei
1122 1696 1238 1719 Februarii
1251 1696 1314 1720 diem
1328 1699 1675 1726 xx111,in1<a1eiidaiioaurem

901 1727 972 1762 video
991 1726 1018 1762 ³,d
1038 1730 1116 1751 XXIV.
1131 1727 1175 1751 esse
1188 1728 1327 1758 appofitum.
1345 1737 1387 1752 nec
1400 1728 1464 1755 sane,
1482 1729 1498 1752 fi
1512 1731 1587 1754 modo
1601 1733 1676 1764 Regi-

900 1757 966 1794 fugii¹
980 1757 1029 1793 dies
1042 1761 1070 1782 N.
1092 1758 1151 1786 fuit,
1167 1760 1257 1783 videtur
1270 1760 1314 1783 effe
1327 1760 1425 1792 potuisse
1439 1761 1477 1784 die
1490 1764 1569 1786 xxiii.
1582 1762 1627 1787 hoc
1639 1763 1674 1789 est

897 1790 1074 1845 ἑῖηὲιιὲιζῆὶῖιιςε
1094 1792 1137 1823 qui
1149 1793 1196 1815 NP.
1211 1791 1261 1815 dies
1273 1792 1329 1816 fuit:
1349 1793 1440 1825 alioqui
1449 1793 1499 1817 dies
1511 1793 1576 1820 idem
1589 1795 1673 1821 δςΗΡ,

961 1840 966 1844 .
985 1829 1007 1845 ut
1027 1828 1058 1845 et·

928 1855 979 1884 EQ
992 1855 1095 1886 Equiria.
1106 1856 1190 1881 Varro,
1208 1854 1298 1882 Fessua,
1316 1855 1429 1881 ovidius.

1203 1889 1229 1910 M
1248 1890 1267 1910 A
1284 1889 1306 1911 R
1323 1889 1352 1911 T.

928 1918 946 1939 L
954 1919 962 1939 1
970 1919 993 1939 B.
1012 1917 1130 1939 Liberalia.
1143 1920 1214 1940 Varro

930 1949 979 1977 QU
988 1950 1034 1971 ΚΝ.
1052 1949 1219 1978 Quinquatrui.
1232 1952 1309 1972 Varro.

928 1980 948 2001 T
957 1980 999 2001 UB
1008 1981 1015 2001 l
1024 1982 1048 2003 L.
1068 1979 1230 2005 Tubilustrum:
1248 1982 1306 2010 quad
1323 1988 1345 2002 ea
1358 1981 1393 2002 die
1405 1981 1427 2002 in
1439 1983 1586 2013 arriofietcria
1596 1985 1667 2014 sin-m·

890 2017 940 2031 rum
953 2009 1006 2032 tuba
1019 2011 1144 2039 lustrantur.
1162 2013 1232 2034 Varro
1245 2011 1289 2035 lib.
1303 2014 1330 2035 V.
1343 2011 1444 2036 ovidius
1456 2013 1497 2037 lib.
1508 2021 1528 2041 3.
1543 2014 1598 2040 Fast.
1607 2017 1632 2041 δε
1643 2025 1667 2041 1²

893 2041 917 2063 ὃς
931 2040 1015 2065 Festus.

927 2074 986 2108 QR
995 2076 1011 2095 E
1019 2075 1045 2096 X.
1059 2075 1084 2096 C.
1095 2075 1117 2096 F.
1132 2074 1226 2104 Quando
1233 2076 1280 2096 Rex
1286 2076 1409 2098 comitiavit
1418 2092 1423 2102 ,
1433 2078 1484 2100 Fas.
1496 2080 1575 2106 Varro,
1583 2078 1668 2104 Festus.

893 2104 992 2135 Scaliger
1005 2105 1030 2128 iri
1044 2104 1099 2128 Festi
1113 2105 1309 2137 castigationibus.

925 2138 950 2159 in
962 2135 1029 2159 Fastis
1041 2138 1191 2164 marmoreis,
1209 2138 1249 2168 qui
1263 2137 1350 2161 exstant
1362 2141 1458 2165 Romae,
1475 2140 1573 2164 invenio
1581 2140 1616 2165 bis
1623 2149 1668 2165 rio-

891 2173 964 2190 tatum
978 2167 1040 2191 hunc
1052 2168 1132 2195 diem,
1150 2172 1186 2192 ix.
1201 2170 1252 2192 Kal.
1264 2170 1340 2201 April.
1353 2171 1409 2193 irem
1423 2174 1461 2194 ix.
1475 2172 1524 2196 Kal.
1540 2173 1666 2201 IuniiNc—

893 2206 934 2235 mo
946 2200 1011 2230 quod
1024 2199 1106 2227 sciam,
1124 2201 1260 2232 explicavit,
1278 2202 1331 2232 quis
1343 2201 1398 2225 esset
1409 2202 1534 2232 moshujus
1541 2205 1603 2231 diei,
1621 2204 1664 2235 qui
1678 2212 1681 2218 ¹

891 2237 962 2267 ritus,
983 2239 1032 2262 qux
1050 2232 1181 2263 antiquitas.
1207 2233 1345 2260 Sciendum,
1364 2235 1424 2265 Regi
1437 2233 1565 2259 sacrorum.
1584 2243 1663 2266 neque

891 2262 1050 2298 magistratum
1068 2271 1161 2293 gerere,
1180 2271 1256 2295 neque
1274 2263 1340 2288 verba
1359 2265 1385 2288 ad
1406 2267 1522 2297 populum
1534 2266 1617 2290 habere
1629 2267 1677 2290 sas

890 2293 962 2329 fuisse.
981 2301 1100 2330 propterea
1113 2296 1138 2319 in
1151 2297 1279 2320 comitium
1290 2297 1324 2320 ire
1337 2296 1373 2320 illi
1384 2305 1433 2321 non
1445 2297 1539 2323 licebat.
1559 2298 1600 2321 nisi
1613 2298 1662 2322 hoe

891 2325 944 2362 die,
961 2334 1003 2362 qui
1020 2333 1112 2350 notatus
1131 2326 1163 2351 est
1182 2328 1205 2351 in
1224 2327 1299 2351 Fastis.
1317 2327 1365 2352 lbat
1377 2329 1443 2352 enim
1457 2330 1481 2352 iri
1494 2330 1619 2353 comitium
1631 2329 1666 2354 sa-

895 2356 981 2384 crificii
996 2359 1074 2388 cau-sa,
1090 2366 1141 2391 quo
1158 2366 1307 2391 properanter
1324 2367 1412 2392 patrato
1429 2360 1539 2392 protinus
1550 2361 1605 2393 fuga
1616 2361 1639 2385 se
1651 2360 1665 2385 ὲ

1625 2400 1673 2419 Gne-r
