2075 2734
404 115 454 149 713
693 99 1509 139 Auriqniraro‘MRomnnAnum
1551 107 1681 134 Lis-X.

404 160 611 199 reliiiquentesve
624 160 692 199 figna
707 160 891 188 indemnatos.
912 161 938 187 &
953 159 1051 186 indicta
1063 158 1145 187 causa.
1185 160 1218 187 Et
1232 159 1351 196 primum
1366 160 1477 197 quidem
1493 159 1591 188 milites
1604 159 1769 187 sacramento
1783 164 1890 193 tantum,
1901 158 1915 187 a
1928 158 1978 187 tri.

402 199 472 226 hemis
491 199 650 237 rogabantur
664 220 670 230 ‚
697 208 752 233 non
765 198 938 234 jurejurando
954 198 986 225 ad
1007 197 1134 225 militiam
1148 197 1321 234 adigebantur
1334 209 1340 225 ι
1360 198 1407 235 ipsi
1420 206 1511 227 autem
1527 199 1597 227 inter
1611 197 1638 225 se
1652 197 1826 234 conjurabant
1838 219 1846 230 ,
1868 198 1894 226 se
1910 197 1980 235 fugae

402 245 482 274 atque
495 237 645 265 formidinis
660 237 732 265 causa
745 246 800 264 non
817 236 936 265 abituros
945 256 952 266 ,
971 245 1057 273 neque
1068 245 1100 264 cx
1114 236 1209 263 ordine
1223 237 1375 264 receffuros.
1395 237 1484 265 Postea
1497 246 1563 265 vero
1576 241 1607 263 L.
1617 235 1702 263 AEmil.
1716 237 1793 263 Paulo
1810 245 1819 262 ι
1829 245 1852 263 1.
1875 240 1907 263 C.
1918 239 1977 262 Ter.

403 277 514 302 Varrone
527 276 597 302 Coss.
615 284 686 303 anno
703 282 820 302 mxxxvt
832 285 839 301 1
852 284 872 302 i.
885 274 1058 310 jurejurando
1072 274 1171 302 milites
1185 273 1242 300 fieri
1254 283 1369 310 coepere.
1410 275 1499 303 Docet
1510 275 1562 303 hoc
1578 273 1636 301 Liv.
1654 274 1699 302 lib.
1717 284 1761 301 22.
1787 274 1885 303 Milites
1899 280 1978 305 tunc,

402 315 474 349 quod
494 322 628 350 nunquam
642 320 719 340 antea
733 311 833 339 faelium
848 320 904 340 erat
917 333 925 344 ‚
950 312 1123 349 jurejurando
1136 311 1149 339 a
1162 311 1275 339 tribunis
1288 312 1407 340 militum
1420 313 1505 341 adaeti
1518 334 1524 344 ,
1553 313 1619 350 ᾒυὶῑῖι
1634 312 1705 340 Coss]
1719 320 1912 345 conventuros,
1933 321 1980 339 ne-

402 359 455 386 que
470 351 563 387 injuffu
575 351 701 378 abituros.
747 352 820 378 Nam
836 351 867 379 ad
881 359 941 378 eam
955 351 1028 379 diem
1043 349 1108 378 nihil
1121 356 1216 387 praeter
1228 350 1421 379 sacramentum
1437 359 1492 379 erat
1505 362 1510 379 z
1532 354 1559 380 ὅ(
1573 351 1619 378 ubi
1632 351 1663 378 ad
1678 349 1848 381 decus-mmm,
1869 357 1913 377 aut
1924 358 1982 383 cen-

402 388 530 415 turiurum
550 389 748 420 convenissent,
770 388 813 417 sua
832 388 983 420 voluntate,
1003 388 1050 425 ipfi
1063 390 1132 416 inter
1145 387 1170 415 se
1184 389 1286 425 equites
1298 388 1437 420 decuriati,
1457 388 1591 416 centuriati
1598 387 1696 423 pedites
1713 388 1904 424 conjurabant,
1923 385 1978 415 sese

403 425 486 463 fugae,
507 434 585 462 atque
607 426 759 454 formidinis
783 436 848 464 ergo
861 437 916 455 non
931 426 1062 458 abituros,
1082 435 1169 463 neque
1183 436 1215 454 ex
1228 427 1323 454 ordine
1336 427 1493 459 recessuros,
1513 428 1559 455 nifi
1579 428 1622 455 teli
1637 426 1770 457 sumendi,
1793 434 1838 455 aut
1851 433 1913 462 pete
1933 425 1975 457 di,

402 471 446 490 aut
459 463 536 490 hostis
553 463 679 495 feriendi,
700 472 744 493 aut
756 465 820 493 civis
833 464 952 494 servandi
966 464 1048 493 causa.
1088 465 1118 493 Id
1130 474 1163 492 ex
1177 464 1330 492 voluntario
1345 473 1414 492 inter
1428 465 1496 501 ipsos
1510 464 1612 494 foedere
1626 465 1639 493 a
1655 465 1766 493 tribunis
1779 465 1811 492 ad
1825 464 1978 501 legitimam

399 501 569 536 jurisjurandi
589 503 759 531 adafflonem
778 503 944 532 transsatum.
983 506 1046 530 Haec
1066 501 1119 532 ille.
1158 503 1193 530 Et
1211 502 1262 530 huc
1282 503 1398 538 pertinet
1412 524 1418 534 ,
1449 504 1520 540 quod
1541 513 1574 531 ex
1592 503 1638 531 lib.
1652 514 1677 539 5.
1707 502 1789 529 Cmcn'
1807 503 1841 530 de
1860 510 1888 528 re
1907 500 1981 528 mili-

402 540 450 566 tari
464 560 472 570 ,
500 540 586 577 Agell.
607 540 652 568 lib.
668 545 707 569 16.
728 550 785 577 cap.
800 551 825 576 4.
848 541 948 569 refert:
969 542 1040 568 Cum
1056 561 1063 572 ‚
1084 541 1183 577 inquit,
1205 541 1320 569 delectus
1339 541 1482 577 antiquitus
1504 541 1577 569 fieret
1590 562 1597 572 ‚
1619 543 1644 569 ἃ
1666 540 1763 568 milites
1785 540 1975 571 scriberentur,

399 578 426 604 in
445 577 632 613 jusjurandum
652 588 697 607 eos
716 579 779 609 trib.
799 579 920 615 tnjlitaris
939 579 1061 616 adigebat
1079 578 1131 606 hoc
1151 580 1249 606 modo:
1271 580 1301 606 In
1322 579 1475 615 magistratu
1494 583 1524 606 C.
1546 579 1613 606 Laeln'
1632 580 1664 606 C.
1684 581 1712 606 F.
1731 579 1802 605 Coss:
1822 582 1853 605 L.
1867 575 1980 604 Corneln'

401 616 430 641 Ρ.
444 617 472 645 F.
488 616 557 643 Coss
578 617 605 644 in
625 619 743 645 exercitu
756 638 764 651 ,
785 617 933 654 decemque
952 617 1036 644 millia
1055 616 1175 653 passuum
1197 626 1280 653 prope
1302 616 1403 645 furtum
1426 627 1480 644 non
1502 617 1581 645 facies
1601 616 1665 644 dolo
1685 616 1756 643 malo
1775 615 1842 643 solus
1855 637 1861 648 ‚
1888 623 1976 652 neque

400 662 461 680 cum
479 654 597 689 pluribus
610 675 618 686 ‚
644 655 725 691 pluris
738 656 846 683 nummi
858 656 977 693 argentei
995 656 1022 682 in
1035 655 1089 682 dies
1110 654 1225 692 singulos
1239 663 1312 683 extra
1325 655 1424 682 hastam
1441 676 1447 687 ‚
1468 655 1557 683 hastile
1570 675 1577 686 ‚
1597 655 1667 691 ligna
1681 675 1687 685 ,
1708 654 1847 690 pabulum,
1870 661 1974 684 utrem,

400 691 492 719 follem
507 713 514 723 ,
536 692 649 721 faculam
663 714 671 724 ,
693 693 711 720 s1
725 694 787 731 quid
800 694 836 721 ibi
850 694 982 721 inveneris
994 714 1001 725 ‚
1021 692 1184 721 sustulerisve
1198 714 1205 724 ,
1226 694 1297 730 quod
1312 703 1389 720 tuum
1404 703 1458 720 non
1470 695 1535 725 erit,
1555 694 1627 730 quod
1642 692 1723 728 pluris
1736 693 1843 719 nummi
1857 692 1975 727 argentei

401 731 466 760 erit,
486 731 525 758 uti
539 737 568 758 tu
581 735 613 758 C.
631 730 734 759 talium
748 733 782 759 C.
796 733 825 759 F.
839 731 903 759 Cos.
933 731 1071 758 Luciumve
1085 731 1227 758 Cornelium
1241 731 1314 758 Publ.
1329 733 1355 759 F.
1365 731 1426 758 Cos.
1442 732 1494 759 live
1515 732 1546 759 ad
1567 740 1649 767 quem
1663 739 1758 757 eorum
1778 728 1844 757 alter
1855 728 1972 764 jufferst,

399 769 530 804 perferas,
551 776 596 797 aut
609 770 770 805 profitebere
784 771 810 798 in
825 770 915 798 triduo
928 770 1057 806 proximo
1070 790 1076 800 ‚
1097 770 1225 806 quidquid
1249 771 1381 797 inveneris
1396 792 1401 800 ,
1427 769 1588 797 iustulerisve
1604 768 1669 796 dolo
1684 768 1757 795 malo
1768 789 1774 799 ‚
1802 774 1847 794 aut
1860 766 1976 794 domino

400 805 448 834 suo
462 826 468 836 ‚
490 807 564 842 cujus
577 808 604 835 id
621 807 737 835 censebis
750 808 801 835 effe
815 828 822 839 ‚
842 808 936 835 reddes
949 829 957 839 ‚
978 808 1017 835 uti
1029 808 1101 843 quod
1113 807 1184 834 τεᾶς
1201 807 1302 834 fastum
1318 807 1367 834 elle
1385 807 1464 835 voles.
1505 807 1610 835 Deinde
1630 809 1666 834 ita
1680 805 1878 841 concipiebatur
1891 804 1977 843 jusju-

399 845 512 872 randum
528 864 534 875 ‚
556 852 585 873 ut
599 845 715 873 adessent
728 867 734 877 ‚
755 845 795 873 his
808 846 903 874 additis
916 846 1116 882 exceptionibus
1131 866 1137 875 ,
1159 845 1205 872 nili
1220 845 1344 872 harumce
1364 845 1450 882 aliqua
1473 846 1545 873 caula
1560 847 1609 872 erit
1623 867 1628 876 ,
1643 847 1865 880 Junurjamtlmie
1881 863 1888 873 ,
1908 843 1978 878 serm

398 881 538 912 amicales,
564 883 721 921 Qtlendaeque
739 892 796 920 quae
815 894 870 911 non
890 884 946 920 ejus
964 884 1002 910 rei
1022 883 1096 910 causa
1117 884 1143 910 in
1165 892 1226 909 eum
1247 884 1320 910 diem
1342 883 1478 910 collocutae
1497 884 1545 910 iint
1562 904 1569 914 ‚
1603 892 1656 919 quo
1676 884 1697 910 is
1717 893 1749 909 eo
1769 883 1813 908 die
1833 882 1920 908 minus
1939 880 1977 907 ibi

400 922 463 947 effet
476 939 484 952 ,
506 920 615 949 morbus
628 921 744 949 sonticus
755 942 761 952 ,
782 922 982 958 :tu-piciumque
997 941 1004 952 ‚
1031 921 1103 957 quod
1118 921 1170 948 linc
1183 920 1286 956 piaculo
1300 922 1434 956 lar-{terite
1452 931 1507 948 non
1521 922 1597 951 licet,
1618 921 1673 956 jus,
1694 920 1806 947 hostisve
1820 920 1899 946 status
1912 927 1976 945 con-

400 956 519 986 dietusve
530 959 584 985 dies
597 968 661 986 cum
674 959 747 986 hoste
760 980 768 991 ‚
789 960 807 986 fi
820 960 862 987 cui
873 969 967 986 eorum
983 958 1110 985 harumce
1127 968 1183 995 quae
1197 959 1272 985 caula
1291 960 1341 985 erit
1355 979 1362 990 ‚
1383 967 1441 986 tum
1458 959 1484 986 se
1494 959 1619 995 postridie
1634 968 1712 994 quam
1726 967 1772 994 per
1789 966 1830 984 eas
1847 955 1932 984 causas
1947 956 1978 983 li-

400 995 471 1023 cebit
483 1016 493 1027 ‚
513 1005 545 1023 eo
565 997 608 1023 die
629 1004 771 1025 venturum
788 998 976 1033 aditurumque
997 997 1042 1032 qui
1060 1005 1121 1022 eum
1138 1004 1237 1032 pagum
1251 1016 1258 1028 ‚
1279 998 1370 1024 vicum
1384 1017 1393 1028 ,
1413 998 1581 1033 oppidumve
1599 997 1735 1033 delegerit.
1775 999 1839 1024 Haec
1855 994 1977 1031 Agellms.

402 1034 541 1070 Qantam
561 1042 651 1062 autem
667 1036 723 1062 vim
743 1034 865 1062 habuerit
884 1034 997 1061 militare
1010 1038 1198 1068 sacramentum
1212 1052 1220 1062 ‚
1248 1036 1274 1062 ἃ
1293 1041 1321 1061 ut
1336 1034 1389 1061 fine
1407 1034 1574 1062 sacramento
1590 1036 1702 1071 pugnari
1722 1044 1784 1062 cum
1805 1033 1878 1060 hoste
1897 1040 1976 1058 more

399 1072 537 1107 majorum
557 1071 625 1100 haud
645 1072 760 1103 licuerit,
780 1073 894 1100 ostendit
914 1071 1003 1099 multis
1024 1072 1107 1098 verbis
1128 1074 1180 1098 th.
1200 1072 1226 1098 in
1252 1082 1273 1099 ι.
1293 1073 1326 1099 de
1339 1072 1421 1099 Offic.
1441 1072 1485 1099 ubi
1505 1074 1599 1100 recitat
1618 1071 1773 1107 exemplum
1794 1071 1838 1098 filii
1857 1069 1977 1102 Catonis,

401 1110 446 1146 qui
467 1111 493 1137 in
514 1110 631 1137 exercitu
651 1114 682 1136 Ρ.
702 1109 798 1136 AEmiln‘
817 1118 880 1146 tyro
901 1109 1039 1137 militabat.
1062 1111 1133 1137 Cum
1154 1109 1226 1136 enim
1248 1113 1278 1137 P.
1299 1109 1398 1136 AEmilio
1418 1111 1553 1138 videretur
1572 1119 1654 1137 unam
1674 1110 1810 1137 dimittere
1829 1109 1978 1146 legionem,

399 1149 427 1175 ὃς
447 1146 551 1174 Catonis
570 1157 677 1184 quoque
698 1148 782 1175 filium
796 1169 805 1180 ‚
837 1149 882 1184 qui
902 1149 929 1175 in
950 1157 979 1174 ea
998 1147 1103 1184 legione
1125 1147 1276 1179 militabat,
1304 1148 1473 1178 dimitteret,
1506 1148 1549 1176 ille
1569 1156 1658 1176 autem
1680 1157 1773 1175 amore
1792 1146 1928 1184 pugnandi
1949 1147 1976 1174 in

399 1186 518 1213 exercitu
537 1186 717 1214 remansisset:
746 1190 810 1214 Cato
829 1186 861 1214 ad
883 1190 912 1213 P.
933 1185 1063 1213 AEmtlmm
1085 1185 1184 1220 scripfit
1197 1205 1204 1216 ,
1240 1193 1269 1212 ut
1288 1185 1306 1212 fi
1326 1194 1387 1212 eum
1409 1194 1543 1222 pateretur
1563 1187 1589 1214 in
1611 1187 1727 1213 exercitu
1747 1193 1886 1213 remanere
1901 1204 1908 1214 ‚
1938 1183 1976 1211 se-

398 1225 489 1251 cundo
508 1233 569 1250 eum
591 1224 721 1260 obligaret
743 1224 844 1252 militiae
863 1223 1038 1251 sacramento.
1058 1224 1142 1258 Cujus
1160 1223 1198 1250 rei
1218 1223 1299 1251 ctiam
1320 1225 1448 1253 meminit
1469 1224 1618 1251 Plutarchus
1639 1226 1666 1252 in
1686 1223 1869 1261 quaestionibus
1891 1222 1978 1249 Rom.

398 1262 486 1298 quaest.
504 1271 546 1298 39.
567 1271 630 1289 cum
650 1263 756 1299 quaerit,
777 1272 828 1299 qua
847 1262 921 1290 causa
941 1262 985 1290 fiat
1005 1262 1076 1298 quod
1098 1261 1143 1298 qui
1154 1261 1312 1295 firmamento
1330 1262 1441 1289 militari
1460 1272 1515 1290 non
1536 1269 1689 1290 tenerentur
1702 1283 1711 1295 ,
1731 1262 1811 1289 etiam
1832 1261 1849 1287 fi
1869 1259 1930 1287 alias
1948 1261 1976 1288 in

400 1300 486 1326 castris
502 1302 528 1327 ἃ
540 1300 658 1327 exercitu
673 1300 854 1333 versarentur,
875 1311 929 1328 non
945 1308 1035 1328 tamen
1049 1299 1177 1326 haberent
1190 1299 1233 1335 jus
1245 1300 1440 1332 interficiendi,
1461 1308 1505 1329 aut
1518 1301 1672 1329 vulnerandi
1685 1300 1775 1328 hostis.
1795 1302 1859 1327 Haec
1873 1297 1927 1327 ille.

437 1341 477 1364 De
489 1345 560 1364 AEfllle
576 1337 689 1364 militum
704 1339 853 1365 notandum
862 1360 868 1369 ‚
890 1348 936 1366 eos
949 1336 1152 1371 antefhptimum
1163 1338 1301 1369 decimum,
1322 1341 1349 1367 &
1362 1340 1420 1375 post
1435 1337 1652 1377 quadragesimum
1661 1339 1767 1372 sextum
1779 1338 1861 1365 aetatis
1875 1345 1976 1364 annum

399 1384 454 1403 non
469 1374 515 1402 nifi
528 1375 633 1402 summa
647 1377 799 1404 necestitate
812 1385 928 1414 cogente
941 1397 948 1408 ,
975 1378 1006 1403 ad
1021 1384 1095 1402 arma
1109 1376 1197 1403 votari
1211 1375 1307 1403 iolitos.
1349 1378 1438 1413 Qare
1451 1386 1513 1404 cum
1529 1387 1589 1405 mos
1602 1376 1769 1404 increbuiliet
1780 1397 1787 1408 ,
1814 1383 1844 1404 ut
1857 1376 1977 1403 minores

399 1415 479 1442 etiam
495 1414 569 1440 annis
588 1413 781 1449 septemdecim
796 1415 938 1451 aliquando
952 1413 1127 1441 scriberentur
1141 1433 1148 1444 ‚
1178 1413 1191 1440 a
1206 1417 1299 1448 Sempr.
1313 1416 1417 1441 Graccho
1438 1415 1548 1443 tribuno
1561 1415 1643 1452 plebis
1663 1415 1713 1442 lata
1730 1414 1771 1441 lex
1788 1414 1840 1442 est:
1862 1414 1906 1440 Ne
1920 1413 1977 1449 quis

398 1460 459 1480 ante
473 1461 572 1478 annum
588 1452 726 1478 decimum
739 1451 883 1487 septimum
905 1453 936 1479 ad
949 1451 1075 1478 militiam
1089 1458 1229 1487 cogeretur
1243 1471 1249 1482 ‚
1278 1453 1341 1479 teste
1357 1453 1496 1479 plutarcho.
1537 1453 1579 1480 Est
1594 1456 1617 1481 ὃς
1632 1452 1685 1479 hoc
1705 1452 1765 1479 Ioco
1778 1452 1882 1479 silentio
1895 1451 1976 1478 haud-

400 1498 534 1526 quaquam
555 1493 769 1524 praetereundum
782 1509 789 1518 ‚
822 1491 867 1525 qui
888 1489 967 1516 fuerit
988 1489 1143 1516 conterendi
1172 1488 1265 1516 militar
1272 1489 1293 1515 is
1318 1491 1420 1517 ordinis
1444 1490 1512 1527 apud
1540 1499 1641 1518 veteres
1667 1491 1739 1517 ritus.
1779 1489 1874 1516 Scribit
1901 1490 1976 1515 enim

400 1530 482 1554 Bam.
498 1525 633 1563 Briffonius
646 1527 692 1553 IC.
720 1527 787 1558 Eos,
807 1528 852 1563 qui
868 1526 969 1554 militiae
983 1535 1084 1553 nomen
1099 1527 1236 1556 dederint,
1257 1535 1312 1553 non
1322 1528 1394 1562 prius
1410 1529 1526 1555 militum
1541 1537 1655 1555 numero
1668 1527 1786 1558 habitos,
1808 1536 1888 1563 quam
1905 1527 1975 1562 jure-

399 1565 515 1600 jurando
527 1564 612 1592 adae'ci
626 1585 635 1596 ,
657 1564 737 1591 cinffi
751 1584 758 1594 ‚
780 1566 805 1592 ὃς
818 1566 844 1591 in
859 1573 986 1592 numeros
1002 1563 1077 1590 relati
1091 1568 1181 1591 eilent.
1223 1565 1427 1598 Desiicramemo
1443 1566 1552 1592 minari
1563 1567 1619 1601 jam
1631 1567 1746 1593 diximus
1797 1569 1872 1600 Cmgs
1884 1572 1976 1591 autem

402 1612 461 1630 eos.
483 1603 527 1639 qui
543 1603 612 1629 inter
625 1601 725 1629 milites
738 1602 943 1638 recipiebantur,
966 1601 1126 1629 contire-visse
1139 1622 1145 1632 ‚
1167 1611 1198 1629 ex
1212 1601 1229 1628 l.
1248 1601 1430 1630 filiusfamilias
1446 1606 1472 1631 ὃς
1486 1603 1503 1629 l.
1515 1604 1602 1631 Titius
1620 1606 1644 1631 ὃς
1661 1603 1678 1629 l.
1693 1603 1765 1640 quod
1781 1603 1890 1633 dieitur,
1912 1603 1935 1638 §.
1955 1612 1977 1630 1.

401 1640 429 1668 ff.
447 1641 480 1668 de
497 1639 575 1667 milit.
588 1640 692 1669 testam.
705 1639 781 1667 facile
797 1640 887 1677 colligi
902 1640 996 1677 potest.
1026 1639 1113 1666 Fiunt
1127 1647 1217 1667 autem
1233 1649 1293 1666 mos
1306 1640 1351 1666 iste
1364 1650 1395 1668 ex
1410 1650 1456 1670 eo,
1477 1642 1549 1676 quod
1564 1641 1609 1677 qui
1627 1640 1774 1669 militabant
1787 1649 1883 1668 omnes
1896 1640 1977 1668 cinsti

399 1686 490 1710 crant,
511 1677 743 1714 quemadmodum
763 1682 867 1705 Servius
888 1679 914 1705 in
929 1688 953 1704 2.
981 1675 1086 1704 AEneidt
1100 1677 1207 1714 Virgilii
1221 1678 1308 1704 tradit.
1349 1679 1388 1705 Ex
1404 1687 1459 1715 quo
1479 1679 1505 1705 in
1513 1678 1640 1713 procdeu
1655 1679 1723 1706 faeta
1737 1680 1893 1706 testamenta
1908 1677 1976 1716 festo

400 1719 548 1752 interprete
561 1736 568 1747 ‚
589 1715 743 1743 dicebantur
757 1725 814 1753 quae
835 1717 932 1744 milites
947 1716 1090 1752 pugnaturi
1106 1736 1113 1746 ,
1135 1716 1177 1743 vel
1190 1736 1197 1747 ‚
1218 1722 1248 1743 ut
1258 1714 1361 1751 planius
1375 1716 1541 1750 Plutarchus,
1561 1716 1731 1753 praesentibus
1744 1716 1977 1745 commilitonibus

397 1754 595 1791 nuncupabant.

440 1794 500 1820 Nec
513 1802 578 1820 vero
591 1792 619 1819 in
630 1792 716 1819 castris
727 1791 859 1827 diftc'm‘lus
872 1793 929 1830 quis
943 1791 996 1819 smc
1008 1800 1073 1820 nota
1089 1791 1249 1821 versabatur:
1269 1793 1393 1829 quinimo
1407 1792 1458 1820 hoc
1465 1794 1565 1830 grande
1579 1792 1675 1826 sceluS,
1692 1799 1834 1829 morteque
1845 1792 1974 1828 piandum

399 1830 522 1859 militaris
532 1829 673 1866 disciplinae
687 1829 769 1858 severi
785 1832 887 1865 censore,-
903 1830 1046 1858 credebant
1056 1852 1064 1863 ‚
1085 1830 1104 1857 si
1117 1832 1175 1868 quis
1189 1830 1343 1859 ambulaflet
1356 1851 1365 1862 ,
1385 1839 1430 1858 aut
1444 1831 1539 1857 vallum
1557 1830 1671 1859 subiiss‘et
1689 1831 1837 1858 discinCtus.
1879 1831 1976 1859 Exem-

398 1871 476 1907 plum
491 1868 594 1896 Tacitus
605 1867 673 1896 libro
684 1869 828 1896 undecimo
841 1868 939 1905 praebet
948 1889 955 1899 ‚
977 1870 1020 1895 cui
1034 1869 1101 1896 addc
1114 1870 1270 1906 ignominiae
1283 1869 1405 1897 militaris
1418 1877 1501 1905 genus
1515 1868 1603 1901 suiss'e,
1623 1876 1652 1895 ut
1660 1868 1771 1902 dfimc‘li
1786 1869 1827 1896 vel
1840 1869 1919 1900 stare,
1932 1869 1975 1897 vel

399 1917 466 1946 opus
479 1907 564 1935 facere
584 1906 682 1934 milites
696 1915 865 1944 cogerentur.
903 1907 1042 1934 Postremo
1061 1908 1088 1934 in
1101 1917 1228 1936 numeros
1248 1907 1346 1935 milites
1365 1906 1459 1934 referri
1472 1907 1613 1934 debebant.
1655 1907 1730 1934 Nam
1751 1907 1796 1944 qui
1810 1908 1933 1934 nondum
1947 1909 1976 1935 in

401 1947 519 1975 numeris
532 1952 606 1973 erant
621 1965 628 1975 ‚
647 1945 731 1972 etiam
746 1945 763 1972 si
779 1944 840 1973 lecti
855 1953 963 1981 tyrones
976 1944 1058 1973 essent
1073 1966 1079 1976 ,
1101 1948 1127 1973 &
1142 1945 1253 1981 publicis
1272 1945 1390 1981 expensis
1405 1945 1455 1972 iter
1468 1944 1585 1973 facerent
1599 1965 1605 1977 ,
1634 1945 1756 1973 nondum
1770 1952 1861 1972 tamen
1877 1945 1978 1974 milites

401 1984 577 2015 habebantur,
598 1982 615 2010 l.
628 1991 660 2009 cx
673 1993 715 2010 eo.
731 1982 758 2011 ff.
775 1984 809 2011 de
823 1984 901 2011 milit.
913 1984 1015 2012 testam.
1055 1986 1120 2011 Haec
1133 1984 1189 2012 fere
1204 1983 1334 2011 Barnabas
1348 1982 1485 2019 Briffonius
1496 1983 1539 2011 lib.
1554 1993 1578 2011 2.
1604 1982 1767 2011 Scleetarum
1784 1993 1816 2011 ex
1832 1993 1890 2019 Jure
1906 1984 1977 2012 civili

402 2023 588 2062 antiquitatum
597 2041 603 2052 ‚
625 2029 680 2056 cap.
689 2023 757 2087 όάδζ
775 2032 800 2056 7.
821 2023 910 2059 Atque
924 2022 958 2049 de
972 2020 1078 2049 delectu
1091 2024 1118 2051 &c
1131 2021 1405 2056 nnlimrrsticmmemo
1419 2020 1554 2050 haetenus.
1594 2022 1657 2058 Jam
1671 2022 1752 2060 qualis
1771 2023 1901 2051 exercitus
1921 2024 1979 2058 Ro2

404 2068 547 2087 manorum
562 2059 656 2087 tuerit.
678 2060 702 2087 vi
724 2069 737 2086 e
757 2060 836 2087 imus.

1076 2133 1101 2160 C
1126 2141 1144 2160 A
1171 2118 1194 2160 ri
1242 2130 1297 2161 IV.

722 2199 775 2233 De
790 2199 957 2249 legionibus
969 2228 979 2244 ,
1005 2202 1135 2236 auxiliis
1150 2227 1160 2243 ,
1189 2206 1225 2243 &⁶
1241 2200 1321 2249 quod
1331 2202 1386 2249 jus
1401 2202 1501 2250 fuerit
1517 2203 1656 2251 legionis.

402 2282 599 2351 Universus
618 2286 740 2311 exercitus
761 2287 900 2316 Romanus
920 2290 947 2316 in
961 2289 1022 2317 duas
1041 2298 1129 2327 partes
1147 2288 1244 2316 divisus
1265 2289 1331 2322 fuit,
1351 2289 1378 2317 in
1398 2289 1515 2327 legiones,
1536 2279 1564 2323 δὲ
1582 2288 1690 2318 auxilia.
1730 2288 1804 2327 Legio
1821 2288 1835 2317 ἐι
1853 2288 1977 2327 legendo,

501 2322 565 2349 teste
580 2325 700 2351 Varrone.
724 2324 833 2356 dicitur,
855 2328 916 2362 quia
928 2327 1053 2364 leguntur
1068 2328 1167 2355 milites
1183 2329 1211 2354 in
1225 2327 1327 2355 delectu
1343 2338 1347 2354 z
1370 2328 1411 2355 vel
1431 2328 1444 2356 a
1462 2329 1589 2366 deligendo
1601 2349 1609 2358 .
1630 2336 1658 2356 ut
1675 2327 1745 2355 Plut.
1763 2328 1852 2356 icribit
1870 2329 1897 2355 in
1919 2328 1975 2354 Ro—

501 2360 590 2393 mulo,
607 2360 680 2397 quod
688 2369 720 2390 ex
734 2363 859 2393 omnibus
871 2372 1003 2402 pugnaces
1016 2366 1044 2396 iu
1058 2365 1110 2395 illis
1123 2366 1219 2395 delcdti
1233 2365 1331 2395 forent.
1353 2366 1468 2404 Vegetins
1481 2367 1619 2405 legionem
1634 2365 1665 2395 ab
1681 2365 1804 2405 eligendo
1817 2365 1979 2409 appellata-mr

1922 2411 1973 2436 ait,

2027 2526 2033 2734 l

2052 0 2075 253 l
