2075 2734
297 74 417 103 Latii-:s
438 66 638 101 nunonem
656 71 845 100 'risuum
863 79 939 100 cvM
961 82 1068 102 naevi
1089 83 1275 104 οοΜΜεΝτ.
1314 77 1396 105 Car.
1418 79 1445 108 6.
1612 85 1664 121 567

78 129 190 165 {tl-bunis
205 126 302 166 plebis,
322 136 356 154 ne
370 126 493 163 cogitatis
508 124 628 161 quidem.
662 122 860 162 Admirandum
869 143 878 163 ,Ι
898 130 1003 152 tantum
1019 125 1135 160 majores
1148 127 1174 154 in
1188 127 1323 163 posterum
1341 129 1492 164 providisse.
1525 130 1557 159 In
1570 130 1664 166 privos

79 171 202 200 homines
221 167 292 204 leges
313 164 375 192 ferri
395 164 552 194 noluerunt,
571 161 597 189 id
618 160 654 187 est
671 161 744 188 enim
760 160 936 203 prnvkgyum,
958 171 1012 199 quo
1033 165 1095 200 quid
1114 165 1150 191 est
1165 165 1304 200 injustius?
1325 167 1396 194 Cum
1412 167 1477 205 legis
1490 166 1546 196 haec
1560 170 1600 196 vis
1615 169 1661 202 fit,

75 210 170 238 scitum
185 205 251 237 effe,
271 206 298 233 δε
311 203 409 238 juffum
425 204 451 230 in
466 209 575 230 omnes,
596 201 648 241 ἃς.
668 198 802 227 Ηειὸὶεῐιιις
816 202 907 227 thero.
929 201 996 237 Quae
1007 203 1080 229 enirn
1098 201 1241 239 lequuntur
1253 204 1347 236 verba,
1369 214 1398 232 ea
1411 205 1520 243 sequens
1528 214 1607 242 caput
1615 217 1660 237 ex-

75 247 183 285 plicant.
208 244 278 271 Vide
291 241 424 277 cajatiam
439 240 483 267 lib.
496 237 719 266 observationum
736 248 744 264 1
754 244 776 271 ς.
790 247 812 265 c.
828 239 868 265 18.
897 239 958 266 Nec
971 240 1059 268 multo
1073 240 1148 268 aliter
1160 242 1296 268 Raemrdus
1307 252 1366 270 eam
1382 244 1580 280 interpretatur.
1607 244 1662 282 Jo-

65 285 156 321 ,βψω
176 291 267 312 tamen
286 280 395 317 Scaliger
414 276 634 313 Castigationibus
655 275 682 303 in
703 274 801 311 Festum
820 275 911 303 scribit
924 296 932 308 ‚
961 278 1038 305 verba
1053 278 1173 305 ciceron„
1187 292 1194 305 .·
1222 281 1296 308 Ferri
1308 281 1341 309 de
1354 282 1458 318 lingulis
1472 303 1480 314 ,
1506 282 1553 310 nili
1568 292 1660 311 centu-

74 323 148 352 riatis
166 321 286 350 comitiis
299 317 455 346 noluerunt,
474 313 526 342 esse
540 314 792 349 interpretationem
806 313 871 350 legis
884 313 961 351 hujus
976 337 982 346 ‚
1004 316 1144 354 I'rwn'egm
1157 328 1187 343 ne
1202 315 1326 356 irrogante
1339 340 1346 351 ‚
1365 329 1427 357 pag.
1442 331 1501 358 ¹33·
1517 321 1589 357 quod
1603 331 1659 350 non

72 361 169 399 Placet,
188 359 258 388 Vide
270 358 350 385 etiam
365 353 449 391 Agell.
462 351 506 380 lib.
521 363 562 380 10.
577 361 633 388 cap.
646 362 689 379 20.

114 396 275 435 privilegia)
297 393 386 421 Privus
404 390 568 428 adjeetivum
589 390 625 418 est
639 411 646 422 ,
673 389 821 431 significans
831 389 962 429 singulum
975 403 984 418 :
1007 400 1058 431 pro
1077 402 1130 430 quo
1145 401 1236 422 tamen
1251 397 1319 432 apud
1333 396 1476 425 Ciceronem
1489 406 1539 434 pro
1553 397 1656 431 domo,

74 440 103 468 &
122 436 167 464 lib.
183 446 206 474 3.
225 436 259 463 de
276 430 375 470 legibus
396 428 524 457 mendose
543 429 641 467 legitur
652 437 784 463 pru-atus.
824 429 867 456 Est
881 437 971 457 autem
985 430 1149 468 prnulegium
1163 432 1205 468 jus
1218 433 1346 471 singulare
1362 438 1388 464 ὅς
1404 437 1430 463 in
1439 445 1516 466 certae
1523 435 1656 472 personae,

74 475 117 506 vel
131 475 211 503 causse
223 473 353 510 gratiam,
373 468 548 496 favoremve:
569 470 596 496 ὅ(
610 467 652 495 lex
667 467 701 495 de
714 477 768 495 uno
781 467 894 496 homine
905 467 970 499 lata,
991 467 1103 505 Isidorus.

112 511 262 550 Irrogamo.]
281 512 392 545 lrrogare
404 504 513 543 proprie
525 505 655 544 fignificat
668 505 769 543 legibus
783 506 906 544 infligere
919 526 926 539 ‚
946 514 975 535 ut
987 507 1101 544 irrogare
1108 515 1211 542 poenam
1226 528 1233 540 ‚
1254 508 1314 542 &a
1328 510 1380 539 hoc
1392 511 1453 541 loco
1467 512 1573 542 videtur
1585 513 1655 550 pofifl

71 559 132 583 tum
145 560 196 589 pro
210 547 337 586 fimpljci,
356 555 459 584 rogare,
479 543 521 572 vel
532 553 584 581 pro
597 544 776 573 introducere.

293 614 316 645 I
322 611 351 644 I.
378 611 430 643 De
445 610 545 657 capite
560 610 661 650 civis,
687 608 744 655 nist
752 618 810 657 per
825 610 996 643 maximum
1013 611 1223 654 comitiatum,
1248 612 1425 657 neferunto.

107 677 271 716 Reipublicae
288 676 413 708 interest,
433 675 520 713 inquit
532 673 667 710 maianus,
687 681 717 702 ut
731 673 826 702 delicta
839 675 993 710 puniantur.
1026 676 1087 702 Hoc
1101 675 1343 705 animadvertentes
1357 677 1491 711 Romani,
1511 679 1592 707 etiam
1609 678 1658 718 ipfi

68 715 113 746 sua
129 718 229 754 judicia
247 714 399 754 gravissime
418 714 612 742 constituerunt
626 736 633 744 ‚
661 715 687 741 δί
706 713 755 741 alia
775 712 885 749 quidem
900 734 907 745 ,
936 711 1059 740 videlicet
1077 713 1179 741 leviora
1192 713 1378 751 magstratibus
1392 717 1571 745 mandarunt:
1597 727 1657 756 gra.

69 757 145 783 viora
160 762 251 783 autem
263 776 270 786 ‚
291 753 336 781 ubi
349 754 383 781 de
394 753 480 789 capite
493 752 559 780 civis
572 752 662 779 aetum
681 751 745 783 fuit,
767 750 882 787 populus
894 751 940 779 fibi
955 751 1097 779 reservavit
1110 772 1118 783 ‚
1139 751 1266 789 illamque
1280 752 1372 789 populi
1385 755 1545 790 potestatem
1561 756 1657 783 decem-

67 792 123 821 viri
141 793 190 821 hac
209 793 267 830 lege
287 791 501 823 confirmarunt,
523 797 553 818 ut
572 790 605 817 de
624 790 710 825 capite
731 789 810 821 civis,
831 789 878 816 nisi
897 788 1046 817 centuriatis
1063 789 1183 823 comitiis,
1203 801 1259 819 non
1277 800 1435 829 rogaretur,
1457 792 1499 820 vel
1519 793 1550 820 ad
1571 803 1657 830 popu.

67 830 125 860 lum
143 831 298 860 referretur.
339 829 382 857 Sic
405 830 487 856 etiam
505 827 595 856 scribit
608 827 757 861 Pomponius
770 836 826 855 non
841 828 955 863 potuisse
967 828 1082 864 confides
1095 829 1192 864 injussu
1205 829 1297 865 populi
1312 831 1345 856 de
1359 830 1446 865 capite
1459 830 1523 857 civis
1539 832 1658 860 Romani

66 869 228 898 sententiam
242 869 319 896 ferre.
356 867 475 904 Ideoque
487 866 588 894 secures
601 864 745 901 Consuhbus
757 865 898 902 aliquando
910 866 1044 903 ademptae
1059 876 1088 894 ea
1101 866 1161 904 lege
1176 869 1201 895 ὃς
1217 868 1374 895 conditione
1389 868 1403 895 a
1418 867 1511 905 Largio
1524 868 1658 896 DiHatore

66 909 192 937 restitutae
210 908 356 940 dicuntur,
382 915 416 933 ne
436 906 467 933 iis
485 905 513 932 in
533 912 612 940 caput
633 904 698 931 civis
717 904 837 931 Romani
851 904 947 941 injuffu
961 904 1053 941 populi
1068 905 1322 934 animadverterent.
1361 905 1550 933 Posterioribus
1564 914 1657 936 tamen

66 945 234 984 temporibus
247 966 255 977 ‚
281 944 429 972 constitutis
448 942 633 983 quaestiom'bus
651 941 764 979 publicis
782 951 837 969 non
862 942 917 979 ipse
936 942 1049 979 populus
1070 943 1104 970 de
1122 943 1248 971 omnibus
1267 943 1426 972 criminibus
1445 943 1596 980 capitalibus
1614 946 1657 981 ju-

65 984 179 1012 dicavit:
198 983 243 1012 sed
261 980 398 1022 quaefitores
411 980 542 1016 parruidii
555 1002 564 1014 ,
587 981 628 1009 vel
642 988 756 1015 praetores
774 980 941 1017 publicarum
961 981 1136 1019 quaestionum
1155 981 1254 1019 delegit
1265 1002 1274 1015 ‚
1299 981 1382 1020 iisque
1401 983 1498 1019 judicia
1517 981 1560 1011 illa
1580 992 1657 1011 com-

64 1022 144 1051 mifit.

103 1065 152 1088 Per
170 1059 314 1088 maximum
326 1057 507 1093 comitiatum]
529 1057 559 1085 Id
575 1058 625 1090 est,
644 1065 693 1094 per
706 1056 848 1085 centuriata
860 1056 961 1085 comitia
976 1079 982 1090 ‚
1006 1059 1033 1086 in
1048 1058 1142 1096 quibus
1155 1058 1268 1095 populus
1282 1057 1426 1096 descriptus
1441 1058 1533 1093 censu,
1554 1060 1657 1089 ordini-

63 1098 127 1130 bus,
146 1099 280 1130 aetatibus,
300 1097 358 1134 plus
372 1096 494 1125 adhibeat
510 1097 537 1124 in
551 1095 704 1133 suffragium
720 1096 834 1128 confihi,
855 1105 936 1133 quam
953 1096 1008 1124 fuse
1023 1098 1049 1125 in
1063 1096 1141 1124 tubus
1156 1106 1329 1126 convocatus.

100 1136 222 1166 Habetur
234 1137 290 1164 haec
304 1136 345 1164 lex
358 1136 427 1172 apud
441 1134 584 1162 Ciceronem
598 1134 642 1163 lib.
655 1145 680 1173 3.
694 1135 728 1163 de
740 1134 856 1172 legibus,
878 1136 905 1162 &
919 1137 1041 1163 oratione
1053 1144 1103 1172 pro
1117 1134 1200 1173 Sestio.

118 1203 202 1236 ΙΙΙ.
227 1201 330 1250 Juffus
341 1201 446 1248 populi
466 1204 501 1240 ὠ·
510 1197 763 1246 fiaffiagiafhmo.
789 1197 998 1244 Quodcunque
1011 1199 1189 1248 postremum
1203 1199 1444 1250 populusjuffit,
1471 1199 1506 1233 id
1513 1202 1588 1245 jus,

736 1257 898 1293 ratumque
915 1246 981 1291 esto,

104 1318 185 1348 Extat
203 1317 258 1347 haec
277 1316 335 1349 lex,
355 1324 406 1354 qua
423 1313 525 1342 comitia
543 1313 650 1352 populi,
671 1316 698 1344 ὃς
718 1312 840 1352 suffragia
858 1313 1067 1346 confirmantur,
1087 1315 1156 1351 apud
1173 1314 1276 1344 Livium
1290 1315 1335 1344 lib.
1348 1326 1373 1352 7.
1385 1315 1431 1344 ubi
1446 1316 1480 1345 fic
1494 1316 1598 1347 scribit:
1619 1319 1651 1349 In

62 1354 180 1386 secundo
199 1358 352 1393 interregno
372 1362 431 1383 orta
450 1355 588 1382 contentio
607 1354 644 1381 est
656 1374 663 1385 ,
685 1351 758 1390 quod
781 1354 835 1382 duo
848 1352 955 1388 patricii
977 1353 1091 1388 Corfides
1111 1354 1266 1382 creabantur
1279 1376 1286 1387 ‚
1308 1354 1587 1393 intercedentibusque
1605 1358 1653 1386 tri.

64 1393 138 1422 bunis
151 1415 158 1426 ‚
184 1396 304 1423 Interrex
320 1391 411 1420 Fabms
423 1391 509 1427 ajebat
523 1412 530 1423 ‚
557 1393 585 1419 in
599 1401 631 1419 xi
642 1402 662 1419 1.
675 1390 770 1419 tabulis
782 1391 872 1429 Iegem
888 1391 957 1421 esse,
984 1400 1012 1418 ut
1025 1392 1203 1428 quodcunque
1216 1394 1384 1428 postremum
1399 1393 1512 1430 populus
1525 1395 1652 1430 jussisset,

62 1433 90 1460 id
106 1434 160 1468 jus,
182 1441 323 1468 ratumque
337 1429 412 1458 effet:
433 1430 537 1468 Juffum
550 1429 661 1466 populi,
683 1427 842 1468 &ficffmgta
856 1430 915 1458 effe.
937 1429 1065 1457 Meminit
1078 1429 1199 1466 ejusdem
1213 1430 1301 1458 Livius
1314 1431 1360 1459 lib.
1372 1442 1398 1468 9.
1412 1440 1492 1469 atque
1505 1436 1588 1460 thero
1601 1443 1653 1471 pro

65 1470 161 1503 Balbo,
181 1474 208 1500 ὃ(
220 1470 266 1498 lib.
281 1479 305 1496 2.
319 1469 352 1496 de
366 1468 533 1496 Inventione.

101 1507 234 1549 suffugia
251 1507 355 1543 fianta]
377 1503 534 1544 Suffragium
557 1503 590 1543 est
616 1515 666 1532 vox
684 1505 730 1533 illa
748 1515 803 1544 qua
822 1505 932 1533 dabatur
949 1504 976 1532 in
995 1504 1101 1532 comitiis
1115 1527 1123 1537 ‚
1150 1506 1190 1538 (ς’
1209 1505 1236 1533 in
1255 1505 1352 1533 tabelli:
1370 1505 1551 1541 describebatur
1563 1529 1572 1541 ‚
1599 1519 1652 1548 qua

63 1547 232 1585 unufiqurfique
241 1547 318 1580 fitam
337 1543 480 1571 declarabat
499 1544 657 1572 voluntatem
678 1544 710 1571 de
727 1547 813 1583 astque
831 1542 982 1582 magistram
1000 1542 1118 1575 creando,
1137 1552 1185 1570 aut
1203 1554 1244 1570 reo
1262 1544 1416 1572 damnando.
1458 1545 1541 1574 Initio
1561 1556 1652 1576 autem

64 1593 149 1616 voce,
169 1586 195 1612 δι
215 1584 303 1620 palam
322 1582 487 1613 ferebantur,
507 1588 537 1609 ut
555 1592 627 1610 nunc
641 1591 749 1619 quoque
763 1585 809 1615 iit,
829 1584 916 1611 donec
936 1581 1070 1610 ferrentur
1082 1581 1221 1610 tabellariae
1234 1581 1320 1619 leges,
1342 1581 1534 1622 quzfitffragia
1551 1585 1652 1615 tabellis

63 1621 178 1651 describi
196 1620 347 1650 voluerunt.
387 1618 538 1656 Aliquando
557 1627 649 1648 tamen
662 1618 818 1659 suffugium
838 1630 888 1658 pro
907 1620 1005 1649 auxilio
1018 1621 1155 1657 accipitur.
1196 1621 1246 1649 Sed
1259 1620 1304 1649 hic
1316 1621 1350 1649 de
1363 1621 1447 1657 priori
1460 1620 1652 1658 fignificatione

62 1669 79 1689 a
98 1669 178 1688 imus.

77 1669 274 1737 ngdcunque
289 1694 438 1734 pestremum
454 1692 689 1732 populusjufferit]
712 1697 784 1725 Cum
789 1697 896 1732 senatus
910 1717 917 1727 ,
942 1704 986 1724 aut
994 1695 1098 1731 populus
1108 1701 1238 1725 Romanus
1254 1696 1338 1725 multa
1350 1696 1452 1733 jusserit
1465 1717 1472 1728 ,
1499 1705 1557 1733 quae
1571 1697 1649 1728 simul

61 1736 160 1766 servari
180 1745 235 1764 non
250 1735 372 1772 possunt,
394 1735 523 1771 quoniam
539 1743 570 1762 ex
586 1734 721 1762 diametro
735 1736 852 1763 invicem
867 1743 1001 1772 pugnant:
1023 1743 1087 1764 tunc
1106 1736 1273 1772 postremum
1287 1746 1336 1773 pro
1349 1736 1407 1772 jure
1421 1735 1580 1763 servandum
1597 1739 1648 1770 est,

61 1781 94 1803 ut
106 1774 186 1803 sicubi
199 1775 270 1811 leges
282 1773 332 1800 sint
345 1771 446 1809 scriptae
460 1781 518 1808 quae
530 1770 604 1799 nullo
618 1772 704 1800 modo
720 1774 855 1802 conciliari
871 1774 993 1809 poffunt,
1013 1773 1118 1810 semper
1130 1775 1254 1803 ultimam
1268 1773 1417 1811 sequamur.
1461 1775 1534 1800 Nam
1547 1776 1651 1811 postre-

63 1822 110 1842 ma
121 1813 273 1851 graviffima
284 1810 352 1838 sunt·
392 1810 472 1837 Unde
485 1809 637 1844 510⁴&stan
644 1822 654 1836 -'
673 1816 693 1838 αἱ
704 1816 875 1847 μιτα-ῥῗυέςεραῖι
889 1817 1007 1848 ἐκτάξεις
1019 1816 1147 1848 ἱχυεᾶτεριη
1160 1819 1178 1840 52:
1192 1819 1237 1846 ‘av-33
1250 1817 1323 1841 abi-&r
1335 1816 1398 1842 eim.

103 1851 231 1888 Respexit
246 1850 278 1878 ad
296 1849 364 1877 hanc
377 1848 466 1886 legem
480 1848 569 1874 author
583 1847 767 1876 Rhetoricorum
780 1850 813 1877 ad
826 1850 996 1878 Herennium
1011 1871 1017 1881 ,
1043 1851 1112 1878 libro
1127 1860 1151 1877 z.
1165 1860 1249 1887 quum
1264 1860 1323 1878 eam
1337 1849 1520 1878 defensionem
1535 1849 1645 1880 tenuem

63 1890 219 1920 contendit,
239 1898 289 1925 qua
306 1887 466 1918 ostenditur,
488 1886 515 1914 id
535 1885 635 1914 fastum
658 1887 724 1919 effe,
746 1889 818 1924 quod
837 1898 867 1916 ea
885 1888 926 1916 lex
938 1887 1048 1916 sanciat:
1070 1890 1111 1916 cui
1124 1889 1177 1925 legi
1190 1887 1355 1925 abrogatum,
1376 1887 1418 1916 vel
1433 1887 1582 1925 derogatum
1597 1890 1645 1920 sit:

63 1929 92 1965 jd
105 1928 177 1966 quod
191 1926 329 1963 posteriori
342 1926 400 1964 lege
414 1924 544 1953 sancitum
560 1924 604 1956 fit,
624 1925 676 1953 effe
689 1926 852 1963 neglecstum.

155 1991 223 2027 IV.
250 1987 290 2021 Ut
297 1987 326 2034 fi
330 1986 448 2035 judex,
475 1986 628 2022 arbiterve
637 1989 710 2034 jure
723 1986 814 2022 datus
824 2016 834 2031 ‚
854 1990 1019 2035 pecuniam
1035 1986 1069 2022 ob
1084 2000 1148 2022 rem
1160 1986 1367 2033 judicandam
1383 1991 1552 2038 accepistin

684 2039 785 2086 capite
794 2048 899 2086 poenas
914 2038 1017 2071 lueret.

102 2106 242 2145 Descripta
253 2107 290 2136 est
304 2107 358 2136 haec
371 2107 413 2136 lex
428 2117 460 2137 ex
473 2118 530 2146 cap.
542 2119 564 2137 1.
578 2107 646 2136 libro
658 2119 701 2136 20.
714 2107 825 2145 Agellu,
848 2117 898 2145 qua
907 2107 1272 2144 statuiturpoenainjudicum
1283 2106 1625 2146 arbitrorumveperfidiam
1635 2132 1645 2143 ,

65 2155 147 2185 quam
168 2146 294 2175 omnibus
313 2145 432 2175 aetatibus
450 2148 514 2175 odio
532 2147 688 2175 hominibus
707 2145 782 2174 fuisse
801 2147 915 2175 ostendit
935 2147 1015 2174 etiarn
1035 2146 1175 2181 exemplum
1187 2146 1249 2174 illud
1263 2143 1387 2184 Camfffis
1401 2147 1482 2183 Regis
1498 2147 1646 2176 Feriarum.

65 2187 188 2214 Testatur
205 2192 295 2214 autem
310 2183 469 2212 Phavorinus
481 2186 550 2222 apud
565 2186 696 2223 Agelltum
711 2206 718 2218 ,
742 2184 842 2221 populo
860 2186 986 2212 Romano
999 2184 1066 2212 hanc
1079 2193 1188 2221 poenam
1203 2185 1285 2213 nimis
1297 2184 1391 2212 duram
1405 2184 1456 2212 effe
1467 2185 1550 2213 visam
1565 2197 1570 2213 :
1598 2188 1646 2224 qui

63 2224 154 2261 postea
166 2224 248 2260 passus
262 2223 292 2252 fit
306 2222 393 2259 legem
409 2222 486 2259 hujus
497 2225 601 2261 generis
614 2225 647 2252 de
660 2232 716 2252 tam
732 2223 884 2251 immodico
898 2223 1042 2260 supplicio,
1064 2223 1198 2260 fituatque
1206 2223 1278 2251 senio
1285 2222 1383 2250 emori:
1404 2223 1518 2260 ideoque
1525 2223 1625 2252 fastum
1634 2245 1645 2256 ,

64 2270 95 2290 ut
113 2262 301 2299 posterioribus
320 2261 487 2299 temporibus
500 2261 632 2298 ejusmodi
642 2263 745 2299 judices
759 2262 845 2297 injusti
859 2271 891 2289 ex
904 2262 956 2299 lege
967 2261 1161 2296 repetundarum
1175 2270 1247 2290 extra
1258 2261 1380 2288 ordinem
1394 2261 1479 2299 puniti
1491 2283 1498 2294 ,
1526 2264 1550 2290 Sc
1564 2262 1644 2298 pleri⁴

65 2309 116 2338 que
127 2321 134 2332 ,
158 2300 198 2328 vel
215 2301 294 2329 exilio
309 2299 417 2329 multati
430 2299 480 2329 sint
492 2320 499 2333 ,
519 2299 561 2328 vel
575 2301 657 2330 etiam
671 2301 769 2330 diutius
781 2321 789 2334 ‚
814 2307 895 2338 prout
908 2299 1062 2330 admiserint
1075 2321 1083 2334 ‚
1107 2300 1172 2329 teste
1185 2298 1328 2336 Modaestn'zo.
1367 2300 1410 2328 De
1422 2300 1526 2329 arbitris
1540 2299 1643 2328 dicetur

62 2338 141 2377 paulo
156 2338 222 2378 post.

1563 2378 1593 2405 V.
1613 2380 1650 2405 Ut
