2075 2734
372 110 427 145 293
667 95 1480 133 AurtquxrarumROMANARum
1519 96 1663 125 Ltn.1V.

371 156 487 186 Sabinis,
509 161 571 181 curn
586 151 614 178 in
629 159 725 187 magna
734 148 834 185 gloria,
857 146 1012 184 magnisque
1019 145 1112 182 opibus
1119 155 1233 183 regnum
1242 144 1330 174 Tulli,
1351 155 1381 173 ac
1395 152 1452 173 tota
1459 155 1501 173 res
1510 147 1714 180 Romanaeffet,
1734 150 1886 184 nuntiatum
1896 152 1950 181 Re:

370 197 412 232 gi,
435 190 604 227 Patribusque
617 188 666 219 est,
689 189 716 215 in
731 194 826 213 monte
842 185 946 213 Albano
959 183 1080 219 lapidtbus
1089 184 1192 221 plmffe:
1206 184 1277 221 quod
1287 193 1348 211 cum
1358 185 1480 212 crcdivix
1488 184 1588 222 posset,
1608 186 1689 213 missis
1696 188 1728 215 ad
1738 188 1874 217 visendum
1885 199 1948 226 pro-

370 232 473 268 digium
483 251 490 261 ‚
511 230 538 257 in
553 226 710 263 conspeetu,
724 224 792 252 haud
807 223 883 251 aliter
903 232 984 261 quam
999 232 1060 250 cum
1076 223 1233 260 grandinem
1248 223 1319 249 venti
1328 222 1506 259 glomeratam
1515 224 1542 250 in
1550 232 1632 252 terras
1639 232 1734 261 agunt,
1754 228 1838 255 crebri
1847 230 1948 257 cecide-

372 279 402 297 re
418 267 489 295 coslo
504 266 611 303 lapides.
632 264 687 291 Vifi
700 263 781 290 etiam
796 262 887 290 audire
902 270 997 289 vocem
1010 261 1149 298 ingentem
1164 270 1196 289 ex
1210 260 1309 287 iummi
1326 261 1470 288 cacuminis
1485 261 1559 294 luco,
1581 270 1611 290 ut
1624 263 1710 299 patrio
1718 263 1843 298 ritufizcra
1852 266 1949 295 Albani

372 307 505 338 facerent,
527 313 597 342 quae,
606 302 678 329 velut
692 301 750 328 Diis
765 309 873 337 quoque
887 298 963 327 simul
977 309 1038 327 cum
1053 300 1137 336 patria
1148 298 1397 330 reli&is‚oblivioni
1411 300 1551 328 dederant:
1573 302 1650 328 &aut
1661 302 1784 328 Romana
1792 302 1950 334 sacrasusce..

373 353 483 384 perant,
503 351 547 370 aut
563 341 675 368 fortunae
689 339 700 373 ζ
704 346 731 366 ut
747 338 789 373 fit)
804 338 900 366 obirati
913 338 1016 367 cultum
1032 338 1191 374 reliquerant
1204 336 1294 364 Deum
1305 358 1312 369 ,
1335 338 1466 364 Romanis
1480 347 1587 375 quoque
1602 339 1634 365 ab
1651 339 1747 366 eodem
1761 343 1884 379 prodigio
1898 348 1948 371 No.

374 381 602 414 vendmlefficrum
616 376 720 414 publice
733 376 881 413 susceptum
897 376 946 404 est:
967 375 1010 403 ieu
1026 385 1092 403 voce
1106 376 1204 403 coelesti
1218 384 1249 403 ex
1262 375 1365 402 Albano
1379 384 1475 403 monte
1492 376 1566 403 miffa
1581 377 1657 411 (nam
1671 377 1698 404 id
1712 386 1818 414 quoque
1825 381 1949 417 traditur)

374 421 417 448 seu
431 417 596 454 haruspicum
613 416 728 443 monitu.
761 415 857 443 Manfit
871 423 944 442 certe
956 413 1076 444 solenne,
1095 421 1124 441 ut
1138 413 1348 450 quandocunque
1361 414 1434 440 idem
1446 414 1601 451 prodigium
1618 416 1798 447 nuntiaretur,
1820 416 1891 445 feriae
1904 429 1951 456 per

374 466 475 486 novem
489 457 544 484 dies
558 462 708 492 agercnur.
735 455 799 480 Haec
811 452 914 485 Livius,
935 453 981 489 qui
995 455 1021 481 ὅ(
1036 451 1099 479 alibi
1112 452 1206 487 passim
1220 450 1297 486 hujus
1311 450 1387 482 lacti,
1406 451 1556 489 harumque
1572 452 1695 480 feriarum
1707 455 1842 484 meminit.
1869 457 1950 494 Qod

373 503 462 523 autem
478 495 505 521 in
521 494 587 521 Festi
598 492 755 529 fragmentis
768 491 837 518 inter
847 490 907 523 alia,
926 489 982 517 h-tc
995 489 1075 518 verba
1085 489 1225 526 leguntur,
1245 498 1297 527 qua
1304 488 1377 525 mtffiz
1384 498 1466 522 crate,
1490 490 1688 519 &c.arbitratur
1696 491 1952 531 Scalge2·fignificari

377 532 641 566 Novendmlestacrum
655 529 706 557 illis
721 529 838 560 tactum,
862 538 928 565 quos
938 529 1098 565 Tarquinius
1113 528 1158 554 iub
1171 535 1243 554 erate
1258 526 1409 554 necavisset.

416 571 512 608 Qarti
524 570 629 607 generis
642 568 767 595 feriarum
781 566 946 603 publicarum
960 565 1019 593 sunt
1029 565 1166 596 Nandnm,
1187 574 1250 601 quas
1263 573 1444 602 paganorum,
1465 565 1492 593 id
1506 566 1556 598 est,
1576 567 1734 595 rusticorum
1749 568 1837 601 fuiffe,
1857 571 1952 608 quibus

382 609 555 636 convenerint
567 607 682 644 negotiis
695 606 824 641 propriis,
844 603 885 631 vel
901 604 1034 632 mercibus
1047 603 1177 639 proviiuri
1189 622 1197 632 ‚
1216 603 1324 630 Macrab.
1337 603 1383 630 lib.
1402 614 1423 630 1.
1435 605 1539 631 Saturn.
1555 613 1611 640 cap.
1627 609 1666 633 16.
1676 605 1776 634 scribit.
1788 610 1861 634 Sext.
1877 613 1952 638 Pom-

369 648 442 682 pejus
455 658 462 672 .·
482 646 616 672 Nundmas
632 644 758 671 feriarum
774 643 846 670 diem
867 642 917 669 effe
934 641 1074 670 volueiunt
1089 641 1190 678 a‘ntiqui
1203 661 1210 672 ‚
1238 649 1267 669 ut
1286 642 1374 668 rustici
1395 642 1569 670 convenirent
1585 645 1721 672 mercandi
1735 665 1742 676 ,
1766 647 1953 684 vendendique

378 685 468 716 causa,
489 692 603 720 eumque
616 681 762 713 nefastum,
782 691 815 708 ne
830 681 848 708 fi
862 679 953 708 liceret
968 690 1029 707 cum
1044 679 1144 716 populo
1157 681 1198 716 agi
1211 699 1219 710 ‚
1240 679 1470 715 interpellarentur
1482 680 1668 708 nundinatores.
1695 684 1794 710 Utrum
1808 691 1900 712 tamen
1914 686 1954 714 hi:

377 723 449 751 feriae
464 721 576 753 fuerint,
596 730 629 748 an
643 730 713 751 non,
734 718 895 755 disputatum
913 718 926 746 a
943 718 1073 746 veteribus
1088 716 1257 753 scriptoribus
1271 717 1322 744 esse
1334 716 1443 744 Macrob.
1458 720 1546 745 docet.
1566 718 1640 745 Alios
1653 719 1726 747 enim
1741 730 1837 758 negare
1844 722 1935 752 scribit
1945 745 1953 756 ‚

375 761 513 789 Nundinas
525 759 603 788 ferias
618 758 683 789 effe,
702 766 732 786 ut
744 762 850 789 Trtum,
869 756 985 790 julium,
1004 754 1143 792 Modestum
1158 758 1183 783 δι
1198 756 1359 783 Trebattum:
1381 755 1446 782 alios
1459 764 1553 783 contra
1566 755 1642 784 ferias
1650 766 1691 784 eas
1698 758 1904 795 effeaffirmare,
1924 770 1955 791 ut

375 799 476 832 Julrum
491 800 623 829 Castmm,
645 799 671 825 &
684 795 828 823 Cornelium
841 795 988 823 Labeonem.
1009 794 1120 821 Cauiam
1135 802 1226 821 autem
1240 793 1316 828 hujus
1331 794 1463 822 varietatis
1475 795 1544 830 apud
1557 796 1690 822 Granium
1699 796 1865 825 Licinianum
1874 799 1920 828 lib.
1930 810 1957 828 2.

375 837 491 864 inveniri
506 829 603 864 scribit.
636 835 660 861 Is
671 835 707 862 ait
721 833 814 868 (verba
827 832 885 860 sunt
902 833 1032 861 Liciniani
1045 832 1114 868 apud
1130 831 1311 866 Mat-rebium)
1325 832 1463 858 Nundtnas
1472 832 1546 869 Jovis
1562 832 1638 860 ferias
1655 833 1706 861 ess‘e
1720 853 1727 863 ,
1752 835 1881 872 siquidem
1897 837 1955 865 Fla.

375 874 470 902 minim
484 874 608 902 omnibus
624 871 752 899 Nundinis
764 872 792 899 in
806 873 878 908 regia
893 872 956 908 Jovi
969 872 1081 898 arietem
1096 869 1175 897 soleat
1189 869 1340 897 immolare.
1360 870 1411 898 Sed
1423 870 1482 907 lege
1496 871 1636 898 Hortenfia
1644 871 1785 904 effectum,
1806 874 1911 902 utfastae
1919 875 1957 903 es-

376 912 449 944 sent,
469 913 507 939 uti
521 912 622 941 rustici,
644 911 689 947 qui
703 911 867 937 nundinandi
880 908 953 936 causa
966 909 994 936 in
1009 908 1111 935 Urbem
1127 907 1281 937 veniebant,
1302 907 1360 935 lites
1368 916 1573 943 componerent.
1595 909 1705 937 Nesasto
1714 912 1787 938 enim
1796 912 1839 939 die
1847 914 1956 942 Praetori

378 949 428 978 fari
442 960 496 978 non
510 950 616 979 licebat.
636 949 709 986 Ergo
723 949 768 985 qui
783 947 857 975 ferias
871 948 977 979 dicunt,
998 946 1011 973 a
1020 947 1161 974 mendacio
1169 946 1336 973 vindicantur
1343 946 1493 982 patrocinio
1500 947 1646 974 vetustatis:
1668 950 1713 984 qui
1722 956 1814 976 contra
1821 949 1937 980 sentiunt
1946 972 1954 984 ‚

378 989 507 1016 aestimatu
521 989 618 1016 aetatis.
640 996 696 1023 quae
708 986 796 1022 legem
810 985 897 1013 secuta
910 986 957 1015 est,
975 993 1037 1011 vera
1048 985 1225 1020 depromunt,
1248 986 1299 1011 &c.
1320 985 1362 1010 De
1375 984 1479 1020 origine
1487 985 1566 1011 etiam
1574 984 1755 1012 Nundinarum
1765 989 1841 1015 variae
1848 988 1957 1018 fuerunt

378 1034 502 1055 veterum
523 1026 676 1063 opiniones,
697 1033 760 1061 quas
774 1022 912 1050 Macrobms
925 1023 1023 1049 eodem
1037 1021 1098 1049 loco
1111 1021 1152 1049 his
1166 1021 1252 1049 verbis
1266 1021 1391 1049 recenter.
1415 1020 1610 1054 Nundinarum,
1630 1024 1730 1060 inquit,
1740 1026 1884 1062 originem
1899 1028 1958 1064 qui-

379 1064 442 1092 dam
463 1065 568 1092 Romulo
586 1064 714 1099 affignant
727 1082 734 1093 ‚
760 1071 841 1098 quem
862 1061 1064 1088 communicato
1082 1069 1168 1096 regno
1187 1069 1249 1086 cum
1265 1061 1298 1087 T.
1312 1060 1393 1087 Tatio
1406 1081 1414 1092 ,
1439 1060 1570 1088 sacrificiis
1587 1063 1613 1089 &
1627 1061 1806 1091 sodalitatibus
1818 1064 1958 1097 institutis,

380 1101 513 1129 Nundinas
527 1111 632 1140 quoque
647 1099 769 1135 adjecisse
785 1106 1021 1129 commemorant,
1042 1098 1106 1125 sicut
1118 1098 1262 1125 Tudmmus
1275 1097 1400 1127 affirmat.
1421 1099 1471 1125 Sed
1485 1098 1582 1133 Cassius
1594 1100 1648 1126 Ser.
1662 1099 1781 1127 Tullium
1791 1100 1957 1131 feciffeNun-

380 1139 454 1167 dinus
467 1140 546 1172 dicit,
567 1148 596 1167 ut
609 1140 636 1166 in
651 1137 753 1164 Urbem
769 1146 800 1164 ex
812 1138 880 1174 agris
893 1136 1080 1167 convenirent,
1099 1135 1209 1163 urbanas
1222 1134 1377 1172 rusticasque
1390 1145 1430 1164 res
1438 1136 1595 1164 ordinaturi.
1613 1136 1742 1164 Geminus:
1749 1139 1798 1170 ait,
1818 1140 1958 1168 dtemnun-

379 1177 500 1205 dinnrum
514 1177 611 1206 exaCtis
621 1185 677 1212 jam
691 1175 795 1211 regibus
808 1174 916 1210 coepiss'e
929 1173 1053 1201 celebrari
1066 1194 1071 1199 .
1099 1175 1159 1209 quia
1172 1173 1292 1209 plerique
1308 1173 1341 1200 de
1355 1173 1432 1209 plebe
1446 1194 1454 1205 ,
1482 1174 1593 1208 repetita
1607 1176 1691 1202 Servii
1711 1176 1792 1203 Tullii
1808 1180 1958 1211 memoria,

381 1223 549 1250 parentarent
565 1215 588 1241 ei
601 1212 732 1240 nundinis.
765 1212 816 1239 Cui
829 1213 866 1238 rei
879 1213 959 1239 etiam
974 1214 1051 1237 Ptxrro
1064 1210 1203 1238 consentit.
1238 1209 1353 1238 Rutilius
1365 1210 1456 1238 scribit
1468 1231 1475 1240 ‚
1502 1211 1643 1238 Romanos
1655 1213 1789 1240 instituisse
1805 1216 1957 1249 blandinus,

381 1262 410 1281 nt
427 1253 490 1280 octo
503 1254 613 1289 quidem
627 1250 717 1278 diebus
731 1250 758 1277 in
775 1250 843 1286 agris
856 1250 943 1277 ru1l1ci
955 1258 1020 1285 opus
1034 1249 1165 1280 facerent,
1186 1257 1259 1275 nono
1266 1255 1356 1275 autem
1364 1249 1423 1281 die,
1444 1248 1674 1280 intermissorure,
1695 1250 1726 1276 ad
1736 1259 1903 1285 mercatum,
1922 1255 1960 1283 le-

382 1290 480 1328 gesque
494 1290 657 1326 accipiendas
672 1290 791 1316 Romam
807 1288 929 1315 venirent
943 1308 950 1319 ,
978 1289 1004 1315 δε
1021 1295 1050 1314 ut
1062 1285 1124 1313 scita
1136 1306 1143 1317 ,
1168 1294 1247 1323 atque
1260 1285 1378 1313 consulta
1391 1286 1571 1324 frequentiore
1583 1287 1685 1324 populo
1697 1287 1874 1319 referrentur,
1902 1300 1960 1328 quae

382 1328 539 1356 trinundino
552 1329 594 1356 dic
608 1326 740 1363 proposita
753 1347 761 1358 ‚
781 1325 794 1353 a
809 1326 914 1362 lingulis
925 1333 1003 1362 atque
1019 1324 1141 1351 univerfis
1156 1325 1230 1351 facile
1244 1323 1421 1352 noicebantur
1433 1335 1438 1351 z
1457 1325 1527 1352 unde
1541 1326 1623 1352 etiam
1635 1335 1699 1355 mos
1713 1327 1825 1357 trastus,
1845 1335 1875 1356 ut
1888 1328 1960 1367 leges

382 1367 537 1394 trinundino
551 1367 594 1394 die
607 1365 850 1401 promulgarentur.
871 1365 907 1390 Ea
922 1373 950 1390 re
964 1363 1045 1390 etiam
1062 1361 1203 1388 candtdatis
1218 1361 1276 1389 usus
1290 1361 1341 1390 fuit
1352 1363 1380 1390 in
1396 1363 1540 1390 comitium
1555 1362 1684 1390 Nundinis
1697 1366 1802 1397 venire,
1824 1366 1885 1395 &in
1892 1367 1960 1396 colle

381 1405 535 1437 consistere,
551 1406 622 1432 unde
637 1412 729 1430 coram
742 1401 847 1438 possent
855 1400 1017 1428 abuniveriis
1024 1400 1115 1427 videri.
1135 1400 1185 1426 Sed
1193 1399 1247 1427 haec
1254 1401 1346 1427 omnia
1354 1400 1628 1437 negligentiushaberi
1635 1410 1736 1439 coepta,
1749 1405 1775 1432 &
1783 1405 1842 1440 post
1849 1405 1962 1438 abolita,

380 1444 519 1480 postquam
528 1444 555 1470 in
562 1441 718 1470 trinundino
723 1441 806 1468 etiam
814 1439 849 1466 ob
857 1439 1058 1466 multitudinem
1066 1436 1149 1474 plebis
1157 1436 1307 1474 frequentes
1313 1438 1400 1465 adesse
1407 1447 1555 1474 coeperunt.
1575 1440 1710 1468 Hactenus
1717 1441 1826 1469 Macrob.
1834 1444 1962 1472 Plutarch.

383 1482 411 1509 in
422 1482 518 1518 Qaest.
526 1483 610 1508 Rom.
618 1479 705 1516 quaest.
712 1488 758 1514 42.
770 1476 904 1504 Nundinas
911 1480 1022 1504 Saturno
1030 1475 1193 1503 consecratas
1202 1475 1276 1502 fuiss'e
1282 1475 1379 1504 scribit.
1391 1476 1441 1504 Sed
1448 1477 1504 1505 haec
1510 1477 1544 1504 de
1552 1477 1686 1505 Nundinis
1693 1478 1814 1507 hocloco
1822 1480 1961 1510 sufficiant.

422 1519 487 1545 Non
502 1518 561 1546 sunt
574 1519 654 1545 etiam
670 1516 714 1543 hic
729 1516 831 1543 iilentio
845 1515 1026 1551 praetereunda
1038 1513 1204 1540 Bacchanalia
1215 1532 1222 1542 ‚
1250 1513 1416 1541 Ambarvalia
1423 1516 1497 1548 sium
1510 1536 1517 1546 ,
1543 1514 1702 1542 Solimurjlm
1715 1537 1722 1547 ‚
1749 1517 1809 1549 &a
1824 1527 1881 1554 quae
1893 1528 1959 1548 cum

379 1555 564 1592 explicavero,
585 1562 644 1582 tum
657 1555 690 1581 de
703 1554 812 1591 privatis
825 1552 897 1580 feriis
911 1561 992 1589 pauca
1004 1552 1092 1578 dicam
1101 1571 1108 1582 ,
1129 1559 1209 1588 atque
1221 1551 1255 1578 fic
1269 1552 1378 1579 tandem
1391 1551 1462 1580 hunc
1471 1552 1571 1581 librum
1584 1553 1752 1581 concludam.

422 1592 588 1620 Bacchanalia
609 1592 764 1619 dicebantur
785 1590 880 1618 Bacchi
901 1591 963 1618 testa
977 1610 984 1621 ,
1003 1590 1090 1625 inquit
1103 1593 1174 1616 Sext.
1188 1591 1326 1624 Pompejus.
1359 1591 1401 1617 De
1415 1599 1532 1628 quorum
1548 1590 1704 1618 solennitate
1716 1593 1743 1618 ὃς
1758 1591 1863 1620 licentia
1877 1594 1961 1623 multa

382 1632 491 1659 tradunt
500 1652 506 1661 ,
526 1640 583 1669 quae
597 1629 649 1658 huc
663 1629 763 1657 referre
776 1639 831 1656 non
845 1629 928 1665 placet
937 1649 944 1660 ‚
964 1628 1006 1655 illa
1019 1635 1127 1655 tantum
1134 1627 1278 1667 adscribam
1287 1648 1294 1659 ‚
1316 1637 1372 1665 quae
1380 1629 1450 1656 deiis
1459 1628 1563 1655 Flavius
1570 1628 1682 1655 Blandus
1689 1630 1708 1656 F
1710 1629 1925 1660 orolivienfislib.
1935 1643 1962 1661 2.

383 1670 418 1698 de
433 1671 524 1696 Roma
537 1668 734 1704 triumphante,
754 1667 985 1704 quemadmodum
1000 1675 1029 1693 ea
1043 1666 1107 1693 citat
1121 1666 1259 1693 Ludovtcus
1271 1665 1361 1693 Carrio
1375 1667 1422 1694 IC.
1438 1666 1550 1694 Scholiis
1563 1667 1590 1694 in
1607 1677 1631 1695 2.
1645 1666 1743 1694 librum
1759 1669 1959 1704 Argonauticon

385 1706 485 1736 Valerii
499 1707 583 1734 Flacci
597 1706 674 1734 habet
687 1716 693 1732 :
721 1704 886 1732 Bacchanalia
901 1726 907 1736 ,
929 1705 1015 1741 inquit
1026 1723 1033 1733 ‚
1056 1703 1154 1731 Libero
1168 1704 1239 1731 Patri
1254 1704 1357 1732 Baccho
1369 1705 1455 1732 dicata
1467 1726 1476 1737 ,
1502 1706 1633 1741 temporis
1645 1705 1812 1743 longitudine
1823 1716 1871 1743 per
1883 1716 1959 1737 autu-

402 1755 481 1772 mum
495 1744 649 1773 Saturnaltb.
661 1744 859 1780 paria,majore
871 1744 933 1771 luxu
947 1743 1076 1770 celebrata
1089 1741 1156 1770 fimt.
1177 1742 1253 1769 Nudi
1267 1744 1341 1770 enim
1356 1743 1405 1770 viri
1415 1752 1478 1771 cum
1493 1744 1596 1771 nudatis
1608 1753 1700 1771 omnia
1713 1744 1837 1771 membra
1845 1745 1962 1773 mulieri.

384 1755 431 1811 iius
440 1804 447 1818 ‚
469 1784 613 1813 matronis,
637 1783 721 1811 viduis
735 1784 761 1810 ὅ(
774 1782 920 1819 virginibus
933 1780 1044 1808 adlati-a
1051 1780 1259 1812 conveniebant,
1280 1790 1337 1817 quae
1345 1781 1587 1809 nonnifinocturna
1595 1790 1684 1814 erant,
1705 1789 1783 1817 caput
1790 1785 1962 1820 omnespari-

387 1830 427 1850 ter
441 1842 447 1853 ‚
476 1821 667 1858 femoraliaque
675 1818 800 1855 pampinis
809 1840 817 1852 ‚
849 1824 876 1848 &c
889 1828 1001 1847 uvarum
1015 1817 1119 1845 racemis
1134 1819 1228 1849 cinCti,
1250 1819 1293 1846 alii
1306 1819 1374 1846 item
1387 1828 1499 1846 uvarum
1511 1828 1619 1845 racemos
1629 1819 1658 1846 in
1672 1828 1754 1846 manu
1769 1821 1910 1853 tenebant,
1932 1823 1959 1852 ὃς

383 1859 559 1888 tumultuario
578 1861 694 1887 invicem
714 1858 859 1886 commixti
880 1866 952 1886 coetu
966 1858 994 1884 in
1007 1856 1118 1884 iublime
1131 1856 1251 1884 saltantes
1265 1877 1272 1888 ,
1292 1858 1414 1894 variaque
1426 1856 1624 1894 gesticulatione
1635 1876 1643 1888 ,
1664 1855 1768 1883 brachia
1778 1879 1785 1889 ‚
1807 1860 1941 1886 cervicem
1951 1879 1960 1892 ‚

383 1906 514 1934 caputque
530 1906 684 1926 moventes,
703 1906 813 1924 carmen
825 1897 994 1924 inconditu'm
1012 1894 1116 1922 Baccho
1129 1893 1282 1926 cantabant,
1303 1903 1353 1921 nec
1367 1895 1438 1931 prius
1454 1903 1509 1922 erat
1516 1893 1658 1922 saltationis
1666 1896 1776 1926 modus,
1798 1904 1878 1932 quam
1886 1897 1960 1925 defa-

384 1936 460 1973 tigati
474 1956 482 1967 ,
502 1938 528 1964 ὃ(
548 1944 608 1964 toto
624 1944 738 1972 corpore
751 1934 898 1963 vacillantes
912 1935 1010 1971 partim
1023 1932 1235 1969 resupinarentur
1246 1931 1456 1969 proximioribus
1469 1931 1624 1960 inhaerentes
1634 1953 1642 1964 ‚
1663 1934 1762 1969 partim
1778 1934 1805 1960 in
1821 1935 1962 1970 pavimen.

384 1982 444 2002 tum
460 1974 578 2006 fanatici,
598 1972 769 2010 amentesque
781 1972 1006 2009 procumberent,
1025 1981 1054 1999 ut
1068 1971 1140 1998 rec'te
1150 1970 1226 1999 iensit
1240 1975 1342 1998 Marcus
1353 1974 1442 2004 Varro,
1462 1971 1522 1999 talia
1530 1971 1576 1998 nifi
1583 1970 1615 1998 ab
1623 1969 1775 1998 amentibus
1784 1971 1840 1999 fieri
1849 1982 1904 2001 non
1911 1983 1960 2011 po.

385 2012 468 2040 tuifl'e.
488 2015 551 2040 Haec
567 2013 684 2039 Blandus.
706 2012 856 2050 Qomodo
868 2011 922 2039 haec
937 2010 1007 2038 sacra
1021 2011 1048 2037 in
1063 2009 1167 2037 Italiam
1180 2018 1286 2046 quoque
1301 2011 1328 2038 &
1340 2008 1424 2045 ipsam
1432 2007 1527 2036 urbem
1535 2011 1655 2036 Romam
1663 2009 1828 2046 irrepserint,
1849 2019 1959 2049 quaeque

386 2057 480 2076 eorum
495 2049 574 2078 fuerit
587 2051 740 2087 turpitudo,
763 2051 852 2077 videre
865 2050 901 2077 est
913 2049 981 2086 apud
997 2047 1056 2075 Liv.
1070 2047 1116 2075 lib.
1134 2059 1178 2085 39.
1194 2046 1239 2075 ubi
1253 2048 1332 2076 etiam
1346 2048 1398 2076 hoc
1411 2047 1684 2077 Senatusconsultum‚
1704 2048 1845 2085 quomodo
1860 2047 1959 2078 aholita

387 2087 553 2113 Bacchanalm
570 2090 679 2120 Romae,
701 2092 727 2116 ὃ(
741 2097 789 2124 per
801 2095 889 2116 totam
904 2087 1009 2115 Italiam
1023 2086 1138 2118 fuerint,
1158 2086 1260 2116 recitat.
1280 2087 1311 2113 In
1324 2085 1470 2122 reliquum,
1491 2086 1591 2122 inquit,
1612 2085 1843 2114 senatusconsulto
1850 2095 1959 2117 cautum

387 2123 423 2150 est
433 2143 440 2154 ‚
464 2133 496 2150 ne
509 2134 559 2160 qua
572 2126 737 2153 Bacchanalm
750 2127 861 2158 Romae,
881 2135 948 2154 neve
962 2126 990 2153 in
1005 2125 1079 2153 ltalia
1094 2125 1189 2154 efflent,
1207 2124 1227 2151 fi
1237 2124 1295 2162 quis
1308 2123 1360 2152 tale
1371 2125 1473 2151 iactum
1480 2123 1599 2156 solenne,
1624 2122 1957 2156 &neceffirium‘duceret„

388 2170 438 2187 nec
452 2162 503 2188 fine
518 2162 658 2198 religione,
679 2167 705 2192 &
719 2164 823 2200 piaculo
838 2164 863 2192 se
877 2166 904 2192 id
911 2166 1040 2192 omittere
1046 2164 1134 2199 poffe,
1153 2163 1222 2199 apud
1234 2166 1376 2190 l'raetorem
1382 2160 1513 2190 urbanum
1521 2163 1703 2199 profiteretur:
1725 2163 1824 2190 Praetor
1831 2165 1956 2191 Senatum

389 2198 544 2226 consuleret.
565 2202 591 2227 Si
605 2202 627 2226 ei
639 2203 795 2236 permiisum
803 2204 879 2233 effet,
900 2203 997 2230 cumin
1006 2204 1101 2230 Senatu
1109 2210 1234 2233 centum,
1254 2201 1419 2232 nomnium,
1440 2200 1536 2231 essent,
1556 2201 1592 2229 ita
1599 2201 1624 2228 id
1633 2199 1735 2228 sacrum
1743 2201 1830 2233 fieret,
1849 2201 1912 2227 dum
1922 2210 1957 2229 ne

387 2237 444 2272 plus
458 2236 574 2273 quinque
588 2237 713 2267 sacrificio
726 2241 891 2273 interessent,
912 2250 946 2268 ne
958 2250 1009 2278 qua
1021 2242 1133 2277 pecunia
1149 2240 1318 2273 communis,
1338 2248 1388 2267 nec
1401 2240 1459 2276 quis
1472 2240 1596 2276 magister
1608 2239 1743 2267 sacrorum
1752 2259 1760 2271 ,
1780 2246 1824 2266 aut
1837 2237 1957 2267 sacerdos

387 2274 464 2304 esset,
486 2276 537 2301 διε.
557 2274 625 2302 Illud
638 2277 717 2304 etiam
735 2280 832 2306 eodem
844 2279 914 2307 libro
928 2280 1019 2316 prodit
1032 2280 1153 2316 primum
1168 2279 1307 2316 quotannis
1322 2277 1405 2306 tribus
1412 2275 1502 2314 diebus
1509 2278 1609 2315 aliquos
1616 2277 1655 2304 his
1662 2273 1954 2309 sacrisinitiatoffuissffi

385 2312 473 2348 postea
487 2320 550 2339 Vero
564 2322 595 2339 ΕΟ
609 2322 667 2339 rem
681 2315 822 2344 dedufflm
836 2338 843 2348 ‚
863 2326 891 2345 ut
906 2318 1012 2355 singulis
1026 2316 1159 2346 mentibus
1174 2319 1290 2354 quinque
1303 2318 1358 2345 dies
1371 2316 1513 2344 initiationi
1525 2315 1712 2345 tribuerentur.
1739 2315 1781 2341 De
1794 2314 1910 2349 turpitud
1923 2325 1957 2343 ne

385 2350 535 2392 sacrorum,
554 2360 612 2387 quae
627 2351 729 2378 Baccho
743 2353 835 2383 fierent
848 2356 875 2383 in
890 2357 978 2391 Italia,
998 2357 1120 2394 quaedam
1133 2356 1215 2386 etiam
1229 2354 1385 2395 Augustinus
1398 2354 1416 2382 l.
1425 2365 1448 2392 7.
1461 2364 1570 2395 capnt,
1583 2354 1617 2393 de
1631 2351 1804 2392 CivitateQei
1812 2360 1843 2380 ex
1849 2354 1957 2380 Varrone

386 2388 507 2422 adducit,
529 2397 586 2427 quae
598 2387 687 2426 legere
699 2396 784 2426 potes.
1845 2388 1960 2426 Ambar2
