2075 2734
386 125 441 160 462
680 119 1503 153 Aurxquxrawumssouininun
1545 122 1688 151 an.V1.

385 175 414 202 St
434 167 534 198 comitia
552 166 694 196 centuriata
715 167 804 197 habita
817 188 823 200 ‚
851 166 962 196 testante
985 165 1100 205 Dionyfio
1113 166 1156 197 lib.
1166 177 1193 205 4.
1232 168 1323 198 Postea
1340 166 1506 207 aTarquinio
1523 167 1630 203 Superbo
1644 189 1652 201 ,
1679 179 1741 200 vir.
1756 172 1783 201 δι
1796 171 1895 202 ultimo
1911 175 1969 203 Ro.

386 217 529 238 manorum
551 208 626 244 Rege
646 207 673 234 in
686 215 810 245 proprios
822 204 881 234 usus
894 204 1050 236 conversus,
1069 206 1127 244 post
1141 207 1242 234 evistos
1257 208 1358 245 Reges,
1378 205 1391 235 a
1406 203 1503 238 Bruto,
1526 207 1554 235 &
1566 206 1672 245 ‚collega
1685 208 1771 238 rursus
1784 211 1816 240 ad
1829 213 1968 248 pristinam

386 246 572 276 conditionem
592 244 713 272 redac'tus
732 244 776 271 est.
817 245 877 280 Qa
897 245 930 272 de
950 252 978 272 re
997 242 1061 271 libet
1080 242 1226 274 adscribere
1240 245 1320 274 verba
1333 243 1459 283 Diomfii,
1479 243 1523 272 lib.
1537 254 1563 280 5.
1576 254 1633 282 quae
1647 245 1718 274 sunt:
1739 245 1843 283 Junim
1859 253 1969 284 Brutus,

385 288 412 315 ὅτ,
434 288 464 311 Ρ.
485 282 596 310 Valerius
615 282 684 310 bona
705 290 882 318 tyrannorum
903 281 1002 319 populo
1022 282 1171 318 diripienda
1190 283 1320 312 dederunt
1335 305 1342 316 ‚
1370 292 1465 320 agrum
1487 291 1569 320 quem
1591 282 1629 310 illi
1648 285 1775 321 privatim
1787 287 1968 321 possederant,

383 321 506 358 inopibus
519 331 551 349 ex
565 319 641 358 plebe
655 320 814 352 diviserunt,
834 330 888 348 uno
902 327 1005 348 tantum
1021 329 1118 359 campo
1132 329 1260 358 excepto,
1281 323 1326 359 qui
1337 322 1398 350 fitus
1412 321 1448 349 est
1462 321 1564 348 Urbem
1580 322 1666 354 inter,
1689 324 1716 351 &
1730 323 1855 354 fluvium.
1874 326 1899 354 Is
1908 327 1967 362 jam

384 369 446 390 ante
467 359 633 394 MartiJacer
654 366 708 387 erat
724 380 731 390 ,
757 366 865 395 pratum
888 360 962 396 equis
983 360 1009 387 δε
1029 359 1164 396 juventuti
1178 361 1206 388 in
1220 361 1302 388 armis
1316 360 1468 388 exercendae
1481 361 1730 388 accommodatum.
1770 362 1802 389 Id
1815 364 1971 401 Tarquinius

385 405 542 433 contempta
554 397 683 434 religione
699 396 748 424 suis
761 397 914 434 oppleverat
930 396 1061 434 segetibus
1070 418 1076 429 ‚
1096 397 1161 427 ficut
1174 398 1234 426 satis
1248 406 1357 436 apparet
1371 408 1402 425 ex
1418 399 1528 426 decreto
1542 398 1689 428 Consulum
1698 421 1704 429 ‚
1726 400 1760 427 de
1773 400 1830 436 ejus
1843 400 1971 438 frugibus.

385 438 457 463 Cum
485 436 557 463 enirn
583 437 676 464 onmia
700 443 864 470 tyrannorum
882 435 952 462 bona
972 436 1074 473 agenda
1088 457 1095 468 ‚
1123 436 1284 475 ferendaque
1303 436 1477 474 permififfent
1497 437 1596 473 populo
1611 458 1617 468 ,
1646 438 1773 474 quicquid
1794 437 1923 467 frumenti
1942 440 1970 468 in

383 475 440 510 ejus
454 474 544 510 campi
558 475 624 501 areis
636 494 643 505 ,
671 474 712 501 vel
726 474 752 501 in
766 473 857 510 stipula
871 494 878 505 ‚
906 474 947 501 vel
960 475 1055 502 tritum
1066 475 1121 511 jam
1138 496 1146 507 ,
1164 485 1219 504 non
1233 474 1411 513 permiserunt
1425 474 1500 502 avehi
1512 495 1521 507 ‚
1542 475 1672 512 religione
1685 484 1793 505 vetante
1804 497 1811 507 ,
1831 477 1972 512 jufferunt·

383 522 436 550 que
455 512 665 549 totumneii‘undi
685 512 712 539 in
731 511 862 539 Tiberim.
902 512 936 540 Et·
957 522 1028 540 nunc
1041 522 1148 550 quoque
1163 514 1220 550 ejus
1234 514 1297 542 fasti
1314 521 1404 541 manet
1419 520 1630 541 monumentum
1645 534 1653 545 ‚
1681 513 1749 542 bene
1763 523 1861 551 magna
1874 515 1970 547 insula.

384 551 455 579 [acra
473 549 607 585 AEfiula'pio
621 571 629 582 ,
657 550 745 578 cindia
764 550 896 582 flumine,
925 559 1049 579 concreta
1068 551 1078 584 (
1088 559 1116 578 ut
1138 551 1238 587 fertur)
1260 551 1275 580 ὲ
1296 551 1426 579 frumenti
1446 552 1545 579 acervis
1563 551 1773 588 putrescentibus
1794 554 1821 581 ὃς
1840 553 1968 590 paulatim

387 589 443 617 aliis
453 610 459 619 ‚
480 598 537 625 quae
551 595 654 616 temere
670 588 721 616 fert
738 588 856 619 flumen,
877 589 972 616 eodem
988 589 1114 620 inveffis,
1135 590 1203 618 sadra
1215 591 1325 618 auctior.
1349 592 1413 618 Haec
1426 588 1564 627 Dionysius.
1599 590 1679 617 Paulo
1692 599 1753 619 ante
1768 591 1834 619 dicit
1849 612 1856 623 ‚
1883 593 1967 620 moris

388 627 464 655 fuisse
485 627 512 654 in
532 636 615 662 campo
628 625 740 659 Martio,
760 628 848 664 Reges
864 629 891 656 ἃ
906 628 1070 664 magistratus
1084 629 1175 657 creari.
1216 628 1409 656 Bartholomaeus
1427 628 1573 654 Marltanus
1591 628 1719 664 Epitoma
1737 630 1852 666 antiqua:
1871 631 1969 657 Romae

385 664 581 703 Topographiae
599 664 645 694 lib.
659 668 684 692 6.
698 674 754 702 cap.
773 675 814 692 12.
832 664 877 692 ubi
891 666 924 693 de
937 675 1019 700 campo
1032 666 1128 693 Martio
1141 667 1220 695 verba
1235 667 1298 696 facit
1312 678 1318 694 :
1346 668 1416 695 inter
1429 665 1477 694 alia
1490 665 1574 694 resert
1587 686 1593 697 ,
1622 667 1649 693 in
1663 665 1715 694 hoc
1729 677 1826 704 campo
1838 687 1846 699 .
1873 675 1969 704 praeter

384 706 503 732 nativam
518 703 571 731 loci
586 724 593 735 ‚
619 709 812 740 pratorumque
825 705 1012 733 amoenitatem
1026 725 1033 736 ‚
1059 714 1218 735 ornamenta
1232 707 1313 734 etiam
1327 725 1335 737 ‚
1363 707 1390 734 δε
1404 705 1496 732 statuas
1510 703 1649 732 illustrium
1666 705 1785 732 virorum
1802 705 1900 733 erenas
1912 726 1920 737 ‚
1941 708 1968 734 &c

385 752 417 771 ex
437 741 561 776 Capitolio
575 763 581 773 ‚
609 751 672 769 cum
692 741 736 769 ille
755 741 828 770 locus
848 743 928 770 nimis
948 743 1069 780 angustus
1082 743 1133 771 effe
1147 744 1267 781 coepisset
1281 765 1288 776 ,
1315 751 1426 780 propter
1440 750 1666 770 ornamentorum
1682 751 1739 780 quae
1752 743 1872 780 quotidie
1885 743 1968 771 infer-

384 788 492 812 rentur,
512 779 729 811 multitudinem,
749 780 864 816 plurima
884 781 912 808 in
932 790 1045 815 campum
1065 781 1194 809 Martium
1215 783 1338 811 transsata
1359 782 1418 809 esse.
1446 780 1535 808 Strabo
1548 780 1592 808 lib.
1604 790 1630 816 5.
1650 781 1732 808 etiam
1753 780 1887 817 eleganter
1900 791 1967 809 cam-

380 828 444 853 pum
465 816 591 850 Martium
611 817 651 845 his
671 817 757 846 verbis
777 818 914 847 describit:
936 820 1100 851 Maximam,
1121 821 1223 857 inquit,
1243 821 1341 856 hprutn
1362 821 1373 854 (
1382 819 1479 847 scilicet
1499 820 1632 853 deorum)
1653 826 1759 855 partem
1776 828 1875 853 camptu
1893 823 1966 846 Mar-

383 855 434 884 tius
450 856 541 888 habet,
562 864 658 892 praeter
672 857 791 884 nativam
805 857 929 884 locorum
943 858 1128 885 amoenitatem
1138 879 1146 890 ,
1166 860 1228 886 artis
1241 862 1267 888 ἃ
1280 859 1390 886 solertiae
1402 858 1591 885 exornationes
1605 857 1760 886 admittens.
1789 857 1880 892 Campi
1892 858 1967 884 enim

384 894 546 923 admirabilis
564 893 711 931 magnitudo
725 915 733 925 ,
754 897 780 923 &
802 894 904 923 curules
924 896 1021 931 pariter
1041 896 1142 927 cursus,
1165 899 1191 925 ὃς
1210 896 1259 925 alia
1278 897 1403 934 equestria
1423 897 1569 923 certamina
1588 895 1711 932 expedita
1729 895 1896 932 suppeditat:
1918 905 1968 924 nec

382 933 486 964 minus,
507 940 565 960 tam
588 931 680 960 multis
700 932 800 968 pilam,
821 933 961 965 trochum,
982 933 1126 969 palaestram
1147 936 1337 963 exercitatione
1359 934 1550 965 traetantibus,
1572 934 1671 970 aliaque
1692 933 1873 961 incumbentia
1892 933 1969 961 fimul

384 979 474 1007 opera.
515 970 586 1007 Qid
608 980 736 1007 perennes
749 970 804 997 solo
818 970 910 997 herbas
926 991 931 1001 ,
959 972 1151 1009 coronatosque
1164 972 1244 1010 usque
1256 974 1288 1001 ad
1306 973 1425 1001 fluminis
1438 972 1542 999 alveum
1558 971 1638 999 colles
1650 974 1659 998 ?
1684 969 1843 998 Scenicarum
1854 972 1969 1000 ostenta-

383 1009 423 1037 tio
436 1009 603 1045 pisturarum
619 1009 675 1044 ejus
688 1009 794 1046 generis
808 1008 952 1044 speCkicula
967 1009 1083 1044 praestat,
1103 1016 1132 1037 ut
1145 1010 1253 1039 difficile
1266 1013 1293 1040 &
1307 1012 1404 1039 invitus
1419 1009 1546 1038 abscedas.
1573 1012 1638 1037 Haec
1654 1008 1706 1036 ille.
1733 1011 1814 1037 Varia
1826 1010 1915 1047 itaque
1927 1009 1966 1037 lu-

383 1047 457 1075 dicra
479 1048 506 1074 in
527 1046 579 1074 hoc
599 1055 696 1082 campo
710 1047 899 1074 exercebantur
912 1067 919 1078 ‚
944 1047 1017 1084 quod
1031 1055 1125 1084 praeter
1137 1048 1285 1076 Strabonem
1297 1069 1305 1081 ,
1332 1051 1358 1077 ὃς
1373 1047 1496 1075 Horatius
1509 1048 1597 1075 docet.
1637 1046 1769 1074 Tumultu
1783 1055 1881 1076 exorto
1895 1048 1967 1076 dele-

383 1085 442 1112 stus
457 1086 484 1112 in
498 1094 532 1112 eo
546 1084 691 1112 habebatur
706 1105 712 1115 ,
740 1083 802 1112 clati
815 1084 865 1112 viri
879 1086 980 1112 mortui
993 1086 1180 1114 cremabantur
1191 1108 1198 1119 ‚
1224 1090 1250 1116 ὃς
1264 1086 1307 1114 hic
1319 1096 1416 1122 campus
1431 1086 1487 1113 fere
1492 1085 1576 1120 schola
1588 1091 1645 1113 erat
1658 1083 1753 1112 militia
1766 1089 1881 1112 Romana
1893 1106 1902 1118 ,
1922 1086 1969 1115 ubi

382 1122 508 1159 juventus
524 1124 648 1150 Romana
661 1122 694 1149 ad
708 1122 797 1158 palum
815 1124 892 1150 omni
905 1131 1002 1160 genere
1015 1133 1170 1156 armorum,
1192 1127 1218 1153 &
1234 1126 1343 1162 quidem
1358 1126 1427 1153 veris
1441 1124 1520 1160 duplo
1532 1125 1703 1160 graviorum,
1718 1131 1901 1155 exerceretur,
1924 1133 1965 1152 ca-

382 1168 430 1198 put
450 1161 568 1197 petendo
582 1181 589 1192 ,
610 1159 733 1188 lateribus
753 1160 916 1192 insidiando,
940 1161 1042 1198 poplite
1062 1161 1222 1190 succidendo
1235 1184 1242 1195 ,
1263 1163 1420 1196 insiliendo,
1434 1162 1597 1192 resiliendo,
1617 1161 1740 1196 punctim
1759 1162 1863 1196 potius,
1884 1171 1965 1199 quam

382 1198 469 1226 caesim
484 1197 606 1226 feriendo
618 1218 626 1230 ‚
648 1200 674 1226 &
689 1198 798 1226 interim
812 1207 903 1227 tamen
917 1200 1015 1227 assidue
1030 1199 1081 1227 sese
1095 1201 1278 1238 protegendo,
1298 1201 1365 1228 item
1376 1201 1526 1237 jaculando.
1567 1200 1627 1226 Pars
1640 1199 1676 1226 ibi
1691 1206 1821 1235 tyronum
1834 1200 1892 1235 pilis
1902 1220 1910 1230 ,
1930 1200 1967 1227 la-

382 1236 502 1272 pidibus,
523 1236 636 1274 sagittis,
659 1245 755 1268 manu,
775 1236 872 1269 funda,
894 1247 956 1265 arcu
974 1237 1120 1274 jaculandis
1140 1239 1320 1267 exercebatur.
1361 1241 1435 1266 Tum
1455 1247 1520 1266 vero
1538 1236 1602 1264 saltu
1622 1235 1692 1264 foffae
1712 1236 1882 1265 latitudinem
1894 1258 1901 1270 ,
1921 1245 1967 1266 aut

382 1275 441 1302 valli
467 1274 636 1302 altitudinem
664 1274 807 1310 inperare:
832 1276 962 1312 praecipue
987 1284 1077 1304 autem
1102 1276 1177 1304 cursu
1196 1277 1286 1305 locum
1307 1286 1438 1314 occupare
1452 1297 1460 1309 ‚
1485 1275 1636 1313 fugientem
1655 1274 1753 1311 assequi
1773 1274 1968 1303 consuescebat.

383 1312 467 1340 Erant
480 1314 563 1341 etiam
577 1313 637 1350 equi
652 1311 733 1350 lignei
747 1313 774 1340 in
789 1323 900 1352 campo,
921 1322 951 1342 ut
966 1314 1075 1347 insilire,
1097 1314 1214 1346 defflire,
1236 1316 1342 1348 dextra,
1363 1315 1438 1348 laeva,
1459 1315 1583 1344 inermis,
1605 1319 1721 1340 armatus
1731 1332 1738 1344 ‚
1752 1312 1870 1340 distrieto
1883 1314 1966 1341 etiam

382 1351 472 1388 gladio
486 1350 589 1378 futurus
603 1360 683 1388 eques
697 1351 856 1383 addisceret,
877 1362 955 1380 veros
971 1354 1052 1380 etiarn
1069 1363 1150 1390 equos
1165 1353 1305 1385 domaret,
1327 1356 1353 1382 δε
1369 1353 1464 1383 futuris
1478 1352 1572 1390 praeliis
1586 1350 1776 1382 adsuefaceret,
1797 1352 1848 1379 &c.
1869 1352 1966 1388 Neque

383 1390 598 1424 praetereundum
618 1390 654 1417 est
666 1410 674 1422 ‚
702 1390 775 1426 quod
796 1390 940 1425 Pomponius
959 1395 1040 1418 Latus
1060 1392 1086 1419 in
1106 1392 1156 1419 mis
1169 1392 1369 1429 antiquitatibus
1384 1393 1467 1420 Rom.
1481 1396 1591 1419 annotat
1605 1410 1614 1422 ,
1641 1389 1716 1417 fuifl'e
1732 1389 1759 1416 in
1772 1398 1855 1423 campo
1869 1389 1966 1416 Martio

382 1427 483 1465 insigne
500 1426 652 1464 horologium
666 1448 673 1459 ‚
701 1428 773 1464 quod
793 1427 914 1457 habuerit
931 1428 1032 1465 septem
1050 1430 1146 1466 gradus
1159 1430 1261 1458 circum
1273 1451 1280 1462 ,
1306 1431 1427 1459 &lineas
1440 1430 1572 1459 distinctas
1586 1427 1696 1457 metallo
1710 1427 1829 1454 inaurato
1843 1437 1847 1453 :
1878 1427 1965 1455 solum

382 1466 465 1492 etiam
486 1466 589 1501 campi,
609 1475 642 1493 eo
661 1465 736 1497 loco,
759 1465 804 1493 ubi
822 1465 972 1504 horologium
989 1468 1055 1496 istud
1070 1467 1150 1495 fuerit
1161 1489 1168 1500 ,
1187 1469 1273 1504 lapide
1286 1468 1378 1507 amplo
1392 1469 1521 1505 quadrato
1535 1468 1646 1494 stratum
1660 1465 1747 1496 fuisse,
1764 1467 1795 1504 ⁴&
1807 1464 1922 1492 habuisse
1936 1465 1966 1492 li-

384 1511 448 1530 neas
468 1502 587 1533 easdem,
609 1506 635 1531 ὃ(
655 1504 682 1530 in
696 1504 797 1540 angulis
811 1512 924 1540 quatuor
941 1513 1049 1536 ventos,
1071 1515 1133 1532 cum
1148 1505 1332 1542 inscriptione,
1354 1514 1384 1534 ut
1396 1505 1580 1540 boreasspirat,
1600 1512 1633 1529 ex
1645 1511 1712 1537 opere
1726 1500 1824 1540 Mifino.
1865 1503 1964 1530 Memi-

384 1541 425 1568 nit
440 1540 495 1576 ejus
508 1541 590 1567 etiam
606 1540 674 1567 Plin.
687 1539 732 1568 lib.
746 1544 787 1577 36.
802 1550 858 1577 cap.
875 1552 913 1568 ιο.
929 1545 955 1570 &
971 1543 1058 1574 addit,
1079 1543 1111 1569 ab
1125 1543 1239 1580 Augusto
1254 1546 1421 1579 Imperatore
1433 1543 1496 1571 illud
1509 1540 1658 1578 horologium
1673 1540 1814 1568 conditum
1828 1538 1910 1568 fuisse.
1930 1541 1963 1568 In

383 1577 435 1605 hoc
456 1578 537 1614 igitur
557 1587 655 1614 campo
673 1577 813 1605 centuriata
831 1578 933 1606 comitia
954 1581 1107 1616 regulariter
1121 1601 1128 1612 ‚
1155 1584 1181 1609 ὃς
1195 1581 1300 1617 semper
1313 1581 1402 1609 habita
1416 1582 1532 1608 fuerunt.
1575 1578 1633 1606 Nifi
1646 1578 1719 1614 quod
1734 1577 1776 1604 illa
1789 1597 1796 1609 ‚
1823 1578 1917 1613 quibus
1929 1579 1963 1605 de

381 1615 480 1642 Manlio
499 1615 640 1650 Capitolino
657 1616 806 1651 judicatum
826 1617 863 1644 est
877 1637 884 1648 ‚
903 1617 1003 1644 comitia
1022 1629 1054 1645 ex
1073 1627 1156 1653 campo
1177 1620 1278 1646 Martio
1297 1619 1325 1647 in
1344 1619 1426 1646 lucum
1448 1618 1588 1645 Petilinum
1606 1615 1728 1644 transsata
1747 1614 1805 1642 sunt
1818 1635 1826 1646 ,
1847 1624 1905 1642 eam
1928 1615 1964 1644 ob

382 1654 485 1681 caulam
497 1675 505 1686 ‚
529 1661 559 1681 ut
574 1652 588 1680 a
604 1653 746 1693 conspeetu
760 1655 886 1691 Capitolii
899 1675 906 1686 ,
931 1656 1000 1682 oculi
1014 1656 1104 1692 populi
1118 1663 1303 1684 averterentur
1314 1678 1321 1689 ,
1347 1666 1401 1694 quo
1415 1656 1521 1685 liberius
1532 1655 1566 1683 de
1579 1653 1766 1682 conservatore
1779 1653 1835 1690 ejus
1845 1653 1964 1691 judicare

383 1691 484 1729 posset,
502 1699 532 1719 ut
545 1691 635 1720 scribit
648 1691 737 1719 Livius
750 1691 795 1722 lib.
806 1695 831 1721 6.
858 1694 981 1730 Sequitur
995 1694 1029 1721 de
1043 1701 1179 1731 tempore.

1064 1771 1088 1798 C
1109 1781 1126 1798 A
1148 1782 1171 1799 p,
1211 1771 1289 1799 XII.

840 1822 892 1854 De
907 1830 1037 1871 tempore
1051 1825 1244 1856 comitiorum
1256 1825 1504 1857 centuriatorum.

382 1892 515 1956 Nulla
531 1890 633 1922 comitia
653 1892 702 1922 nisi
721 1892 812 1922 diebus
831 1892 998 1921 comitialibus
1016 1894 1106 1922 haberi
1126 1901 1260 1931 poterant.
1300 1895 1374 1932 Ergo
1394 1903 1444 1921 nec
1462 1891 1612 1920 centuriata.
1652 1892 1707 1929 Qi
1722 1899 1813 1920 autem
1826 1891 1963 1921 comitiales

483 1933 539 1960 dies
553 1932 668 1965 fuerint,
688 1941 743 1960 non
756 1941 823 1968 opus
837 1933 887 1960 effe
901 1933 1015 1961 arbitror
1029 1933 1072 1960 hic
1086 1932 1203 1969 pluribus
1218 1932 1357 1969 explicari,
1377 1942 1440 1960 curn
1450 1933 1478 1960 in
1487 1931 1569 1968 priori
1576 1930 1670 1958 harum
1681 1931 1878 1967 Antiquitatum
1886 1940 1962 1959 com-

384 1971 516 1998 mentario
530 1993 537 2004 ‚
556 1971 601 1999 ubi
614 1971 740 1998 omnium
754 1971 859 1999 dierum
874 1971 942 1999 ratio
956 1973 983 1999 δε
997 1971 1150 1999 discrimina
1163 1971 1178 1999 a
1193 1971 1325 1999 Romanis
1340 1970 1477 1999 observata
1489 1990 1496 2001 ,
1517 1969 1658 2007 diligenter
1672 1969 1807 2006 inquisita,
1827 1971 1854 1997 ὃς
1867 1970 1964 1998 tradita

384 2006 441 2036 sunt
456 2030 464 2041 ,
490 2010 524 2037 de
544 2008 708 2037 comitialibus
722 2010 804 2037 etiam
819 2019 873 2037 non
887 2018 970 2046 pauca
983 2009 1033 2038 lint
1047 2016 1172 2038 annotata
1185 2019 1190 2036 τ
1217 2019 1267 2038 nec
1282 2010 1381 2046 patitur
1393 2008 1492 2036 horum
1502 2006 1635 2035 librorum
1649 2008 1717 2035 ratio
1732 2028 1740 2040 ‚
1768 2015 1798 2036 ut
1810 2008 1905 2035 eadem
1920 2007 1962 2035 sae-

383 2045 440 2085 pius
459 2055 621 2084 repetantur.
660 2051 722 2077 Hoc
741 2055 833 2076 tamen
854 2047 898 2075 hic
918 2048 1085 2076 monendum
1102 2049 1207 2076 videtur
1220 2069 1228 2081 ,
1255 2057 1318 2076 curn
1331 2049 1359 2075 in
1371 2046 1477 2084 singulis
1491 2044 1624 2074 mensibus
1637 2046 1746 2083 quidam
1760 2044 1896 2073 comitiales
1908 2046 1964 2073 dies

383 2083 496 2123 fuerint:
515 2095 568 2122 quo
587 2087 649 2114 anni
670 2094 794 2123 tempore
808 2084 1001 2124 magistratuum
1015 2085 1117 2114 comitia
1129 2085 1220 2114 haberi
1236 2085 1430 2115 consueverint.
1447 2086 1490 2112 De
1501 2085 1666 2121 judiciorum
1681 2085 1754 2112 enim
1764 2105 1771 2116 ‚
1793 2086 1819 2112 ἃ
1832 2083 1916 2121 legum
1926 2092 1963 2110 co-

384 2129 468 2147 mmis
480 2122 544 2150 nihil
560 2125 624 2153 certi
638 2125 690 2153 dici
705 2124 810 2161 potest.>

424 2159 489 2186 Non
503 2160 606 2200 semper
620 2164 693 2191 idem
707 2171 812 2201 tempus
825 2161 860 2190 ob
866 2161 995 2192 servatum
1010 2163 1060 2192 fuit
1074 2160 1269 2200 magistratibus
1282 2161 1409 2190 creandis.
1448 2159 1538 2189 Livius
1549 2159 1618 2188 libro
1634 2170 1658 2198 3.
1671 2158 1774 2191 scribit,
1793 2163 1825 2186 L.
1839 2157 1961 2187 Ebutium

383 2198 412 2225 &
427 2199 458 2223 P.
471 2199 607 2225 Servilium
622 2201 734 2229 Kalend.
748 2200 838 2229 Sextil.
852 2210 881 2230 ut
894 2210 957 2230 tunc
970 2203 1130 2240 principium
1142 2203 1204 2229 anni
1216 2201 1307 2229 aestum
1320 2200 1366 2231 fit,
1387 2199 1679 2228 Consulatuminiviffe.
1701 2200 1741 2226 Eo
1749 2198 1831 2235 igitur
1837 2203 1961 2232 tempore

384 2232 476 2262 mense
488 2236 570 2275 junio
582 2237 622 2264 vel
635 2259 643 2270 ‚
665 2240 780 2276 Qintili
791 2238 892 2268 comitia
905 2250 1001 2268 eorum
1014 2240 1103 2269 habita
1116 2239 1222 2268 fuerunt
1235 2259 1243 2271 ,
1263 2239 1329 2267 certi
1341 2238 1449 2276 quidem
1469 2238 1535 2266 nihil
1546 2239 1668 2267 traditur.
1708 2238 1787 2265 Paulo
1798 2236 1856 2272 post
1867 2254 1884 2275 ‚-
1895 2241 1959 2276 ctum

384 2273 418 2301 de
430 2272 578 2312 decemviris
591 2274 707 2311 loquitur
721 2299 729 2310 ‚
752 2278 789 2306 ita
803 2276 893 2306 scribit
906 2290 912 2307 ς
935 2279 996 2307 Idus
1009 2279 1163 2315 tum‘Majae
1177 2277 1295 2306 solennes
1308 2284 1383 2305 erant
1398 2278 1518 2306 ineundis
1532 2273 1736 2314 magistratibus.
1774 2271 1865 2301 Mense
1875 2277 1960 2313 ⁴1g11tu1·

382 2315 479 2352 Manfo
491 2330 499 2342 2
526 2310 566 2337 vel
586 2313 690 2346 Aprili,
719 2322 777 2342 tum
799 2325 894 2344 eorum
915 2316 1019 2346 comitia
1041 2316 1129 2346 hahita
1147 2316 1221 2344 fuiffe
1240 2315 1362 2352 suspicari
1375 2315 1447 2344 licet.
1486 2318 1626 2352 Tempore
1638 2320 1729 2342 autem
1743 2310 1803 2338 belli
1817 2311 1907 2351 Punici
1920 2308 1958 2336 se-

382 2349 476 2378 cundh
497 2348 624 2377 Consules
640 2350 730 2379 Idibus
746 2354 848 2381 Martiis
862 2354 1038 2386 Consulatum
1055 2354 1172 2387 inibant,
1192 2361 1222 2382 ut
1234 2354 1327 2392 paffim
1342 2355 1369 2382 in
1382 2353 1487 2382 historia
1501 2358 1532 2382 T.
1546 2352 1616 2380 Livii
1628 2352 1733 2389 legitur.
1765 2347 1849 2383 quue
1861 2354 1897 2374 ita
1910 2345 1957 2373 ob-

379 2387 514 2417 servatum
535 2386 585 2416 fuit
604 2386 685 2425 usque
704 2389 737 2417 ad
755 2399 855 2420 annum
875 2392 956 2422 Urbis
976 2404 1039 2423 nei.
1079 2392 1129 2422 Illo
1149 2393 1230 2431 igitur
1248 2399 1374 2430 tempore
1391 2391 1493 2421 comitia
1511 2390 1602 2420 habeti
1620 2387 1756 2418 solebant,
1779 2383 1959 2449 Januariof‘it
