2075 2734
337 103 528 140 Quouono
549 102 744 131 Consum
763 106 1111 130 nxssozveneurun‚
1132 98 1181 126 &a
1222 95 1305 125 Car}
1326 98 1370 135 38.
1579 108 1633 137 437

670 177 695 203 C
720 185 738 203 Α
764 184 789 202 1².
834 174 1036 202 XXXVIII.

331 235 488 286 Qomodo
503 233 651 287 cormubia
666 233 908 279 diffiilverentur,
934 240 981 268 (5⁹
999 232 1038 267 de
1050 232 1185 268 divortio
1199 246 1237 268 ac
1254 231 1388 281 repudio.

67 319 234 381 Diximus
249 318 390 356 quomodo
403 313 520 349 connubia
534 312 655 344 contrahi
667 335 674 344 ,
701 315 728 343 &
741 314 788 351 qui
802 312 868 340 ritus
880 312 907 340 in
920 313 1066 348 nuptiarum
1080 311 1232 340 celebritate
1244 311 1377 340 observari
1390 311 1521 340 solerent:
1551 312 1639 348 requi-

154 358 190 386 rit
204 356 342 393 propofitae
354 355 472 383 materiae
484 354 566 385 ordo,
587 361 616 380 ut
629 353 711 379 etiam
727 352 867 390 quomodo
882 351 976 379 eadem
991 348 1196 386 dsffolverenrur,
1218 350 1390 386 explicemus.
1424 351 1485 388 Qa
1499 350 1527 377 in
1540 358 1569 377 rc
1580 350 1640 377 ido-

66 404 147 423 neum
161 395 300 423 authorem
316 392 454 429 sequemur
466 391 583 423 Jacobum
597 391 763 422 Ravardum,
785 390 830 426 qui
845 391 872 417 in
885 399 917 417 xr
927 399 948 427 i.
964 387 1128 415 Tabularum
1143 389 1344 415 commentariis
1357 398 1413 426 cap.
1427 399 1469 423 19.
1479 388 1576 418 docet,
1595 388 1643 415 tri-

66 433 114 460 bus
135 433 224 461 modis
241 430 370 460 connubia
389 429 492 457 dissolvi
511 427 671 456 consuevisse
685 449 692 459 ,
712 427 866 463 uficrpatime
877 447 886 458 ‚
905 424 1111 465 diffarrearionq,
1131 427 1158 453 δί
1176 425 1382 459 remancipanme
1393 438 1400 451 .·
1421 427 1487 463 Qae
1504 426 1578 452 enim
1597 425 1644 460 ufic

67 480 135 498 uxor
152 479 223 501 erat,
242 476 384 503 ante-:uam
400 467 464 495 esset
477 466 612 503 usucapta‚
634 465 655 493 si
666 464 814 493 trinacriam
828 464 842 493 a
855 465 916 493 viro
928 463 1070 500 uffirpandi
1085 462 1158 490 causa
1172 461 1292 490 abfuisset
1301 483 1308 493 ‚
1328 463 1387 500 lege
1399 474 1430 491 xi
1441 475 1460 490 1.
1476 462 1642 490 Tabularum

60 507 188 544 'usurpata
200 506 343 535 dicebatur.
371 504 501 540 Uficrpatio
514 503 666 539 usucapionis
679 504 903 540 interruptionem
918 501 1060 538 fignificat,
1081 510 1137 536 non
1147 501 1174 527 vi
1187 500 1295 536 quidem
1304 520 1311 530 ,
1333 502 1358 527 &
1372 502 1533 537 proprietate
1548 501 1639 532 verbi,

66 545 110 573 sed
124 555 173 582 per
185 543 410 580 consequentiam.
429 544 455 570 Si
470 544 542 570 enim
557 543 584 570 id
599 543 670 579 quod
684 542 818 580 possideo,
837 541 953 569 necdum
967 546 1060 567 tamen
1072 536 1180 573 ufhrepi,
1200 537 1232 564 ab
1245 538 1334 573 aliquo
1341 537 1482 566 solenniter
1489 537 1640 575 usurpetur,

67 583 120 611 five
139 581 364 619 apprehendatur:
385 582 421 612 is,
442 581 461 608 fi
474 581 529 616 ejus
544 582 582 608 rei
596 581 723 608 dominus
735 580 786 611 est,
806 579 992 615 poss'effionem
1006 586 1096 604 meam
1112 576 1155 603 sua
1169 574 1337 611 usurpatione
1350 576 1530 611 interrumpit.
1570 577 1642 612 Qia

67 622 148 658 igitur
168 619 283 647 mulieres
296 619 324 646 in
339 619 468 655 potestate
482 626 526 646 aut
539 617 648 647 mariti,
673 626 719 646 aut
726 626 863 652 parentum
877 616 919 644 vel
932 624 1046 643 tutorum
1059 622 1135 642 erant
1148 621 1274 650 perpetua
1289 633 1298 644 ,
1324 613 1424 640 idcirco
1438 613 1483 639 usu
1497 623 1564 640 uxor
1575 623 1643 641 non-

67 659 134 686 dum
149 657 287 693 usucapta,
307 665 369 684 ante
381 666 481 684 annum
496 657 510 684 a
523 658 636 687 marito,
655 655 805 686 discedens,
823 653 1002 689 uJicrpabatur:
1021 652 1073 680 hoc
1087 653 1138 685 est,
1159 652 1172 679 a
1186 650 1352 688 parentibus,
1373 658 1417 677 aut
1427 671 1433 679 ,
1453 651 1472 677 fi
1486 651 1521 678 illi
1535 661 1589 679 non
1602 651 1641 679 es-

66 695 123 723 sent
137 695 151 723 a
161 695 294 724 tutoribus
307 694 408 722 solenni
420 695 534 732 quadam
547 695 649 722 ratione
662 693 908 730 apprehendebatur
922 713 929 723 ,
955 694 982 720 &
997 691 1086 718 mariti
1099 691 1227 727 potestate
1238 688 1396 716 liberabatur
1409 708 1416 719 ‚
1438 687 1456 714 si
1472 688 1503 727 ab
1517 698 1550 715 eo
1564 689 1641 716 trino·

67 732 147 761 aium
159 733 288 761 abfuiffet.
314 735 404 770 Atque
413 733 449 760 ita
462 733 568 760 videtur
581 731 783 769 intelligendum
798 731 864 762 effe,
886 730 958 767 quod
975 739 1007 757 ex
1023 729 1163 767 QMutio
1175 728 1208 755 de
1223 736 1306 754 uxore
1315 747 1321 758 ‚
1342 736 1399 763 quae
1410 734 1458 761 per
1469 725 1614 754 trirzociium
1627 726 1643 755 a

65 773 125 799 viro
139 771 272 802 abfuerat,
291 771 349 808 lege
363 780 394 798 x1
404 780 425 799 1.
439 771 602 798 Tabularum
616 769 737 806 ufiirpata
746 790 753 801 ,
773 772 802 795 A
818 767 891 795 ellim
904 768 921 795 l.
933 778 957 805 3.
970 777 994 797 c.
1003 777 1027 794 2.
1042 769 1069 795 ὃ(
1082 765 1190 794 Macrob.
1205 765 1222 792 l.
1233 775 1256 792 2.
1266 774 1288 791 e.
1299 775 1322 801 3.
1339 764 1512 792 tradiderunt.

104 807 309 846 Consurreatione
327 809 534 836 matrimonium
546 807 714 836 contraetum
726 828 733 838 ‚
753 806 781 834 di
801 806 942 833 arreatione
955 805 1060 833 dissolvi
1074 804 1179 832 solitum
1189 824 1196 832 ,
1214 801 1299 840 Festus
1311 801 1474 832 observavit,
1496 802 1541 838 qui
1555 801 1645 840 diffir-

67 847 205 875 nationem
223 855 306 883 genus
320 846 394 874 fuiffe
406 847 443 874 ait
455 846 587 882 sacrificii,
608 854 662 882 quo
674 846 745 873 inter
758 847 846 872 virum
859 846 886 873 ὃς
900 843 1042 871 mulierem
1057 843 1136 870 fiebat
1149 839 1286 879 dffvlutim
1308 841 1409 868 idcirco
1422 839 1457 867 fic
1470 840 1642 875 appellatam,

69 885 130 922 quia
144 884 222 913 fiebat
229 884 315 920 farreo
328 883 375 911 libo
387 882 513 912 adhibito.
547 884 582 911 Et
594 884 646 914 ita,
667 892 724 920 quae
731 883 816 919 firrreo
828 881 874 909 libo
883 903 891 914 ‚
912 881 964 909 hoc
980 881 1031 912 est,
1050 878 1267 917 confhrreatione„
1281 877 1351 906 faeta
1363 884 1419 906 erat
1431 879 1458 905 in
1472 887 1566 905 manus
1580 887 1645 906 con-

68 924 174 954 ventio,
196 923 288 950 eadem
296 922 381 958 farreo
392 921 454 955 libo,
474 922 501 949 id
516 922 568 953 est,
586 919 786 960 drffasreatione,
809 919 993 949 dirimebatur.

107 961 142 988 Et
155 961 216 997 quia
228 959 294 987 nihil
308 968 365 988 tam
378 959 495 988 naturale
507 960 544 988 est
555 980 564 991 ‚
589 968 669 996 quam
684 959 897 996 unumquodque
911 968 944 986 eo
958 958 1043 986 modo
1056 957 1160 985 dissolvi
1175 976 1181 987 ,
1207 965 1262 992 quo
1275 954 1387 991 ligatum
1403 954 1438 981 est
1454 965 1459 981 ι
1486 954 1547 981 ideo
1561 955 1644 982 etiam

65 1008 122 1027 non
141 999 196 1033 ufics
215 997 370 1032 uficrpatione
389 1005 495 1026 tantum
508 1019 516 1030 ,
543 1007 597 1025 non
616 996 778 1033 confarreatio
795 995 983 1035 diffarreatione
1004 997 1131 1024 duntaxat
1144 1015 1151 1026 ,
1178 993 1221 1020 sed
1237 996 1263 1021 &
1276 991 1392 1026 coemptio
1406 991 1509 1019 dissolvi
1522 991 1645 1019 remanci-

63 1036 163 1072 pacione
175 1035 250 1063 solet.
289 1036 374 1063 Testis
388 1036 424 1062 est
437 1036 510 1063 enim
524 1037 599 1063 idem
615 1034 699 1070 Festm
711 1055 719 1064 ‚
743 1035 954 1071 remancipatam
968 1034 1076 1062 Gallum
1092 1032 1192 1060 AElium
1208 1040 1268 1058 earn
1282 1030 1428 1058 definiviffe
1442 1051 1450 1062 ,
1471 1039 1528 1067 quce
1543 1031 1644 1057 manci-

64 1083 126 1110 pata
136 1074 167 1101 fit
180 1074 212 1101 ab
226 1083 273 1105 eo,
293 1075 336 1101 cui
348 1075 377 1110 in
391 1083 502 1101 manum
517 1082 688 1102 convenerat.
723 1074 755 1100 In
768 1078 914 1107 coemptione
925 1080 1015 1100 autem
1031 1071 1164 1108 quandam
1179 1069 1249 1106 quafi
1263 1070 1290 1096 in
1307 1077 1400 1095 manus
1413 1069 1586 1096 traditionem
1602 1069 1644 1095 in-

65 1112 197 1140 tervenire
210 1111 314 1139 solitam
328 1131 337 1143 ‚
355 1112 464 1140 testatur
477 1112 594 1149 expresse
608 1112 766 1149 Symmachus
779 1131 787 1142 ‚
806 1110 876 1138 hunc
890 1112 919 1138 in.
932 1111 1046 1138 modum
1062 1110 1095 1136 de
1109 1108 1201 1135 Fulvio
1215 1107 1334 1144 quodam
1348 1105 1462 1134 scribens
1476 1105 1521 1134 lib.
1534 1116 1558 1133 2.
1571 1106 1646 1142 epist.

64 1152 193 1177 Sororem
214 1149 374 1185 Pompejam
393 1149 461 1177 olim
482 1151 542 1179 viro
557 1158 705 1181 maturam,
726 1157 754 1177 te
765 1148 868 1183 auspice
881 1149 909 1176 in
924 1157 1018 1176 manus
1032 1155 1106 1184 opmt
1120 1147 1253 1183 accipere,
1272 1154 1322 1172 nec
1336 1153 1434 1181 genere
1449 1144 1554 1175 minor,
1575 1147 1601 1173 ὃς
1616 1153 1649 1171 re

65 1187 180 1216 fortassis
192 1187 309 1216 uberior.
329 1190 390 1216 Huc
402 1187 500 1224 spestat
513 1197 619 1226 quoque
632 1186 745 1215 Terentii
757 1186 819 1214 illud
832 1187 860 1213 in
874 1186 986 1214 Andria:

318 1260 321 1261 ⁷
373 1229 447 1253 Hanc
460 1225 523 1253 mihi
536 1226 563 1252 in
577 1235 681 1252 manum
694 1225 740 1252 dat
748 1244 756 1253 ‚
775 1233 840 1250 mors
851 1224 965 1251 continuo
977 1223 1054 1258 ipsvm
1065 1230 1172 1257 occupat.

106 1263 206 1299 Igitur,
227 1272 284 1301 quae
296 1263 443 1298 coemptione
455 1263 482 1290 in
496 1263 677 1292 contrahendo
691 1262 868 1290 matrimonio
881 1262 977 1289 mulier
991 1262 1082 1289 mariti
1095 1263 1122 1289 in
1139 1269 1249 1288 manum
1264 1258 1430 1289 tradebatur,
1451 1258 1545 1286 eadem
1559 1256 1601 1286 illa
1614 1259 1643 1287 in

69 1301 236 1329 diss'olvendo
254 1301 485 1335 remamspabasur,
511 1301 563 1329 hoc
574 1302 610 1329 est
621 1322 628 1333 ‚
655 1310 737 1328 manu
749 1300 780 1327 ab
795 1309 829 1327 eo
841 1300 999 1328 reddebatur
1012 1320 1019 1329 .
1042 1300 1070 1326 in
1086 1300 1159 1335 cujus
1174 1307 1285 1326 manum
1299 1303 1468 1326 convenerat.
1508 1297 1645 1325 Caeterum

68 1339 112 1366 illa
133 1341 262 1376 conjugum
274 1339 402 1374 separatio
419 1339 460 1367 vel
476 1339 642 1367 matrimonii
655 1338 788 1366 diffolutio
802 1359 810 1371 ,
837 1337 977 1365 dii-ortium
991 1337 1127 1366 dicebatur
1142 1357 1148 1368 ‚
1175 1337 1208 1364 de
1224 1346 1278 1373 quo
1293 1334 1428 1362 Romulus
1441 1334 1528 1370 legem
1543 1335 1648 1362 tulerat.

66 1378 110 1404 Sic
131 1379 205 1405 enim
224 1376 314 1405 scribit
336 1377 462 1404 Plutarch.
503 1379 587 1414 Leges
600 1377 683 1404 etiam
698 1375 823 1413 quasdam
838 1376 898 1403 tulit
915 1375 1035 1402 Romulus
1046 1396 1059 1407 ,γ
1076 1376 1145 1403 inter
1158 1383 1221 1411 quas
1235 1374 1378 1401 vehemens
1392 1372 1427 1399 est
1441 1372 1498 1403 illa,
1520 1381 1571 1408 qua
1584 1381 1646 1399 mu-

26 1428 27 1431 *
66 1414 126 1442 lieri
151 1414 275 1442 maritum
300 1414 457 1453 relinquendi
482 1416 594 1451 potestas
619 1414 765 1441 adimitur:
792 1415 850 1441 viro
868 1422 958 1441 autem
979 1412 1062 1448 ejicere
1080 1422 1183 1439 uxorem
1203 1412 1358 1439 conceditur
1373 1431 1379 1441 ‚
1406 1410 1424 1437 fi
1443 1409 1558 1447 veneficio
1577 1413 1648 1438 circa

65 1453 171 1490 prolem
189 1452 232 1479 usa
246 1452 331 1480 fuisset
345 1473 352 1483 ,
377 1459 421 1479 aut
433 1451 544 1479 alienam
552 1462 598 1487 pro
601 1453 652 1486 fica
665 1451 816 1479 subdidisset
827 1472 836 1483 ,
863 1458 907 1478 aut
918 1450 1073 1477 adulterium
1088 1449 1259 1478 commifisset
1275 1460 1280 1476 z
1306 1449 1324 1475 fi
1340 1449 1397 1484 quis
1410 1447 1460 1475 alia
1474 1447 1507 1474 de
1520 1448 1593 1475 causa
1606 1457 1646 1474 re-

66 1490 193 1526 pudiaffet
207 1491 369 1527 conjugem,
393 1489 450 1525 ejus
465 1491 554 1517 mariti
567 1490 637 1517 bona
650 1490 748 1527 partim
761 1490 836 1517 uxori
851 1489 990 1520 cederent,
1012 1489 1111 1524 partim
1126 1488 1211 1514 Cereri
1224 1486 1293 1514 sacra
1305 1485 1407 1513 forent:
1430 1488 1456 1513 δε
1472 1485 1517 1521 qui
1531 1495 1645 1513 uxorem

67 1528 218 1559 dimififfiet,
239 1530 260 1556 is
273 1528 331 1555 Diis
344 1527 461 1555 mambae
474 1537 532 1555 rem
547 1527 645 1556 §acram
662 1527 768 1555 faceret.
801 1527 935 1555 Hactenus
949 1526 1076 1552 Plutarch.
1110 1527 1201 1562 Itaque
1212 1525 1303 1561 postea
1316 1532 1421 1559 quoque
1435 1524 1463 1550 in
1477 1532 1507 1549 xi
1518 1532 1539 1550 1.
1555 1523 1644 1550 Tabu-

67 1565 100 1594 lis
113 1564 251 1593 divortium
264 1566 315 1593 effe
326 1565 484 1602 permissiim
499 1587 507 1598 ‚
533 1576 565 1594 ex
579 1576 612 1594 eo
622 1566 684 1593 licet
696 1565 817 1601 suspicari
829 1585 836 1596 ,
867 1565 938 1601 quod
952 1565 1039 1601 inquit
1053 1562 1135 1590 Cice-ro
1150 1584 1158 1594 ,
1184 1564 1211 1591 in
1225 1562 1375 1599 Philippicis
1389 1562 1422 1588 de
1438 1563 1539 1588 Anton.
1568 1560 1646 1598 Frugi

62 1603 149 1639 sadi‘us
169 1603 206 1630 est
219 1624 227 1635 ‚
254 1604 370 1631 mimam
390 1603 460 1630 illam
477 1603 549 1631 suam
564 1604 619 1631 suas
632 1603 678 1631 fibi
693 1607 732 1631 re}
747 1603 843 1630 habere
857 1604 924 1630 dixit
936 1612 968 1629 ex
983 1612 1015 1629 xi
1026 1612 1045 1629 1.
1062 1601 1170 1629 Tabulis
1185 1622 1192 1633 ‚
1220 1600 1309 1628 claves
1320 1600 1421 1627 ademit
1438 1620 1446 1630 ,
1472 1599 1568 1635 exegit.
1610 1600 1645 1627 Et

71 1643 152 1675 Cujus
164 1641 196 1667 ad
210 1641 263 1677 leg.
276 1641 329 1678 Jul.
345 1643 378 1669 de
391 1641 471 1668 adult.
491 1643 517 1668 Si
530 1651 562 1669 ex
574 1643 632 1679 lege
645 1642 785 1677 repudium
800 1641 906 1668 missum
921 1649 975 1667 non
991 1640 1035 1671 fit,
1058 1642 1084 1668 &
1095 1641 1194 1668 idcirco
1209 1639 1306 1667 mulier
1320 1637 1406 1665 adhuc
1419 1645 1501 1672 nupta
1509 1637 1644 1667 videatur,

31 1675 40 1683 ⁶
68 1687 161 1707 tamen
175 1678 193 1705 fi
206 1688 264 1716 quis
279 1688 339 1707 earn
351 1687 465 1706 uxorem
478 1679 597 1709 duxerit,
616 1679 717 1705 adulter
729 1689 784 1706 non
795 1680 854 1706 erit.
877 1679 958 1715 Qod
973 1686 1063 1705 autem
1078 1678 1165 1715 inquit
1179 1679 1211 1705 de
1224 1676 1323 1711 repudio
1335 1686 1367 1703 ex
1383 1675 1441 1712 lege
1456 1673 1547 1705 misto,
1567 1673 1645 1711 figni-

70 1717 145 1748 ficat,
165 1726 228 1744 cum
249 1717 298 1744 alia
318 1718 416 1747 multa,
437 1724 497 1744 tum
521 1718 638 1744 maxime
652 1717 764 1744 diversas
775 1715 873 1750 repudii
884 1725 914 1743 ac
930 1715 1034 1742 divortii
1048 1716 1189 1745 formulas,
1209 1724 1288 1751 atque
1302 1714 1438 1741 solennem
1453 1711 1534 1748 ipsam
1551 1713 1643 1739 matri-

70 1756 157 1782 monii
176 1756 412 1783 renuntiationem.
451 1756 525 1782 Inter
543 1754 673 1788 repudium
684 1763 775 1782 autem
788 1774 796 1785 ‚
822 1756 849 1782 ὃ(
860 1753 999 1780 divortium
1013 1753 1077 1781 illud
1090 1753 1234 1781 interfuisse
1251 1752 1328 1779 Paulo
1345 1753 1371 1779 Sc
1384 1748 1519 1786 Molestt’no
1530 1748 1643 1786 placuit,

72 1793 143 1832 quod
163 1793 295 1828 repudium
306 1793 393 1828 sponfit
408 1793 592 1820 remitteretur
604 1811 613 1823 ‚
636 1792 775 1820 dit-artium
786 1801 841 1818 cum
855 1801 932 1818 uxore
946 1791 1029 1819 fieret.
1070 1793 1162 1829 Itaque
1176 1790 1273 1825 repudii
1284 1789 1400 1817 formula
1414 1788 1463 1815 fuit
1477 1797 1481 1813 :
1509 1787 1533 1813 C
1541 1797 1558 1814 0
1567 1796 1582 1813 s
1593 1798 1610 1814 D
1622 1798 1643 1815 1-

71 1843 89 1859 τ
103 1841 192 1859 ιοΝε
214 1841 285 1859 ‘rua
305 1841 373 1859 noi<
396 1840 500 1858 uron.
539 1828 673 1858 Divortii:
694 1841 753 1858 Res
775 1838 865 1858 TUAs
887 1840 903 1857 T
917 1840 972 1857 181
997 1839 1140 1857 nane-ro
1155 1851 1161 1861 ,
1182 1829 1232 1857 Vel
1253 1838 1310 1856 aes
1334 1835 1422 1854 Tuas
1445 1835 1532 1864 risui
1559 1836 1601 1853 AG
1616 1835 1641 1852 1-

72 1878 135 1897 τοι
161 1869 232 1905 quod
253 1871 279 1897 &
298 1869 381 1896 cicero
399 1868 460 1896 loco
480 1869 562 1895 citato
581 1867 754 1905 fignificavit,
781 1870 808 1896 &
827 1870 904 1902 Cujus
923 1877 979 1904 cap.
1001 1876 1023 1894 ι.
1042 1868 1076 1895 de
1094 1868 1191 1894 divort.
1210 1866 1327 1894 tradidit.
1368 1863 1534 1890 Renuntiatio
1553 1871 1643 1890 autem

71 1905 232 1934 matrimonii
244 1906 374 1941 ejusmodi
386 1906 435 1934 fuit
449 1927 458 1938 ,
486 1913 515 1933 ut
530 1907 569 1933 vir
581 1906 678 1937 uxori,
704 1914 748 1934 aut
761 1915 828 1933 uxor
843 1906 941 1934 marito
954 1925 961 1936 ,
987 1905 1029 1932 vel
1042 1904 1160 1941 praesenti
1175 1925 1182 1934 ‚
1208 1903 1250 1930 vel
1265 1901 1365 1929 absenti
1379 1901 1503 1928 nuntium
1522 1902 1643 1929 remitte-

72 1952 121 1972 ret.
163 1945 321 1981 Qauquam
339 1951 429 1972 autem
448 1942 587 1971 divortium
604 1943 662 1981 lege
680 1943 832 1971 concess'um
850 1952 906 1971 erat
918 1964 925 1974 ‚
951 1952 1034 1969 nemo
1054 1951 1146 1970 tamen
1163 1949 1223 1968 ante
1236 1949 1335 1967 annum
1353 1948 1416 1966 nxx.
1428 1937 1565 1965 dii-fortium
1579 1948 1643 1966 cum

73 1992 156 2010 uxore
170 1980 258 2009 fecisse
268 1981 428 2018 perhibetur.
468 1983 523 2021 Qi
536 1990 626 2010 autem
640 1982 742 2017 primus
754 1981 819 2008 fecit
831 2002 838 2012 ,
859 1983 880 2008 is
892 1985 918 2008 S.
932 1978 1059 2006 Caruilius
1074 1983 1147 2016 Ruga
1161 1979 1210 2006 fuit
1219 1999 1226 2009 ,
1247 1979 1291 2014 qui
1307 1979 1346 2004 M.
1364 1976 1528 2012 Pomponio,
1550 1978 1582 2004 C.
1596 1977 1643 2005 Pa-

72 2021 143 2057 pirio
154 2041 162 2052 ,
189 2018 250 2050 vel,
273 2027 304 2047 ut
317 2020 373 2047 aliis
386 2019 470 2055 placet
482 2041 489 2051 ‚
516 2022 555 2047 M.
569 2019 663 2048 Attifio
674 2040 681 2050 ,
708 2020 736 2046 P.
750 2019 839 2046 Valer.
854 2018 926 2046 Coss.
943 2018 1019 2045 uxori
1034 2026 1158 2044 nuntium
1174 2025 1244 2043 nova
1258 2016 1290 2042 de
1305 2013 1378 2042 causa
1391 2014 1492 2041 remifit
1508 2035 1515 2045 ‚
1543 2024 1642 2051 nempe

73 2058 145 2095 quod
166 2066 225 2085 eam
237 2056 350 2092 sterilem
369 2057 420 2085 effe
436 2059 557 2086 diceret:
581 2057 660 2093 leque
678 2057 880 2094 quaerendorum
900 2055 1045 2083 liberorum
1065 2053 1138 2081 caula
1158 2062 1271 2081 uxorem
1291 2052 1386 2079 habere
1405 2052 1526 2088 ejuraffet
1538 2073 1545 2083 ‚
1566 2060 1596 2080 ut
1614 2054 1642 2081 in

72 2094 183 2134 Di‘mfii
194 2115 202 2125 ‚
228 2094 322 2132 Agellii
333 2116 341 2127 ‚
367 2094 458 2123 Valerii
475 2094 588 2122 Maximi
608 2095 819 2123 Commentariis
830 2093 1011 2130 praescriptum
1026 2093 1156 2119 videmus.
1196 2094 1218 2119 A
1231 2100 1285 2127 quo
1297 2099 1421 2126 tempore
1433 2112 1440 2121 ,
1459 2098 1487 2117 ut
1499 2091 1587 2126 inquit
1601 2095 1642 2118 A·

67 2133 173 2172 gellius,
194 2134 233 2161 rei
247 2134 344 2161 uxoriae
357 2134 491 2161 cautiones
506 2134 602 2160 Romae
615 2132 760 2161 necessariae
773 2132 832 2160 sunt
844 2131 916 2163 viiie,
939 2140 1001 2158 cum
1016 2140 1077 2157 ante
1090 2130 1165 2157 nullae
1176 2129 1290 2157 fuiffent.
1328 2129 1395 2155 Inde
1408 2134 1498 2155 autem
1509 2128 1558 2155 illae
1572 2137 1644 2157 certe

74 2171 210 2199 fluxerunt
220 2192 228 2203 ‚
256 2172 329 2208 quod
347 2170 434 2199 soluto
452 2170 504 2199 hoc
525 2171 609 2198 modo
627 2169 787 2198 matrimonio
801 2171 895 2197 dotem
911 2169 986 2196 reddi
1001 2168 1141 2196 voluerunt
1155 2188 1161 2197 ‚
1189 2166 1234 2194 nifi
1251 2166 1314 2204 quid
1329 2166 1408 2193 causae
1421 2166 1549 2193 incideret
1562 2186 1569 2197 ,
1596 2177 1643 2194 cur

74 2210 212 2237 retinenda
231 2210 302 2237 estet.
341 2209 476 2246 Siquidem
497 2208 624 2245 scriptum
646 2210 681 2236 est
701 2209 770 2245 apud
790 2208 899 2234 Paulum
912 2207 943 2233 de
957 2205 1070 2232 dotibus:
1095 2207 1120 2232 Si
1132 2206 1280 2233 divortium
1294 2204 1348 2232 fine
1361 2204 1435 2240 culpa
1451 2204 1568 2231 mulieris
1583 2206 1643 2235 fiat,

74 2247 158 2274 dotem
175 2255 300 2284 mtegram
319 2247 403 2283 repeti
419 2257 424 2273 z
444 2246 463 2273 fi
483 2254 592 2278 contra,
611 2247 640 2274 in
659 2247 772 2283 singulos
791 2245 887 2273 liberos
905 2244 1004 2271 sextam
1020 2252 1120 2277 partem
1138 2243 1204 2270 dotis
1223 2243 1236 2270 ὲ
1256 2243 1354 2271 marito
1374 2246 1454 2279 ulque
1472 2242 1504 2269 ad
1524 2243 1644 2269 mediam

76 2286 131 2320 ejus
144 2293 249 2322 partem
262 2285 389 2313 duntaxat
402 2284 518 2312 retineri.
541 2284 621 2320 Qod
636 2292 712 2312 vetus
721 2285 870 2311 institutum
886 2282 961 2309 fuiffe
975 2289 1082 2317 apparet
1097 2291 1129 2308 ex
1144 2281 1228 2308 verbis
1242 2279 1375 2309 Ciceronis,
1395 2289 1452 2316 quae
1460 2279 1553 2307 suntin
1561 2282 1645 2316 Topi-

76 2323 121 2350 cis.
154 2324 181 2350 Si
192 2323 242 2350 viri
255 2322 331 2359 culpa
346 2322 447 2350 fastum
460 2323 496 2349 est
510 2320 662 2353 divortium,
681 2331 732 2358 pro
744 2321 833 2349 liberis
846 2329 954 2348 manere
970 2319 1034 2346 nihil
1046 2326 1163 2356 oportet.
1190 2319 1249 2346 Post
1264 2318 1443 2346 Carvilianum
1459 2326 1548 2345 autem
1561 2317 1647 2343 divor-

45 2384 47 2386 .
75 2360 142 2389 rium
155 2361 238 2400 vulgo
250 2362 286 2390 ita
299 2361 401 2389 dimitti
414 2369 508 2389 uxores
523 2367 677 2396 coeperunt,
697 2366 727 2388 ut
740 2361 821 2388 etiam
835 2358 888 2386 fine
902 2366 999 2395 magna
1012 2358 1162 2385 admodum
1175 2356 1249 2385 causa
1260 2357 1292 2385 ab
1307 2357 1338 2384 iis
1350 2356 1518 2384 discesserint.
1545 2354 1643 2382 panias

1013 2396 1056 2423 Iii
1079 2406 1091 2433 3
1592 2395 1651 2430 qui.
